{"gold_per_floor":[368,378,255,271,286,286,43,43,343,368,379,405,424,404,404,481,481,491,114,131,131,147,147,178,2,2,35,35,35,35,50,50,123,123,140,140,157,7,107,107,142,142,142,171,188,207,207,235,235,235],"floor_reached":51,"playtime":2100,"items_purged":["Normality","Strike_R","Strike_R","Decay"],"score":1470,"play_id":"469f7bc2-00cf-4781-9e97-82407a6f4297","local_time":"20190418103430","is_ascension_mode":true,"campfire_choices":[{"data":"Bash","floor":6.0,"key":"SMITH"},{"data":"Juggernaut","floor":8.0,"key":"SMITH"},{"data":"True Grit","floor":15.0,"key":"SMITH"},{"floor":23.0,"key":"REST"},{"data":"Barricade","floor":29.0,"key":"SMITH"},{"floor":32.0,"key":"REST"},{"floor":40.0,"key":"REST"},{"floor":42.0,"key":"REST"},{"floor":49,"key":"REST"}],"neow_cost":"CURSE","seed_source_timestamp":7446282536004,"circlet_count":0,"master_deck":["AscendersBane","Strike_R","Defend_R","Defend_R","Defend_R","Defend_R","Bash+1","Pommel Strike","Sword Boomerang","Anger","Juggernaut+1","Bludgeon","Inflame","True Grit+1","Battle Trance","Barricade+1","Headbutt","Shrug It Off","Havoc","Thunderclap+1","Body Slam","Shrug It Off","Disarm+1","True Grit+1","Limit Break+1","Feel No Pain","Shrug It Off+1","True Grit+1","Shrug It Off+1","Warcry+1","Heavy Blade+1","Spot Weakness+1"],"special_seed":0,"relics":["Burning Blood","Mummified Hand","Old Coin","Champion Belt","Boot","Cursed Key","PreservedInsect","Question Card","Bag of Preparation","Toxic Egg 2","Empty Cage","Du-Vu Doll","FossilizedHelix","Art of War","Centennial Puzzle"],"potions_floor_usage":[50],"damage_taken":[{"damage":1.0,"enemies":"Cultist","floor":1.0,"turns":3.0},{"damage":9.0,"enemies":"Small Slimes","floor":2.0,"turns":5.0},{"damage":7.0,"enemies":"2 Louse","floor":4.0,"turns":3.0},{"damage":25.0,"enemies":"Large Slime","floor":5.0,"turns":6.0},{"damage":20.0,"enemies":"Lagavulin","floor":10.0,"turns":6.0},{"damage":7.0,"enemies":"Exordium Wildlife","floor":11.0,"turns":3.0},{"damage":25.0,"enemies":"3 Sentries","floor":12.0,"turns":6.0},{"damage":9.0,"enemies":"Blue Slaver","floor":13.0,"turns":3.0},{"damage":27.0,"enemies":"Hexaghost","floor":16.0,"turns":8.0},{"damage":15.0,"enemies":"3 Byrds","floor":18.0,"turns":5.0},{"damage":20.0,"enemies":"Shell Parasite","floor":20.0,"turns":5.0},{"damage":44.0,"enemies":"3 Cultists","floor":22.0,"turns":6.0},{"damage":0.0,"enemies":"Gremlin Leader","floor":24.0,"turns":4.0},{"damage":13.0,"enemies":"Slavers","floor":27.0,"turns":3.0},{"damage":9.0,"enemies":"Centurion and Healer","floor":31.0,"turns":6.0},{"damage":32.0,"enemies":"Champ","floor":33.0,"turns":11.0},{"damage":19.0,"enemies":"Orb Walker","floor":35.0,"turns":4.0},{"damage":28.0,"enemies":"3 Darklings","floor":37.0,"turns":7.0},{"damage":0.0,"enemies":"Mind Bloom Boss Battle","floor":39.0,"turns":8.0},{"damage":24.0,"enemies":"Nemesis","floor":41.0,"turns":7.0},{"damage":24.0,"enemies":"Giant Head","floor":44.0,"turns":8.0},{"damage":0.0,"enemies":"Maw","floor":45.0,"turns":6.0},{"damage":9.0,"enemies":"Spire Growth","floor":46.0,"turns":5.0},{"damage":25,"enemies":"Reptomancer","floor":48,"turns":6},{"damage":61,"enemies":"Donu and Deca","floor":50,"turns":9}],"seed_played":"6497138858790448291","potions_obtained":[{"floor":5.0,"key":"Fire Potion"},{"floor":11.0,"key":"PowerPotion"},{"floor":12.0,"key":"Dexterity Potion"},{"floor":14.0,"key":"Regen Potion"},{"floor":24.0,"key":"LiquidBronze"},{"floor":27.0,"key":"Weak Potion"},{"floor":31.0,"key":"EntropicBrew"},{"floor":37.0,"key":"SneckoOil"},{"floor":44.0,"key":"Regen Potion"},{"floor":46.0,"key":"FearPotion"}],"is_trial":false,"path_per_floor":["M","M","$","M","M","R","$","R","T","E","M","E","M","?","R","B",null,"M","$","M","T","M","R","E","$","T","E","?","R","$","M","R","B",null,"M","?","M","$","?","R","E","R","T","E","M","M","?","E","R","B",null],"character_chosen":"IRONCLAD","items_purchased":["Poison Potion","Mummified Hand","PreservedInsect","Shrug It Off","Regen Potion","Shrug It Off"],"campfire_rested":5,"item_purchase_floors":[3,7,19,19,19,25],"current_hp_per_floor":[73,70,70,69,50,50,50,50,50,36,35,16,13,13,13,7,58,49,49,35,35,12,34,40,40,40,33,33,33,33,30,52,26,63,50,50,28,28,34,56,38,60,60,42,63,60,60,41,63,8],"gold":235,"neow_bonus":"TWO_FIFTY_GOLD","is_prod":false,"is_daily":false,"chose_seed":false,"campfire_upgraded":4,"win_rate":0,"timestamp":1555608870,"path_taken":["M","M","?","M","?","R","$","R","T","E","M","E","M","?","R","BOSS","M","$","?","?","M","R","E","$","T","E","?","R","$","M","R","BOSS","M","?","M","$","?","R","E","R","T","E","M","M","?","E","R","BOSS"],"build_version":"2019-01-23","purchased_purges":4,"victory":true,"max_hp_per_floor":[75,75,75,75,75,75,75,75,75,75,75,75,75,75,75,75,75,75,75,75,75,75,75,75,75,75,75,75,75,75,75,75,75,75,75,75,75,75,75,75,75,75,75,75,75,75,75,75,75,75],"card_choices":[{"not_picked":["Perfected Strike","Twin Strike"],"picked":"Pommel Strike","floor":1.0},{"not_picked":["Dual Wield","Power Through"],"picked":"Sword Boomerang","floor":2.0},{"not_picked":["Cleave","Entrench"],"picked":"Anger","floor":4.0},{"not_picked":["Body Slam","Perfected Strike"],"picked":"Juggernaut","floor":5.0},{"not_picked":["Clash","Intimidate"],"picked":"Bludgeon","floor":10.0},{"not_picked":["Ghostly Armor","Thunderclap"],"picked":"Inflame","floor":11.0},{"not_picked":["Seeing Red","Thunderclap"],"picked":"True Grit","floor":12.0},{"not_picked":["Anger","Twin Strike"],"picked":"Battle Trance","floor":13.0},{"not_picked":["Limit Break","Offering"],"picked":"Barricade","floor":16.0},{"not_picked":["Flex","Dual Wield"],"picked":"Headbutt","floor":18.0},{"not_picked":["Wild Strike","Burning Pact"],"picked":"Havoc","floor":20.0},{"not_picked":["Warcry","Armaments+1","Cleave"],"picked":"Thunderclap+1","floor":22.0},{"not_picked":["Headbutt","Pommel Strike","Second Wind"],"picked":"Body Slam","floor":24.0},{"not_picked":["Fiend Fire","Whirlwind","Anger"],"picked":"Disarm","floor":27.0},{"not_picked":["Reckless Charge","Flex+1","Twin Strike"],"picked":"True Grit+1","floor":31.0},{"not_picked":["Brutality","Offering+1","Berserk"],"picked":"Limit Break+1","floor":33.0},{"not_picked":["Bloodletting+1","Cleave+1","Iron Wave"],"picked":"Feel No Pain","floor":35.0},{"not_picked":["Intimidate+1","Anger","Cleave"],"picked":"Shrug It Off+1","floor":37.0},{"not_picked":["Fire Breathing","Headbutt","Twin Strike"],"picked":"True Grit+1","floor":39.0},{"not_picked":["Pummel+1","Iron Wave","Uppercut"],"picked":"Shrug It Off+1","floor":41.0},{"not_picked":["Clash","Iron Wave","Armaments+1"],"picked":"Warcry+1","floor":44.0},{"not_picked":["Bludgeon","Warcry+1","Hemokinesis"],"picked":"Heavy Blade+1","floor":45.0},{"not_picked":["Heavy Blade","Wild Strike","Twin Strike","Carnage"],"picked":"SKIP","floor":46.0},{"not_picked":["Pommel Strike","Headbutt+1","Berserk"],"picked":"Spot Weakness+1","floor":48}],"player_experience":2463396,"relics_obtained":[{"floor":9.0,"key":"Old Coin"},{"floor":10.0,"key":"Champion Belt"},{"floor":12.0,"key":"Boot"},{"floor":21.0,"key":"Question Card"},{"floor":24.0,"key":"Bag of Preparation"},{"floor":27.0,"key":"Toxic Egg 2"},{"floor":39.0,"key":"Du-Vu Doll"},{"floor":41.0,"key":"FossilizedHelix"},{"floor":44.0,"key":"Art of War"},{"floor":48,"key":"Centennial Puzzle"}],"event_choices":[{"damage_healed":0.0,"max_hp_gain":0.0,"max_hp_loss":0.0,"gold_gain":0.0,"event_name":"The Woman in Blue","player_choice":"Bought 1 Potion","floor":14.0,"gold_loss":0.0,"damage_taken":0.0},{"damage_healed":0.0,"max_hp_gain":0.0,"max_hp_loss":0.0,"gold_gain":0.0,"event_name":"Vampires","player_choice":"Ignored","floor":28.0,"gold_loss":0.0,"damage_taken":0.0},{"damage_healed":0.0,"max_hp_gain":0.0,"max_hp_loss":0.0,"gold_gain":0.0,"event_name":"Tomb of Lord Red Mask","player_choice":"Ignored","floor":36.0,"gold_loss":0.0,"damage_taken":0.0},{"damage_healed":0.0,"max_hp_gain":0.0,"max_hp_loss":0.0,"gold_gain":0.0,"event_name":"MindBloom","player_choice":"Fight","floor":39.0,"gold_loss":0.0,"damage_taken":0.0},{"damage_healed":0,"gold_gain":0,"player_choice":"Ignored","damage_taken":0,"max_hp_gain":0,"max_hp_loss":0,"event_name":"Mysterious Sphere","floor":47,"gold_loss":0}],"is_beta":false,"boss_relics":[{"not_picked":["Black Blood","Ectoplasm"],"picked":"Cursed Key"},{"not_picked":["Velvet Choker","Calling Bell"],"picked":"Empty Cage"}],"items_purged_floors":[3,19,25,38],"is_endless":false,"potions_floor_spawned":[5,11,12,13,24,27,31,37,44,46],"ascension_level":15}