{"gold_per_floor":[159,169,68,87,104,104,104,104,104,104,124,124,124,151,151,226,226,242,242],"floor_reached":19,"playtime":643,"items_purged":["Defend_G"],"score":284,"play_id":"63f6700f-ffd6-4912-be9d-43a1bf915bd0","local_time":"20190126143512","is_ascension_mode":true,"campfire_choices":[{"data":"Envenom","floor":6,"key":"SMITH"},{"data":"Deadly Poison","floor":8,"key":"SMITH"},{"data":"Blade Dance","floor":10,"key":"SMITH"},{"data":"Blade Dance","floor":12,"key":"SMITH"},{"data":"Accuracy","floor":15,"key":"SMITH"}],"neow_cost":"NONE","seed_source_timestamp":502768032942903,"circlet_count":0,"master_deck":["AscendersBane","Defend_G","Defend_G","Defend_G","Defend_G+1","Strike_G+1","Strike_G","Strike_G","Strike_G","Strike_G","Survivor","Neutralize","Deadly Poison+1","Dodge and Roll+1","Envenom+1","Blade Dance+1","Dagger Spray","Dagger Spray","Blade Dance+1","Accuracy+1","A Thousand Cuts","Blade Dance"],"relics":["Tiny House","Sundial","Blood Vial","Vajra","Fusion Hammer"],"potions_floor_usage":[4,14,16],"damage_taken":[{"damage":0,"enemies":"Jaw Worm","floor":1,"turns":5},{"damage":2,"enemies":"2 Louse","floor":2,"turns":2},{"damage":3,"enemies":"Small Slimes","floor":4,"turns":3},{"damage":0,"enemies":"3 Louse","floor":5,"turns":2},{"damage":6,"enemies":"Looter","floor":11,"turns":3},{"damage":10,"enemies":"Lagavulin","floor":14,"turns":7},{"damage":23,"enemies":"Slime Boss","floor":16,"turns":8},{"damage":20,"enemies":"3 Byrds","floor":18,"turns":4},{"damage":23,"enemies":"Colosseum Slavers","floor":19,"turns":2},{"damage":32,"enemies":"Colosseum Nobs","floor":19,"turns":3}],"seed_played":"3813455423975417126","potions_obtained":[{"floor":0,"key":"Ancient Potion"},{"floor":1,"key":"Fire Potion"},{"floor":2,"key":"Dexterity Potion"},{"floor":4,"key":"Strength Potion"},{"floor":14,"key":"Strength Potion"}],"is_trial":false,"path_per_floor":["M","M","$","M","M","R","?","R","T","R","M","R","?","E","R","B",null,"M","?"],"character_chosen":"THE_SILENT","items_purchased":["Blade Dance"],"campfire_rested":0,"item_purchase_floors":[3],"current_hp_per_floor":[64,62,62,59,59,59,52,52,52,52,48,48,34,26,26,5,55,37,0],"gold":242,"neow_bonus":"BOSS_RELIC","is_prod":false,"is_daily":false,"chose_seed":false,"campfire_upgraded":5,"win_rate":0,"timestamp":1548509712,"path_taken":["M","M","$","M","M","R","?","R","T","R","M","R","?","E","R","BOSS","M","?"],"build_version":"2019-01-23","purchased_purges":1,"victory":false,"max_hp_per_floor":[71,71,71,71,71,71,71,71,71,71,71,71,71,71,71,71,71,71,71],"card_choices":[{"not_picked":["Dagger Spray","Leg Sweep"],"picked":"Deadly Poison","floor":0},{"not_picked":["Sucker Punch","Reflex"],"picked":"Dodge and Roll","floor":1},{"not_picked":["Tactician","Bane"],"picked":"Envenom","floor":2},{"not_picked":["Backflip","Underhanded Strike"],"picked":"Dagger Spray","floor":4},{"not_picked":["Dagger Throw","Bane"],"picked":"Dagger Spray","floor":5},{"not_picked":["Flying Knee","Slice"],"picked":"Blade Dance","floor":11},{"not_picked":["Deflect","Phantasmal Killer"],"picked":"Accuracy","floor":14},{"not_picked":["Glass Knife","Grand Finale"],"picked":"A Thousand Cuts","floor":16},{"not_picked":["Outmaneuver","Concentrate"],"picked":"Blade Dance","floor":18}],"player_experience":474560,"relics_obtained":[{"floor":9,"key":"Blood Vial"},{"floor":14,"key":"Vajra"}],"event_choices":[{"damage_healed":0,"gold_gain":0,"player_choice":"Success","damage_taken":7,"relics_obtained":["Sundial"],"max_hp_gain":0,"max_hp_loss":0,"event_name":"Scrap Ooze","floor":7,"gold_loss":0},{"damage_healed":0,"gold_gain":0,"player_choice":"Entered Light","damage_taken":14,"max_hp_gain":0,"max_hp_loss":0,"event_name":"Shining Light","floor":13,"gold_loss":0,"cards_upgraded":["Dodge and Roll","Defend_G"]},{"damage_healed":0,"gold_gain":0,"player_choice":"Fight","damage_taken":0,"max_hp_gain":0,"max_hp_loss":0,"event_name":"Colosseum","floor":19,"gold_loss":0},{"damage_healed":0,"gold_gain":0,"player_choice":"Fought Nobs","damage_taken":0,"max_hp_gain":0,"max_hp_loss":0,"event_name":"Colosseum","floor":19,"gold_loss":0}],"is_beta":false,"boss_relics":[{"not_picked":["Orrery","Astrolabe"],"picked":"Fusion Hammer"}],"items_purged_floors":[3],"is_endless":false,"potions_floor_spawned":[1,2,4,11,14],"killed_by":"Colosseum Nobs","ascension_level":14}