{"gold_per_floor":[210,210,220,237,11,11,43,43,69,34,46,60,60,86,86,86],"floor_reached":16,"playtime":484,"items_purged":[],"score":220,"play_id":"0eacf784-cd0a-4990-b963-c031dc2c1dba","local_time":"20181008192519","is_ascension_mode":true,"campfire_choices":[{"data":"Armaments","floor":6,"key":"SMITH"},{"data":"Bash","floor":8,"key":"SMITH"},{"floor":15,"key":"REST"}],"neow_cost":"NONE","seed_source_timestamp":42319026957710,"circlet_count":0,"master_deck":["Strike_R","Strike_R","Strike_R","Strike_R","Defend_R","Defend_R","Defend_R","Defend_R","Bash+1","AscendersBane","Shrug It Off","Anger","Armaments+1","Corruption","Headbutt","Havoc","Clothesline"],"relics":["Burning Blood","Centennial Puzzle","Orichalcum","Regal Pillow","Bottled Tornado"],"potions_floor_usage":[7,14],"damage_taken":[{"damage":19,"enemies":"Small Slimes","floor":1,"turns":5},{"damage":14,"enemies":"Jaw Worm","floor":3,"turns":4},{"damage":0,"enemies":"Cultist","floor":4,"turns":2},{"damage":31,"enemies":"Gremlin Nob","floor":7,"turns":4},{"damage":6,"enemies":"Looter","floor":11,"turns":3},{"damage":13,"enemies":"Large Slime","floor":12,"turns":5},{"damage":20,"enemies":"3 Sentries","floor":14,"turns":9},{"damage":63,"enemies":"Slime Boss","floor":16,"turns":9}],"seed_played":"-8080920530324213407","potions_obtained":[{"floor":3,"key":"SteroidPotion"},{"floor":12,"key":"Strength Potion"}],"is_trial":false,"path_per_floor":["M","?","M","M","$","R","E","R","T","?","M","M","?","E","R"],"character_chosen":"IRONCLAD","items_purchased":["Armaments","Centennial Puzzle"],"campfire_rested":1,"item_purchase_floors":[5,5],"current_hp_per_floor":[55,55,47,53,53,53,28,28,28,46,46,39,39,25,62,0],"gold":86,"neow_bonus":"HUNDRED_GOLD","is_prod":false,"is_daily":false,"chose_seed":false,"campfire_upgraded":2,"win_rate":0,"timestamp":1539051919,"path_taken":["M","?","M","?","$","R","E","R","T","?","M","?","?","E","R","BOSS"],"build_version":"2018-10-04v2","purchased_purges":0,"victory":false,"max_hp_per_floor":[75,75,75,75,75,75,75,75,75,75,75,75,75,75,75,75],"card_choices":[{"not_picked":["Havoc","Perfected Strike"],"picked":"Shrug It Off","floor":1},{"not_picked":["Sever Soul","True Grit"],"picked":"Anger","floor":3},{"not_picked":["True Grit","Ghostly Armor","Havoc"],"picked":"SKIP","floor":4},{"not_picked":["Whirlwind","Bloodletting"],"picked":"Corruption","floor":7},{"not_picked":["Sever Soul","Carnage"],"picked":"Headbutt","floor":11},{"not_picked":["Wild Strike","Cleave"],"picked":"Havoc","floor":12},{"not_picked":["Heavy Blade","Berserk"],"picked":"Clothesline","floor":14}],"player_experience":1305876,"relics_obtained":[{"floor":7,"key":"Orichalcum"},{"floor":9,"key":"Regal Pillow"},{"floor":14,"key":"Bottled Tornado"}],"event_choices":[{"event_name":"Shining Light","player_choice":"Ignored","floor":2,"damage_taken":0},{"event_name":"The Cleric","player_choice":"Healed","floor":10,"damage_taken":0},{"event_name":"Purifier","player_choice":"One Purge","floor":13,"damage_taken":0}],"is_beta":false,"boss_relics":[],"items_purged_floors":[],"is_endless":false,"potions_floor_spawned":[3,12],"killed_by":"Slime Boss","ascension_level":20}