{"gold_per_floor":[15,32,32,32,47,77,93,93,93,113,148,148,164,164],"floor_reached":14,"playtime":594,"items_purged":[],"score":204,"play_id":"5bff0cc2-dda0-4d86-8a2e-18545f00fb89","local_time":"20181209193820","is_ascension_mode":true,"campfire_choices":[{"floor":8,"key":"REST"},{"data":"Sunder","floor":12,"key":"SMITH"}],"neow_cost":"NO_GOLD","seed_source_timestamp":166967041777,"circlet_count":0,"master_deck":["AscendersBane","Strike_B","Strike_B","Strike_B","Defend_B","Defend_B","Defend_B","Zap","Dualcast","Reinforced Body","Compile Driver","Doom and Gloom+1","Redo","Core Surge","Echo Form","Sunder+1","Biased Cognition"],"special_seed":0,"relics":["Cracked Core","Ornamental Fan","Singing Bowl","PreservedInsect"],"potions_floor_usage":[6,11,11,14],"damage_taken":[{"damage":5.0,"enemies":"Small Slimes","floor":1.0,"turns":4.0},{"damage":0.0,"enemies":"2 Louse","floor":2.0,"turns":2.0},{"damage":6.0,"enemies":"Cultist","floor":5.0,"turns":3.0},{"damage":36,"enemies":"3 Sentries","floor":6,"turns":10},{"damage":8,"enemies":"Blue Slaver","floor":7,"turns":3},{"damage":7,"enemies":"Looter","floor":10,"turns":3},{"damage":8,"enemies":"Gremlin Nob","floor":11,"turns":3},{"damage":16,"enemies":"Exordium Thugs","floor":13,"turns":3},{"damage":10,"enemies":"3 Sentries","floor":14,"turns":1}],"seed_played":"4516186896660891187","potions_obtained":[{"floor":1.0,"key":"Energy Potion"},{"floor":7,"key":"Explosive Potion"},{"floor":10,"key":"Ancient Potion"},{"floor":13,"key":"Dexterity Potion"}],"is_trial":false,"path_per_floor":["M","M","?","?","M","E","M","R","T","M","E","R","M","E"],"character_chosen":"DEFECT","items_purchased":[],"campfire_rested":1,"item_purchase_floors":[],"current_hp_per_floor":[59,59,59,59,53,17,11,32,32,25,17,17,3,0],"gold":164,"neow_bonus":"TRANSFORM_TWO_CARDS","is_prod":false,"is_daily":false,"chose_seed":false,"campfire_upgraded":1,"win_rate":0,"timestamp":1544355500,"path_taken":["M","M","?","?","M","E","M","R","T","?","E","R","M","E"],"build_version":"2018-12-06","purchased_purges":0,"victory":false,"max_hp_per_floor":[71,71,71,71,71,71,73,73,73,73,73,73,75,75],"card_choices":[{"not_picked":["Cold Snap","Hologram"],"picked":"Doom and Gloom","floor":1.0},{"not_picked":["Beam Cell","Barrage"],"picked":"Redo","floor":2.0},{"not_picked":["Static Discharge","Coolheaded"],"picked":"Core Surge","floor":5.0},{"not_picked":["Hologram","Cold Snap"],"picked":"Echo Form","floor":6},{"not_picked":["Rebound","BootSequence","Beam Cell"],"picked":"Singing Bowl","floor":7},{"not_picked":["Redo","Turbo"],"picked":"Sunder","floor":10},{"not_picked":["Coolheaded","Recycle"],"picked":"Biased Cognition","floor":11},{"not_picked":["Lockon","Stack","Sweeping Beam"],"picked":"Singing Bowl","floor":13}],"player_experience":2334699,"relics_obtained":[{"floor":4.0,"key":"Ornamental Fan"},{"floor":6,"key":"Singing Bowl"},{"floor":11,"key":"PreservedInsect"}],"event_choices":[{"damage_healed":0.0,"max_hp_gain":0.0,"max_hp_loss":0.0,"gold_gain":0.0,"event_name":"Living Wall","player_choice":"Grow","floor":3.0,"gold_loss":0.0,"damage_taken":0.0,"cards_upgraded":["Doom and Gloom"]},{"damage_healed":0.0,"max_hp_gain":0.0,"max_hp_loss":0.0,"gold_gain":0.0,"event_name":"Wheel of Change","player_choice":"Relic","floor":4.0,"gold_loss":0.0,"damage_taken":0.0}],"is_beta":false,"boss_relics":[],"items_purged_floors":[],"is_endless":false,"potions_floor_spawned":[1,7,10,13],"killed_by":"3 Sentries","ascension_level":20}