{"gold_per_floor":[111,125,145,145,156,156,256,267,337,337,351,351,369,42,42,143,143,158,172,92,72,72],"floor_reached":22,"playtime":1719,"items_purged":["Regret","Strike_R"],"score":214,"play_id":"10dd6e9b-c14b-47a8-b60d-cbed455973f4","local_time":"20190411125019","is_ascension_mode":true,"campfire_choices":[{"data":"Fire Breathing","floor":6,"key":"SMITH"},{"floor":12,"key":"REST"},{"floor":15,"key":"REST"}],"neow_cost":"CURSE","seed_source_timestamp":5085134751723,"circlet_count":0,"master_deck":["Strike_R","Strike_R","Strike_R","Strike_R","Defend_R","Defend_R","Defend_R","Bash","Dark Shackles","Violence","Shrug It Off","Body Slam","Pommel Strike","Fire Breathing+1","Cleave","Shrug It Off","Fire Breathing","Inflame","The Bomb","Backflip"],"special_seed":0,"relics":["Burning Blood","Pocketwatch","Pear","The Courier","PrismaticShard","Empty Cage"],"potions_floor_usage":[16,16],"damage_taken":[{"damage":1.0,"enemies":"Small Slimes","floor":1.0,"turns":3.0},{"damage":8.0,"enemies":"2 Louse","floor":2.0,"turns":3.0},{"damage":8,"enemies":"Cultist","floor":3,"turns":4},{"damage":8,"enemies":"Exordium Wildlife","floor":5,"turns":5},{"damage":24,"enemies":"Gremlin Gang","floor":8,"turns":6},{"damage":19,"enemies":"Lots of Slimes","floor":11,"turns":4},{"damage":11,"enemies":"Blue Slaver","floor":13,"turns":4},{"damage":20,"enemies":"The Guardian","floor":16,"turns":16},{"damage":45,"enemies":"Spheric Guardian","floor":18,"turns":7},{"damage":17,"enemies":"Shell Parasite","floor":19,"turns":6},{"damage":46,"enemies":"3 Cultists","floor":22,"turns":5}],"seed_played":"-2207708197158779223","potions_obtained":[{"floor":3,"key":"Strength Potion"},{"floor":8,"key":"LiquidBronze"},{"floor":13,"key":"Dexterity Potion"},{"floor":18,"key":"EssenceOfSteel"},{"floor":21,"key":"PowerPotion"}],"is_trial":false,"path_per_floor":["M","M","M","?","M","R","?","M","T","T","M","R","M","$","R","B",null,"M","M","$","?","M"],"character_chosen":"IRONCLAD","items_purchased":["Fire Breathing","Inflame","PrismaticShard"],"campfire_rested":2,"item_purchase_floors":[14,14,14],"current_hp_per_floor":[80,78,76,76,74,74,74,56,66,66,53,80,75,75,90,76,90,51,40,40,40,0],"gold":72,"neow_bonus":"RANDOM_COLORLESS_2","is_prod":false,"is_daily":false,"chose_seed":false,"campfire_upgraded":1,"win_rate":0,"timestamp":1554983419,"path_taken":["M","M","M","?","M","R","?","?","T","?","M","R","?","$","R","BOSS","M","M","?","?","?"],"build_version":"2019-01-23","purchased_purges":2,"victory":false,"max_hp_per_floor":[80,80,80,80,80,80,80,80,90,90,90,90,90,90,90,90,90,90,90,90,90,90],"card_choices":[{"not_picked":["Iron Wave","Pommel Strike"],"picked":"Shrug It Off","floor":1.0},{"not_picked":["Iron Wave","Dark Embrace"],"picked":"Body Slam","floor":2.0},{"not_picked":["Hemokinesis","Body Slam"],"picked":"Pommel Strike","floor":3},{"not_picked":["True Grit","Perfected Strike"],"picked":"Fire Breathing","floor":5},{"not_picked":["Corruption","Iron Wave"],"picked":"Cleave","floor":8},{"not_picked":["Hemokinesis","Havoc","Blood for Blood"],"picked":"SKIP","floor":11},{"not_picked":["Headbutt","Body Slam"],"picked":"Shrug It Off","floor":13},{"not_picked":["Exhume","Thinking Ahead"],"picked":"The Bomb","floor":16},{"not_picked":["Barrage","Gash+1","Clothesline"],"picked":"SKIP","floor":18},{"not_picked":["Burning Pact","Scrape"],"picked":"Backflip","floor":19}],"player_experience":570104,"relics_obtained":[{"floor":9,"key":"Pear"},{"floor":10,"key":"The Courier"}],"event_choices":[{"damage_healed":0,"gold_gain":0,"player_choice":"Box","damage_taken":0,"relics_obtained":["Pocketwatch"],"max_hp_gain":0,"max_hp_loss":0,"event_name":"Big Fish","floor":4,"gold_loss":0,"cards_obtained":["Regret"]},{"damage_healed":0,"gold_gain":100,"player_choice":"Pray","damage_taken":0,"max_hp_gain":0,"max_hp_loss":0,"event_name":"Golden Shrine","floor":7,"gold_loss":0},{"damage_healed":0,"gold_gain":0,"player_choice":"Bought 1 Potion","damage_taken":0,"max_hp_gain":0,"max_hp_loss":0,"event_name":"The Woman in Blue","floor":21,"gold_loss":0}],"is_beta":false,"boss_relics":[{"not_picked":["Eternal Feather","Tiny House"],"picked":"Empty Cage"}],"items_purged_floors":[14,20],"is_endless":false,"potions_floor_spawned":[3,8,13,18],"killed_by":"3 Cultists","ascension_level":4}