{"gold_per_floor":[111,122,197,25,25,25,1,33,33,33,60,72,82,101,101,178,178,197,211,211,224,235,235,270,270,270,280,310,310,310,310],"floor_reached":31,"playtime":1164,"items_purged":["Strike_B"],"score":630,"play_id":"f1bcc31a-ad5f-45e2-8471-f249a80dbe56","local_time":"20190324232223","is_ascension_mode":true,"campfire_choices":[{"data":"Sunder","floor":6.0,"key":"SMITH"},{"floor":10.0,"key":"REST"},{"data":"Loop","floor":15.0,"key":"SMITH"},{"floor":23.0,"key":"REST"},{"floor":25.0,"key":"REST"}],"neow_cost":"PERCENT_DAMAGE","seed_source_timestamp":0,"circlet_count":0,"master_deck":["AscendersBane","Strike_B","Defend_B","Defend_B","Defend_B","Zap","Dualcast","Sunder+1","Machine Learning","Turbo","Loop+1","Cold Snap","Compile Driver","Redo+1","Self Repair","Conserve Battery+1","Hologram+1","Electrodynamics","Consume+1","Defragment+1","Leap+1","Cold Snap","Undo+1"],"special_seed":0,"relics":["Cracked Core","Toxic Egg 2","Pantograph","Bag of Marbles","Cursed Key","Singing Bowl","Centennial Puzzle"],"potions_floor_usage":[],"damage_taken":[{"damage":1.0,"enemies":"Cultist","floor":1.0,"turns":3.0},{"damage":9.0,"enemies":"Small Slimes","floor":2.0,"turns":3.0},{"damage":13.0,"enemies":"Lagavulin","floor":8.0,"turns":6.0},{"damage":0.0,"enemies":"Gremlin Nob","floor":11.0,"turns":2.0},{"damage":5.0,"enemies":"2 Louse","floor":12.0,"turns":3.0},{"damage":11.0,"enemies":"Large Slime","floor":13.0,"turns":4.0},{"damage":2.0,"enemies":"2 Fungi Beasts","floor":14.0,"turns":2.0},{"damage":0.0,"enemies":"The Guardian","floor":16.0,"turns":11.0},{"damage":4.0,"enemies":"3 Byrds","floor":18.0,"turns":3.0},{"damage":7.0,"enemies":"Chosen","floor":19.0,"turns":4.0},{"damage":19.0,"enemies":"Snake Plant","floor":21.0,"turns":2.0},{"damage":16.0,"enemies":"Snecko","floor":22.0,"turns":4.0},{"damage":25.0,"enemies":"Book of Stabbing","floor":24.0,"turns":5.0},{"damage":5.0,"enemies":"Shelled Parasite and Fungi","floor":27.0,"turns":6.0},{"damage":47.0,"enemies":"Gremlin Leader","floor":28.0,"turns":5.0},{"damage":6,"enemies":"Colosseum Slavers","floor":29,"turns":4},{"damage":17,"enemies":"Snake Plant","floor":31,"turns":1}],"seed_played":"1496726654708454816","potions_obtained":[{"floor":2.0,"key":"Poison Potion"},{"floor":13.0,"key":"Fire Potion"},{"floor":14.0,"key":"LiquidBronze"},{"floor":16.0,"key":"FocusPotion"},{"floor":19.0,"key":"FocusPotion"},{"floor":21.0,"key":"Swift Potion"},{"floor":27.0,"key":"Strength Potion"}],"is_trial":false,"path_per_floor":["M","M","?","$","?","R","$","E","T","R","E","M","M","M","R","B",null,"M","M","?","M","M","R","E","R","T","M","E","?","?","M"],"character_chosen":"DEFECT","items_purchased":["Cold Snap","Fire Potion","Compile Driver"],"campfire_rested":3,"item_purchase_floors":[4,4,7],"current_hp_per_floor":[45,36,25,25,25,25,25,12,12,33,33,35,31,29,29,61,69,71,71,51,32,23,45,22,45,45,49,9,10,10,0],"gold":310,"neow_bonus":"TRANSFORM_TWO_CARDS","is_prod":false,"is_daily":false,"chose_seed":true,"campfire_upgraded":2,"win_rate":0,"timestamp":1553440943,"path_taken":["M","?","?","$","?","R","$","E","T","R","E","M","M","?","R","BOSS","M","?","?","M","M","R","E","R","T","M","E","?","?","M"],"build_version":"2019-03-15","purchased_purges":1,"victory":false,"max_hp_per_floor":[71,71,71,71,71,71,71,71,71,71,71,71,71,71,71,71,71,71,71,76,76,76,76,78,78,78,80,80,80,80,80],"card_choices":[{"not_picked":["Compile Driver","Stack"],"picked":"Turbo","floor":1.0},{"not_picked":["Lockon","Melter"],"picked":"Loop","floor":2.0},{"not_picked":["Melter","Leap"],"picked":"Redo","floor":8.0},{"not_picked":["Multi-Cast+1","Rebound"],"picked":"Self Repair","floor":11.0},{"not_picked":["Blizzard","Turbo+1"],"picked":"Conserve Battery+1","floor":12.0},{"not_picked":["Melter","Blizzard","Scrape"],"picked":"SKIP","floor":13.0},{"not_picked":["Compile Driver","Machine Learning"],"picked":"Hologram+1","floor":14.0},{"not_picked":["Seek+1","Thunder Strike"],"picked":"Electrodynamics","floor":16.0},{"not_picked":["Reinforced Body+1","Steam+1"],"picked":"Consume+1","floor":18.0},{"not_picked":["Compile Driver","Redo+1"],"picked":"Defragment+1","floor":19.0},{"not_picked":["Hyperbeam","Go for the Eyes"],"picked":"Leap+1","floor":21.0},{"not_picked":["Leap+1","Sweeping Beam"],"picked":"Cold Snap","floor":22.0},{"not_picked":["Compile Driver","Redo+1","Fusion+1"],"picked":"Singing Bowl","floor":24.0},{"not_picked":["Blizzard","Hologram+1","Rebound"],"picked":"Singing Bowl","floor":27.0},{"not_picked":["Genetic Algorithm+1","Hologram+1"],"picked":"Undo+1","floor":28.0}],"player_experience":1285045,"relics_obtained":[{"floor":8.0,"key":"Toxic Egg 2"},{"floor":9.0,"key":"Pantograph"},{"floor":11.0,"key":"Bag of Marbles"},{"floor":24.0,"key":"Singing Bowl"},{"floor":28.0,"key":"Centennial Puzzle"}],"event_choices":[{"damage_healed":0.0,"max_hp_gain":0.0,"max_hp_loss":0.0,"gold_gain":75.0,"event_name":"World of Goop","player_choice":"Gather Gold","floor":3.0,"gold_loss":0.0,"damage_taken":11.0},{"cards_removed":["Defend_B"],"damage_healed":0.0,"max_hp_gain":0.0,"max_hp_loss":0.0,"gold_gain":0.0,"event_name":"Purifier","player_choice":"Purged","floor":5.0,"gold_loss":0.0,"damage_taken":0.0},{"damage_healed":0.0,"max_hp_gain":5.0,"max_hp_loss":0.0,"gold_gain":0.0,"event_name":"Forgotten Altar","player_choice":"Shed Blood","floor":20.0,"gold_loss":0.0,"damage_taken":25.0},{"damage_healed":0,"gold_gain":0,"player_choice":"Fight","damage_taken":0,"max_hp_gain":0,"max_hp_loss":0,"event_name":"Colosseum","floor":29,"gold_loss":0},{"damage_healed":0,"gold_gain":0,"player_choice":"Fled From Nobs","damage_taken":0,"max_hp_gain":0,"max_hp_loss":0,"event_name":"Colosseum","floor":29,"gold_loss":0},{"cards_removed":["Injury"],"damage_healed":0,"gold_gain":0,"player_choice":"Removed Curses","damage_taken":0,"max_hp_gain":0,"max_hp_loss":0,"event_name":"Fountain of Cleansing","floor":30,"gold_loss":0}],"is_beta":true,"boss_relics":[{"not_picked":["Snecko Eye","Tiny House"],"picked":"Cursed Key"}],"items_purged_floors":[4],"is_endless":false,"potions_floor_spawned":[2,13,14,16,19,21,27,29],"killed_by":"Snake Plant","ascension_level":15}