{"gold_per_floor":[218,218,228,23,42,42,42,42,124,152,152,164,68,93,105,191,203,175,197,209,237,266,278,46,78,78,90,90,102,102,115,115,189,239,259,279,379,45,45,45,45],"floor_reached":41,"playtime":2975,"items_purged":["Strike_G","Defend_G"],"score":926,"play_id":"1d69b569-9a99-4a8a-a886-52e518558d8d","local_time":"20190507213629","is_ascension_mode":true,"campfire_choices":[{"data":"Flechettes","floor":6.0,"key":"SMITH"},{"data":"Calculated Gamble","floor":8.0,"key":"SMITH"},{"floor":11.0,"key":"REST"},{"data":"Blade Dance","floor":15.0,"key":"SMITH"},{"data":"Neutralize","floor":23.0,"key":"SMITH"},{"data":"Prepared","floor":28.0,"key":"SMITH"},{"data":"Tactician","floor":32.0,"key":"SMITH"},{"data":"Defend_G","floor":40.0,"key":"PURGE"}],"neow_cost":"NONE","seed_source_timestamp":0,"circlet_count":0,"master_deck":["AscendersBane","Defend_G+1","Defend_G+1","Defend_G+1","Survivor","Neutralize+1","Flechettes+1","Calculated Gamble+1","Blade Dance+1","Escape Plan","Backflip","Cloak And Dagger+1","Tactician+1","Prepared+1","Footwork"],"special_seed":0,"relics":["Ring of the Snake","Pantograph","Kunai","MawBank","Empty Cage","Darkstone Periapt","Mercury Hourglass","Tiny House","Gambling Chip","Peace Pipe"],"potions_floor_usage":[],"damage_taken":[{"damage":0.0,"enemies":"2 Louse","floor":1.0,"turns":3.0},{"damage":0.0,"enemies":"Jaw Worm","floor":3.0,"turns":4.0},{"damage":0.0,"enemies":"Small Slimes","floor":5.0,"turns":4.0},{"damage":31.0,"enemies":"3 Sentries","floor":10.0,"turns":14.0},{"damage":0.0,"enemies":"Red Slaver","floor":12.0,"turns":4.0},{"damage":0.0,"enemies":"Looter","floor":14.0,"turns":2.0},{"damage":46.0,"enemies":"Slime Boss","floor":16.0,"turns":18.0},{"damage":13.0,"enemies":"2 Thieves","floor":18.0,"turns":5.0},{"damage":0.0,"enemies":"3 Byrds","floor":19.0,"turns":6.0},{"damage":22.0,"enemies":"Shelled Parasite and Fungi","floor":21.0,"turns":5.0},{"damage":3.0,"enemies":"Snake Plant","floor":22.0,"turns":8.0},{"damage":4.0,"enemies":"Slavers","floor":25.0,"turns":6.0},{"damage":0.0,"enemies":"3 Cultists","floor":27.0,"turns":5.0},{"damage":0.0,"enemies":"Cultist and Chosen","floor":29.0,"turns":7.0},{"damage":0.0,"enemies":"Snecko","floor":31.0,"turns":7.0},{"damage":0.0,"enemies":"Automaton","floor":33.0,"turns":15.0},{"damage":0.0,"enemies":"Orb Walker","floor":35.0,"turns":3.0},{"damage":0.0,"enemies":"3 Shapes","floor":36.0,"turns":5.0},{"damage":29.0,"enemies":"Mind Bloom Boss Battle","floor":37.0,"turns":13.0},{"damage":70,"enemies":"Nemesis","floor":41,"turns":14}],"seed_played":"-6823872075779781362","potions_obtained":[{"floor":5.0,"key":"LiquidBronze"},{"floor":12.0,"key":"Weak Potion"},{"floor":16.0,"key":"GamblersBrew"},{"floor":25.0,"key":"FairyPotion"},{"floor":29.0,"key":"AttackPotion"},{"floor":31.0,"key":"PowerPotion"},{"floor":33.0,"key":"SpeedPotion"}],"is_trial":false,"path_per_floor":["M","?","M","$","M","R","?","R","T","E","R","M","?","M","R","B",null,"M","M","?","M","M","R","$","E","T","M","R","M","?","M","R","B",null,"M","M","?","$","?","R","E"],"character_chosen":"THE_SILENT","items_purchased":["Flechettes","Calculated Gamble","Tactician","Energy Potion","Peace Pipe"],"campfire_rested":1,"item_purchase_floors":[4,4,24,24,38],"current_hp_per_floor":[59,39,39,39,39,39,39,39,39,8,27,27,27,27,27,6,51,38,38,38,16,13,13,13,9,9,9,9,9,9,9,9,34,63,63,63,42,42,42,42,7],"gold":45,"neow_bonus":"HUNDRED_GOLD","is_prod":false,"is_daily":false,"chose_seed":false,"campfire_upgraded":6,"win_rate":0,"timestamp":1557236189,"path_taken":["M","?","M","$","M","R","?","R","T","E","R","M","?","?","R","BOSS","M","M","?","M","M","R","$","E","T","M","R","M","?","?","R","BOSS","M","M","?","$","?","R","E"],"build_version":"2019-04-23","purchased_purges":2,"victory":false,"max_hp_per_floor":[66,66,66,66,66,66,66,66,66,66,66,66,66,66,66,66,66,66,66,66,66,66,66,66,66,66,66,66,66,66,66,66,66,71,71,71,71,71,71,71,71],"card_choices":[{"not_picked":["Dagger Throw","Dodge and Roll","Eviscerate"],"picked":"SKIP","floor":1.0},{"not_picked":["PiercingWail","Quick Slash","Backflip"],"picked":"SKIP","floor":3.0},{"not_picked":["Quick Slash","Poisoned Stab","Dagger Throw"],"picked":"SKIP","floor":5.0},{"not_picked":["Deflect","Flying Knee"],"picked":"Blade Dance","floor":10.0},{"not_picked":["PiercingWail","Footwork"],"picked":"Escape Plan","floor":12.0},{"not_picked":["Flying Knee","PiercingWail"],"picked":"Backflip","floor":14.0},{"not_picked":["Dagger Throw","Slice","Bane"],"picked":"SKIP","floor":18.0},{"not_picked":["Predator","Quick Slash+1","Catalyst"],"picked":"SKIP","floor":19.0},{"not_picked":["Predator","Quick Slash+1","Catalyst"],"picked":"SKIP","floor":19.0},{"not_picked":["Bane","Poisoned Stab"],"picked":"Cloak And Dagger+1","floor":21.0},{"not_picked":["Skewer","Underhanded Strike","Outmaneuver"],"picked":"SKIP","floor":22.0},{"not_picked":["Bane+1","Masterful Stab+1"],"picked":"Prepared","floor":25.0},{"not_picked":["Deflect","Setup","Prepared"],"picked":"SKIP","floor":27.0},{"not_picked":["Cloak And Dagger","Poisoned Stab"],"picked":"Footwork","floor":29.0},{"not_picked":["Underhanded Strike","Expertise","Grand Finale"],"picked":"SKIP","floor":31.0},{"not_picked":["Underhanded Strike","Expertise","Grand Finale"],"picked":"SKIP","floor":31.0},{"not_picked":["Underhanded Strike","Expertise","Grand Finale"],"picked":"SKIP","floor":31.0},{"not_picked":["Dagger Throw","Blur","Dagger Spray+1"],"picked":"SKIP","floor":35.0},{"not_picked":["Concentrate+1","Deflect","Dagger Spray"],"picked":"SKIP","floor":36.0}],"player_experience":1424908,"relics_obtained":[{"floor":9.0,"key":"Pantograph"},{"floor":10.0,"key":"Kunai"},{"floor":25.0,"key":"Darkstone Periapt"},{"floor":26.0,"key":"Mercury Hourglass"},{"floor":37.0,"key":"Gambling Chip"}],"event_choices":[{"damage_healed":0.0,"max_hp_gain":0.0,"max_hp_loss":0.0,"gold_gain":0.0,"event_name":"Shining Light","player_choice":"Entered Light","floor":2.0,"gold_loss":0.0,"damage_taken":20.0,"cards_upgraded":["Defend_G","Defend_G"]},{"cards_removed":["Strike_G"],"damage_healed":0.0,"max_hp_gain":0.0,"max_hp_loss":0.0,"gold_gain":0.0,"event_name":"Living Wall","player_choice":"Forget","floor":7.0,"gold_loss":0.0,"damage_taken":0.0},{"damage_healed":0.0,"max_hp_gain":0.0,"max_hp_loss":0.0,"gold_gain":0.0,"event_name":"WeMeetAgain","player_choice":"Paid Gold","floor":13.0,"gold_loss":96.0,"damage_taken":0.0,"relics_obtained":["MawBank"]},{"cards_removed":["Strike_G"],"damage_healed":0.0,"max_hp_gain":0.0,"max_hp_loss":0.0,"gold_gain":0.0,"event_name":"Back to Basics","player_choice":"Elegance","floor":20.0,"gold_loss":0.0,"damage_taken":0.0},{"damage_healed":0.0,"max_hp_gain":0.0,"max_hp_loss":0.0,"gold_gain":0.0,"event_name":"Cursed Tome","player_choice":"Ignored","floor":30.0,"gold_loss":0.0,"damage_taken":0.0},{"damage_healed":0.0,"max_hp_gain":0.0,"max_hp_loss":0.0,"gold_gain":0.0,"event_name":"MindBloom","player_choice":"Fight","floor":37.0,"gold_loss":0.0,"damage_taken":0.0},{"damage_healed":0.0,"max_hp_gain":0.0,"max_hp_loss":0.0,"gold_gain":0.0,"event_name":"Mysterious Sphere","player_choice":"Ignored","floor":39.0,"gold_loss":0.0,"damage_taken":0.0}],"is_beta":true,"boss_relics":[{"not_picked":["Velvet Choker","Eternal Feather"],"picked":"Empty Cage"},{"not_picked":["Pandora\u0027s Box","Fusion Hammer"],"picked":"Tiny House"}],"items_purged_floors":[4,24],"is_endless":false,"potions_floor_spawned":[5,12,16,25,29,31,33,37],"killed_by":"Nemesis","ascension_level":20}