{"gold_per_floor":[110,35,110,110,128,128,157,157,157,157,193,193,217,217,217,217],"floor_reached":16,"playtime":436,"items_purged":["Strike_R"],"score":212,"play_id":"a0a48968-3288-4d8b-9d90-d9742027ef9d","local_time":"20190417202844","is_ascension_mode":true,"campfire_choices":[{"data":"Searing Blow+1","floor":6.0,"key":"SMITH"},{"data":"Searing Blow+2","floor":8.0,"key":"SMITH"},{"data":"Searing Blow+3","floor":12.0,"key":"SMITH"},{"data":"Searing Blow+5","floor":15.0,"key":"SMITH"}],"neow_cost":"PERCENT_DAMAGE","seed_source_timestamp":10058544437600,"circlet_count":0,"master_deck":["AscendersBane","Strike_R","Strike_R","Strike_R","Defend_R","Defend_R","Defend_R","Defend_R","Bash","Whirlwind","Searing Blow+6","Battle Trance"],"special_seed":0,"relics":["Burning Blood","Nunchaku","Art of War","Golden Idol"],"potions_floor_usage":[16],"damage_taken":[{"damage":4.0,"enemies":"Small Slimes","floor":1.0,"turns":5.0},{"damage":2.0,"enemies":"2 Louse","floor":5.0,"turns":3.0},{"damage":15.0,"enemies":"Lagavulin","floor":7.0,"turns":5.0},{"damage":7.0,"enemies":"Erikyupuro","floor":11.0,"turns":4.0},{"damage":7.0,"enemies":"Jaw Worm","floor":13.0,"turns":2.0},{"damage":60,"enemies":"Fading Forest","floor":16,"turns":10}],"seed_played":"4669768358505765771","potions_obtained":[{"floor":1.0,"key":"SkillPotion"},{"floor":5.0,"key":"Fire Potion"},{"floor":7.0,"key":"AttackPotion"}],"is_trial":false,"path_per_floor":["M","$","?","?","M","R","E","R","T","?","E","R","M","?","R","B"],"character_chosen":"IRONCLAD","items_purchased":[],"campfire_rested":0,"item_purchase_floors":[],"current_hp_per_floor":[52,52,41,41,45,45,36,36,36,36,35,35,34,34,34,0],"gold":217,"neow_bonus":"ONE_RARE_RELIC","is_prod":false,"is_daily":false,"chose_seed":false,"campfire_upgraded":4,"win_rate":0,"timestamp":1555504124,"path_taken":["M","$","?","?","M","R","E","R","T","?","E","R","M","?","R","BOSS"],"build_version":"2019-01-23","purchased_purges":1,"victory":false,"max_hp_per_floor":[75,75,75,75,75,75,75,75,75,68,68,68,68,68,68,68],"card_choices":[{"not_picked":["Rampage","Iron Wave"],"picked":"Whirlwind","floor":1.0},{"not_picked":["Headbutt","Twin Strike","Whirlwind"],"picked":"SKIP","floor":5.0},{"not_picked":["ReplayReversal","Life Link"],"picked":"Battle Trance","floor":7.0},{"not_picked":["ReplayTheSpireMod:Limb From Limb","Feel No Pain","True Grit"],"picked":"SKIP","floor":11.0},{"not_picked":["Spot Weakness","Armaments","Berserk"],"picked":"SKIP","floor":13.0}],"player_experience":2998392,"relics_obtained":[{"floor":7.0,"key":"Art of War"}],"event_choices":[{"damage_healed":0.0,"max_hp_gain":0.0,"max_hp_loss":0.0,"gold_gain":75.0,"event_name":"World of Goop","player_choice":"Gather Gold","floor":3.0,"gold_loss":0.0,"damage_taken":11.0},{"damage_healed":0.0,"max_hp_gain":0.0,"max_hp_loss":7.0,"gold_gain":0.0,"event_name":"Golden Idol","player_choice":"Lose Max HP","floor":10.0,"gold_loss":0.0,"damage_taken":0.0,"relics_obtained":["Golden Idol"]},{"damage_healed":0.0,"max_hp_gain":0.0,"max_hp_loss":0.0,"gold_gain":0.0,"event_name":"Living Wall","player_choice":"Grow","floor":14.0,"gold_loss":0.0,"damage_taken":0.0,"cards_upgraded":["Searing Blow"]}],"is_beta":false,"boss_relics":[],"items_purged_floors":[2],"is_endless":false,"potions_floor_spawned":[1,5,7],"killed_by":"Fading Forest","ascension_level":20}