{"gold_per_floor":[365,23,34,0,13,13,39,39,39,39,64,83,5,21,21,21],"floor_reached":16,"playtime":518,"items_purged":["Normality"],"score":204,"play_id":"3c11970d-2002-44b1-8e35-60647cda377c","local_time":"20181210235625","is_ascension_mode":true,"campfire_choices":[{"data":"Zap","floor":6,"key":"SMITH"},{"data":"Barrage","floor":8,"key":"SMITH"},{"data":"Rebound","floor":15,"key":"SMITH"}],"neow_cost":"CURSE","seed_source_timestamp":3847793906927,"circlet_count":0,"master_deck":["AscendersBane","Strike_B","Strike_B","Strike_B","Strike_B","Defend_B","Defend_B","Defend_B","Defend_B","Zap+1","Dualcast","Coolheaded","Barrage+1","Hello World","White Noise","Trip","Rebound+1"],"relics":["Cracked Core","Mummified Hand","Pantograph","The Courier","Golden Idol"],"potions_floor_usage":[7,7,16],"damage_taken":[{"damage":9,"enemies":"Jaw Worm","floor":1,"turns":3},{"damage":9,"enemies":"2 Louse","floor":3,"turns":3},{"damage":2,"enemies":"Small Slimes","floor":5,"turns":3},{"damage":19,"enemies":"Lagavulin","floor":7,"turns":9},{"damage":4,"enemies":"Looter","floor":11,"turns":3},{"damage":6,"enemies":"Blue Slaver","floor":12,"turns":4},{"damage":6,"enemies":"Exordium Thugs","floor":14,"turns":4},{"damage":38,"enemies":"Slime Boss","floor":16,"turns":10}],"seed_played":"-4060634106985174460","potions_obtained":[{"floor":1,"key":"EssenceOfSteel"},{"floor":5,"key":"Poison Potion"},{"floor":14,"key":"LiquidBronze"}],"is_trial":false,"path_per_floor":["M","$","M","?","M","R","E","R","T","?","M","M","$","M","R","B"],"character_chosen":"DEFECT","items_purchased":["Mummified Hand","Trip"],"campfire_rested":0,"item_purchase_floors":[2,13],"current_hp_per_floor":[55,55,46,46,44,44,25,25,25,25,21,15,15,9,9,0],"gold":21,"neow_bonus":"TWO_FIFTY_GOLD","is_prod":false,"is_daily":false,"chose_seed":false,"campfire_upgraded":3,"win_rate":0,"timestamp":1544457385,"path_taken":["M","$","M","?","M","R","E","R","T","?","M","M","?","M","R","BOSS"],"build_version":"2018-12-06","purchased_purges":1,"victory":false,"max_hp_per_floor":[71,71,71,71,71,71,71,71,71,64,64,64,64,64,64,64],"card_choices":[{"not_picked":["Compile Driver","Hologram","Redo"],"picked":"SKIP","floor":1},{"not_picked":["Compile Driver","Hologram","Redo"],"picked":"SKIP","floor":1},{"not_picked":["Compile Driver","Reprogram","Coolheaded"],"picked":"SKIP","floor":3},{"not_picked":["Double Energy","Leap"],"picked":"Coolheaded","floor":5},{"not_picked":["Beam Cell","Reprogram"],"picked":"Barrage","floor":7},{"not_picked":["Steam Power","Streamline"],"picked":"Hello World","floor":11},{"not_picked":["Stack","Steam"],"picked":"White Noise","floor":12},{"not_picked":["Reinforced Body","Barrage"],"picked":"Rebound","floor":14}],"player_experience":2358654,"relics_obtained":[{"floor":7,"key":"Pantograph"},{"floor":9,"key":"The Courier"}],"event_choices":[{"damage_healed":0,"gold_gain":0,"player_choice":"Left Gold","damage_taken":0,"max_hp_gain":0,"max_hp_loss":0,"event_name":"World of Goop","floor":4,"gold_loss":34},{"damage_healed":0,"gold_gain":0,"player_choice":"Lose Max HP","damage_taken":0,"relics_obtained":["Golden Idol"],"max_hp_gain":0,"max_hp_loss":7,"event_name":"Golden Idol","floor":10,"gold_loss":0}],"is_beta":false,"boss_relics":[],"items_purged_floors":[2],"is_endless":false,"potions_floor_spawned":[1,5,14],"killed_by":"Slime Boss","ascension_level":20}