{"gold_per_floor":[118,129,143,23,23,23,57,57,57,82,112,130,185,203,203,279,279,298,36,55,55,70,70,95,110,110,110,25,25,43,43],"floor_reached":31,"playtime":1659,"items_purged":[],"score":489,"play_id":"609396d5-fde7-4303-abf7-3b4f604f2368","local_time":"20180629130439","is_ascension_mode":true,"campfire_choices":[{"data":"Zap","floor":6.0,"key":"SMITH"},{"data":"Dualcast","floor":8.0,"key":"SMITH"},{"floor":15.0,"key":"REST"},{"floor":23,"key":"REST"},{"floor":27,"key":"REST"},{"floor":29,"key":"REST"}],"neow_cost":"","seed_source_timestamp":106079421434750,"circlet_count":0,"master_deck":["Strike_B","Strike_B","Strike_B","Defend_B","Defend_B","Defend_B","Defend_B","Zap+1","Dualcast+1","AscendersBane","Rainbow","Sunder+1","Go for the Eyes","Ball Lightning","Defragment","Steam","Defragment","Hologram","Sweeping Beam","Steam Power","Electrodynamics","Reinforced Body","Coolheaded","Defragment","Defragment","Force Field","Cold Snap+1","Hologram"],"special_seed":0,"relics":["Cracked Core","Sundial","Ornamental Fan","Strawberry","Bag of Marbles","Tiny Chest","Lizard Tail","Gremlin Horn","Blue Candle","Girya","Dead Branch"],"potions_floor_usage":[20,20,25],"damage_taken":[{"damage":0.0,"enemies":"Cultist","floor":1.0,"turns":4.0},{"damage":13.0,"enemies":"Small Slimes","floor":2.0,"turns":4.0},{"damage":0.0,"enemies":"Jaw Worm","floor":3.0,"turns":3.0},{"damage":12.0,"enemies":"3 Sentries","floor":7.0,"turns":7.0},{"damage":8.0,"enemies":"Blue Slaver","floor":12.0,"turns":3.0},{"damage":25.0,"enemies":"Gremlin Nob","floor":13.0,"turns":4.0},{"damage":6.0,"enemies":"Looter","floor":14.0,"turns":2.0},{"damage":30.0,"enemies":"Hexaghost","floor":16.0,"turns":9.0},{"damage":34.0,"enemies":"2 Thieves","floor":18.0,"turns":3.0},{"damage":6,"enemies":"3 Byrds","floor":20,"turns":4},{"damage":16,"enemies":"Cultist and Chosen","floor":22,"turns":6},{"damage":53,"enemies":"Slavers","floor":24,"turns":5},{"damage":17,"enemies":"Snake Plant","floor":25,"turns":4},{"damage":43,"enemies":"Slaver and Parasite","floor":30,"turns":8},{"damage":17,"enemies":"Snecko","floor":31,"turns":3}],"seed_played":"8213292528170674592","potions_obtained":[{"floor":1.0,"key":"SpeedPotion"},{"floor":3.0,"key":"Regen Potion"},{"floor":18.0,"key":"SpeedPotion"},{"floor":24,"key":"PowerPotion"}],"is_trial":false,"path_per_floor":["M","M","M","$","?","R","E","R","T","T","?","M","E","M","R","B",null,"M","$","M","?","M","R","E","M","T","R","?","R","M"],"character_chosen":"DEFECT","items_purchased":["Defragment","Steam","Gremlin Horn","Coolheaded"],"campfire_rested":4,"item_purchase_floors":[],"current_hp_per_floor":[64,51,51,51,51,51,54,54,54,61,61,53,28,22,45,15,62,28,28,22,22,6,29,21,4,4,27,27,50,7,0],"gold":43,"neow_bonus":"","is_prod":false,"is_daily":false,"chose_seed":false,"campfire_upgraded":2,"win_rate":0,"timestamp":1530302679,"path_taken":["M","M","M","$","?","R","E","R","T","?","?","M","E","M","R","BOSS","M","$","M","?","M","R","E","M","T","R","?","R","M","M"],"build_version":"2018-06-28","purchased_purges":0,"victory":false,"max_hp_per_floor":[71,71,71,71,71,71,71,71,71,78,78,78,78,78,78,78,78,78,78,78,78,78,78,78,78,78,78,78,78,78,78],"card_choices":[{"not_picked":["Chaos","Steam Power"],"picked":"Sunder","floor":1.0},{"not_picked":["Turbo","Blizzard"],"picked":"Go for the Eyes","floor":2.0},{"not_picked":["Hologram","Storm"],"picked":"Ball Lightning","floor":3.0},{"not_picked":["Go for the Eyes","Steam Power"],"picked":"Defragment","floor":7.0},{"not_picked":["Steam Power","Go for the Eyes"],"picked":"Hologram","floor":12.0},{"not_picked":["Rebound","Force Field"],"picked":"Sweeping Beam","floor":13.0},{"not_picked":["Consume","Stack"],"picked":"Steam Power","floor":14.0},{"not_picked":["Seek","Creative AI"],"picked":"Electrodynamics","floor":16.0},{"not_picked":["Stack","Beam Cell"],"picked":"Reinforced Body","floor":18.0},{"not_picked":["Streamline","Force Field"],"picked":"Defragment","floor":20},{"not_picked":["Gash","Amplify"],"picked":"Defragment","floor":22},{"not_picked":["Blizzard","Darkness"],"picked":"Force Field","floor":24},{"not_picked":["Compile Driver","Darkness+1"],"picked":"Cold Snap+1","floor":25},{"not_picked":["Sunder","Doom and Gloom"],"picked":"Hologram","floor":30}],"player_experience":624370,"relics_obtained":[{"floor":7.0,"key":"Sundial"},{"floor":9.0,"key":"Ornamental Fan"},{"floor":10.0,"key":"Strawberry"},{"floor":13.0,"key":"Tiny Chest"},{"floor":24,"key":"Blue Candle"},{"floor":26,"key":"Girya"}],"event_choices":[{"event_name":"Living Wall","player_choice":"Grow","floor":5.0,"damage_taken":0.0},{"event_name":"Dead Adventurer","player_choice":"Searched \u00272\u0027 times","floor":11.0,"damage_taken":0.0},{"event_name":"The Mausoleum","player_choice":"No","floor":21,"damage_taken":0},{"event_name":"Addict","player_choice":"Obtained Relic","floor":28,"damage_taken":0}],"boss_relics":[{"not_picked":["Calling Bell","Runic Pyramid"],"picked":"Lizard Tail"}],"items_purged_floors":[],"is_endless":false,"potions_floor_spawned":[1,3,18,24],"killed_by":"Snecko","ascension_level":15}