{"gold_per_floor":[109,124,199,216,228,228,228,256,256,267,267,285,295,309,309,309],"floor_reached":16,"playtime":1452,"items_purged":[],"score":106,"play_id":"29821973-98d9-4c07-ae19-bfd5db333889","local_time":"20181001213605","is_ascension_mode":false,"campfire_choices":[{"data":"Finisher","floor":6,"key":"SMITH"},{"data":"Footwork","floor":11,"key":"SMITH"},{"data":"Blade Dance","floor":15,"key":"SMITH"}],"neow_cost":"NONE","seed_source_timestamp":19228176480274,"circlet_count":0,"master_deck":["Defend_G","Defend_G","Defend_G","Defend_G","Strike_G","Strike_G","Strike_G","Strike_G","Strike_G","Survivor","Neutralize","Finisher+1","Flying Knee","Escape Plan","Dagger Throw","Backflip","Footwork+1","Flying Knee","Blade Dance+1"],"relics":["Ring of the Snake","Dodecahedron","FossilizedHelix"],"potions_floor_usage":[8,16,16],"damage_taken":[{"damage":1,"enemies":"Cultist","floor":1,"turns":3},{"damage":3,"enemies":"Small Slimes","floor":2,"turns":2},{"damage":6,"enemies":"2 Louse","floor":4,"turns":3},{"damage":0,"enemies":"2 Fungi Beasts","floor":5,"turns":3},{"damage":19,"enemies":"Gremlin Nob","floor":8,"turns":4},{"damage":0,"enemies":"Looter","floor":10,"turns":3},{"damage":6,"enemies":"Gremlin Gang","floor":12,"turns":6},{"damage":0,"enemies":"Exordium Thugs","floor":13,"turns":5},{"damage":0,"enemies":"2 Fungi Beasts","floor":14,"turns":4},{"damage":25,"enemies":"The Guardian","floor":16,"turns":11}],"seed_played":"-4834019820922221202","potions_obtained":[{"floor":1,"key":"Weak Potion"},{"floor":12,"key":"Poison Potion"},{"floor":13,"key":"FearPotion"}],"is_trial":false,"path_per_floor":["M","M","?","M","M","R","?","E","T","M","R","M","M","M","R"],"character_chosen":"THE_SILENT","items_purchased":[],"campfire_rested":0,"item_purchase_floors":[],"current_hp_per_floor":[69,66,55,49,49,49,49,30,30,30,30,24,24,24,24,0],"gold":309,"neow_bonus":"THREE_CARDS","is_prod":false,"is_daily":false,"chose_seed":false,"campfire_upgraded":3,"win_rate":0.0,"timestamp":1538444165,"path_taken":["M","?","?","M","M","R","?","E","T","M","R","M","?","M","R","BOSS"],"build_version":"2018-09-27","purchased_purges":0,"victory":false,"max_hp_per_floor":[70,70,70,70,70,70,70,70,70,70,70,70,70,70,70,70],"card_choices":[{"not_picked":["Reflex","PiercingWail"],"picked":"Finisher","floor":0},{"not_picked":["Acrobatics","Blade Dance"],"picked":"Flying Knee","floor":1},{"not_picked":["Footwork","Choke","Sucker Punch"],"picked":"SKIP","floor":2},{"not_picked":["Sucker Punch","Deadly Poison"],"picked":"Escape Plan","floor":4},{"not_picked":["Choke","Backflip"],"picked":"Dagger Throw","floor":5},{"not_picked":["Glass Knife","Well Laid Plans"],"picked":"Backflip","floor":8},{"not_picked":["Acrobatics","Bouncing Flask"],"picked":"Footwork","floor":10},{"not_picked":["Crippling Poison","Blade Dance"],"picked":"Flying Knee","floor":12},{"not_picked":["Slice","Poisoned Stab"],"picked":"Blade Dance","floor":13},{"not_picked":["Backflip","Deflect","Underhanded Strike"],"picked":"SKIP","floor":14}],"player_experience":16965,"relics_obtained":[{"floor":8,"key":"Dodecahedron"},{"floor":9,"key":"FossilizedHelix"}],"event_choices":[{"event_name":"World of Goop","player_choice":"Gather Gold","floor":3,"damage_taken":0},{"event_name":"Bonfire Elementals","player_choice":"BASIC","floor":7,"damage_taken":0}],"is_beta":false,"boss_relics":[],"items_purged_floors":[],"is_endless":false,"potions_floor_spawned":[1,12,13],"killed_by":"The Guardian","ascension_level":0}