{"gold_per_floor":[117,117,127,107,107,134,147,172,198,198,217,237,237,277,277,368,368,388,288,311,269,290,323,346,346,373,373,373,413,413,427,427,521,521,537,537,550,570,570,570,472,503,503,516,516,541,565,87,87,87,87],"floor_reached":52,"playtime":2445,"items_purged":[],"score":1984,"play_id":"8f090fb4-f866-4c2b-8f1c-3d0a838b3449","local_time":"20181101121310","daily_mods":["SealedDeck"],"is_ascension_mode":true,"campfire_choices":[{"data":"Hologram","floor":15.0,"key":"SMITH"},{"data":"Capacitor","floor":25.0,"key":"SMITH"},{"data":"Electrodynamics","floor":28.0,"key":"SMITH"},{"data":"Beam Cell","floor":32,"key":"SMITH"},{"data":"Fission","floor":40,"key":"SMITH"},{"data":"Barrage","floor":45,"key":"SMITH"},{"data":"Discovery","floor":49,"key":"SMITH"}],"neow_cost":"","seed_source_timestamp":1370422359841,"circlet_count":0,"master_deck":["AscendersBane","Self Repair","Conserve Battery","Barrage+1","BootSequence","Chill","Sweeping Beam","Beam Cell+1","Compile Driver","Go for the Eyes+1","Cold Snap+1","Genetic Algorithm","Glacier","Core Surge","Hologram+1","Electrodynamics+1","Compile Driver+1","Capacitor+1","FTL","Fission+1","Coolheaded+1","Capacitor+1","Loop","Force Field","Discovery+1","Consume"],"special_seed":0,"relics":["Cracked Core","Oddly Smooth Stone","Vajra","Potion Belt","Golden Idol","Lantern","Nuclear Battery","Dream Catcher","Whetstone","PreservedInsect","Coffee Dripper","Prayer Wheel","Bronze Scales","Ornamental Fan","TheAbacus"],"potions_floor_usage":[50,51,51,51],"damage_taken":[{"damage":0.0,"enemies":"Small Slimes","floor":1.0,"turns":2.0},{"damage":0.0,"enemies":"Cultist","floor":3.0,"turns":2.0},{"damage":5.0,"enemies":"Gremlin Nob","floor":6.0,"turns":3.0},{"damage":0.0,"enemies":"2 Louse","floor":7.0,"turns":2.0},{"damage":9.0,"enemies":"3 Sentries","floor":8.0,"turns":8.0},{"damage":0.0,"enemies":"Large Slime","floor":11.0,"turns":4.0},{"damage":0.0,"enemies":"Exordium Wildlife","floor":12.0,"turns":3.0},{"damage":0.0,"enemies":"Lagavulin","floor":14.0,"turns":5.0},{"damage":24.0,"enemies":"Slime Boss","floor":16.0,"turns":12.0},{"damage":0.0,"enemies":"Chosen","floor":18.0,"turns":4.0},{"damage":6.0,"enemies":"2 Thieves","floor":20.0,"turns":3.0},{"damage":0.0,"enemies":"Centurion and Healer","floor":22.0,"turns":4.0},{"damage":20.0,"enemies":"Book of Stabbing","floor":23.0,"turns":4.0},{"damage":0.0,"enemies":"Snecko","floor":24.0,"turns":4.0},{"damage":0.0,"enemies":"Slavers","floor":29.0,"turns":3.0},{"damage":0,"enemies":"Cultist and Chosen","floor":31,"turns":3},{"damage":47,"enemies":"Automaton","floor":33,"turns":9},{"damage":0,"enemies":"3 Darklings","floor":35,"turns":4},{"damage":1,"enemies":"3 Shapes","floor":37,"turns":3},{"damage":6,"enemies":"Jaw Worm Horde","floor":38,"turns":4},{"damage":0,"enemies":"Giant Head","floor":42,"turns":5},{"damage":0,"enemies":"3 Darklings","floor":44,"turns":4},{"damage":6,"enemies":"Transient","floor":46,"turns":6},{"damage":2,"enemies":"Sphere and 2 Shapes","floor":47,"turns":3},{"damage":23,"enemies":"Time Eater","floor":50,"turns":14},{"damage":18,"enemies":"Donu and Deca","floor":51,"turns":7}],"seed_played":"-6935477979256555505","potions_obtained":[{"floor":1.0,"key":"LiquidBronze"},{"floor":3.0,"key":"GamblersBrew"},{"floor":4.0,"key":"Energy Potion"},{"floor":20.0,"key":"FairyPotion"},{"floor":23.0,"key":"EntropicBrew"},{"floor":24.0,"key":"Explosive Potion"}],"is_trial":true,"path_per_floor":["M","$","M","?","?","E","M","E","T","?","M","M","?","E","R","B",null,"M","$","M","$","M","E","M","R","T","?","R","E","?","M","R","B",null,"M","$","M","M","?","R","?","E","T","M","R","M","M","$","R","B","B"],"character_chosen":"DEFECT","items_purchased":["Capacitor","Fire Potion","FTL","Force Field","Discovery","TheAbacus","Consume"],"campfire_rested":0,"item_purchase_floors":[19,19,21,48,48,48,48],"current_hp_per_floor":[71,71,71,71,71,71,71,69,69,69,71,71,47,54,54,37,63,70,70,71,71,71,58,65,65,65,65,65,71,71,71,71,31,61,68,68,71,71,71,71,71,71,71,71,71,71,71,71,71,55,44],"gold":87,"neow_bonus":"","is_prod":false,"is_daily":false,"chose_seed":false,"campfire_upgraded":7,"win_rate":0,"timestamp":1541099590,"path_taken":["M","$","M","?","?","E","M","E","T","?","M","M","?","E","R","BOSS","M","$","M","$","M","E","M","R","T","?","R","E","?","M","R","BOSS","M","$","M","M","?","R","?","E","T","M","R","?","M","$","R","BOSS","BOSS"],"build_version":"2018-10-25v2","purchased_purges":0,"victory":true,"max_hp_per_floor":[71,71,71,71,71,71,71,71,71,71,71,71,71,71,71,71,71,71,71,71,71,71,71,71,71,71,71,71,71,71,71,71,71,71,71,71,71,71,71,71,71,71,71,71,71,71,71,71,71,71,71],"card_choices":[{"not_picked":["Leap","Blizzard","White Noise"],"picked":"SKIP","floor":1.0},{"not_picked":["Scrape","Static Discharge","Steam"],"picked":"SKIP","floor":3.0},{"not_picked":["Cold Snap","Barrage"],"picked":"Genetic Algorithm","floor":6.0},{"not_picked":["Barrage","Turbo","Steam Power"],"picked":"SKIP","floor":7.0},{"not_picked":["Gash","Sunder","Redo"],"picked":"SKIP","floor":8.0},{"not_picked":["Conserve Battery","Undo"],"picked":"Glacier","floor":11.0},{"not_picked":["Cold Snap","Compile Driver"],"picked":"Core Surge","floor":12.0},{"not_picked":["Barrage","Stack"],"picked":"Hologram","floor":14.0},{"not_picked":["All For One","Creative AI"],"picked":"Electrodynamics","floor":16.0},{"not_picked":["Redo","Melter"],"picked":"Compile Driver","floor":18.0},{"not_picked":["Doom and Gloom","Darkness","Leap"],"picked":"SKIP","floor":20.0},{"not_picked":["Rip and Tear","Coolheaded","Aggregate"],"picked":"SKIP","floor":22.0},{"not_picked":["Consume","Coolheaded","Skim"],"picked":"SKIP","floor":23.0},{"not_picked":["Cold Snap","Conserve Battery","Streamline"],"picked":"SKIP","floor":24.0},{"not_picked":["Cold Snap","Conserve Battery","Streamline"],"picked":"SKIP","floor":24.0},{"not_picked":["Multi-Cast","Conserve Battery+1","Thunder Strike"],"picked":"SKIP","floor":29.0},{"not_picked":["Steam Power","Compile Driver","Self Repair"],"picked":"SKIP","floor":31},{"not_picked":["Creative AI","Multi-Cast"],"picked":"Fission","floor":33},{"not_picked":["Streamline","Fusion"],"picked":"Coolheaded+1","floor":35},{"not_picked":["FTL","Undo","Sweeping Beam"],"picked":"SKIP","floor":37},{"not_picked":["Redo","Cold Snap+1","Gash"],"picked":"SKIP","floor":38},{"not_picked":["Scrape","Reinforced Body","Chill"],"picked":"SKIP","floor":42},{"not_picked":["Turbo","Aggregate","Stack"],"picked":"SKIP","floor":44},{"not_picked":["All For One","Redo+1","Doom and Gloom+1"],"picked":"SKIP","floor":44},{"not_picked":["Darkness","Conserve Battery"],"picked":"Loop","floor":46},{"not_picked":["Steam","Redo","Gash"],"picked":"SKIP","floor":46},{"not_picked":["Hologram","Reprogram","Loop"],"picked":"SKIP","floor":47},{"not_picked":["Redo","Chaos","Beam Cell+1"],"picked":"SKIP","floor":47}],"player_experience":1538232,"relics_obtained":[{"floor":6.0,"key":"Oddly Smooth Stone"},{"floor":8.0,"key":"Vajra"},{"floor":9.0,"key":"Potion Belt"},{"floor":14.0,"key":"Lantern"},{"floor":23.0,"key":"Dream Catcher"},{"floor":26.0,"key":"Whetstone"},{"floor":29.0,"key":"PreservedInsect"},{"floor":42,"key":"Bronze Scales"},{"floor":43,"key":"Ornamental Fan"}],"event_choices":[{"damage_healed":0.0,"max_hp_gain":0.0,"max_hp_loss":0.0,"gold_gain":0.0,"event_name":"The Woman in Blue","player_choice":"Bought 1 Potion","floor":4.0,"gold_loss":0.0,"damage_taken":0.0},{"damage_healed":0.0,"max_hp_gain":0.0,"max_hp_loss":0.0,"gold_gain":0.0,"event_name":"The Cleric","player_choice":"Leave","floor":5.0,"gold_loss":0.0,"damage_taken":0.0},{"damage_healed":0.0,"max_hp_gain":0.0,"max_hp_loss":0.0,"gold_gain":0.0,"event_name":"Living Wall","player_choice":"Grow","floor":10.0,"gold_loss":0.0,"damage_taken":0.0,"cards_upgraded":["Go for the Eyes"]},{"damage_healed":0.0,"max_hp_gain":0.0,"max_hp_loss":0.0,"gold_gain":0.0,"event_name":"Golden Idol","player_choice":"Take Damage","floor":13.0,"gold_loss":0.0,"damage_taken":24.0,"relics_obtained":["Golden Idol"]},{"damage_healed":0.0,"max_hp_gain":0.0,"max_hp_loss":0.0,"gold_gain":0.0,"event_name":"Vampires","player_choice":"Ignored","floor":27.0,"gold_loss":0.0,"damage_taken":0.0},{"damage_healed":0,"gold_gain":0,"player_choice":"Ignored","damage_taken":0,"max_hp_gain":0,"max_hp_loss":0,"event_name":"The Mausoleum","floor":30,"gold_loss":0},{"damage_healed":0,"gold_gain":0,"player_choice":"Copied","damage_taken":0,"max_hp_gain":0,"max_hp_loss":0,"event_name":"Duplicator","floor":39,"gold_loss":0,"cards_obtained":["Capacitor"]},{"damage_healed":0,"gold_gain":0,"player_choice":"Paid Gold","damage_taken":0,"relics_obtained":["Prayer Wheel"],"max_hp_gain":0,"max_hp_loss":0,"event_name":"WeMeetAgain","floor":41,"gold_loss":98}],"is_beta":false,"boss_relics":[{"not_picked":["Sozu","Astrolabe"],"picked":"Nuclear Battery"},{"not_picked":["Pandora\u0027s Box","White Beast Statue"],"picked":"Coffee Dripper"}],"items_purged_floors":[],"is_endless":false,"potions_floor_spawned":[1,3,6,20,23,24,37,46],"ascension_level":20}