{"gold_per_floor":[113,113,113,113,113,113,38,38,38,3,32,32,60,80,80,159,159,170,189,206,80,5,5,22,122,145,145,20,20,51,82,82,82],"floor_reached":33,"playtime":1136,"items_purged":["Strike_B","Strike_B","Strike_B"],"score":502,"play_id":"bb3b211f-7050-46e9-8c67-ecca1829e074","local_time":"20181026101956","is_ascension_mode":true,"campfire_choices":[{"data":"Zap","floor":6,"key":"SMITH"},{"data":"Streamline","floor":8,"key":"SMITH"},{"data":"Biased Cognition","floor":15,"key":"SMITH"},{"data":"Defragment","floor":23,"key":"SMITH"},{"floor":27,"key":"REST"},{"floor":29,"key":"REST"},{"floor":32,"key":"REST"}],"neow_cost":"NONE","seed_source_timestamp":115412263770075,"circlet_count":0,"master_deck":["Strike_B+1","Defend_B+1","Defend_B","Defend_B","Defend_B","Zap+1","Dualcast","AscendersBane","Forethought","Streamline+1","Biased Cognition+1","Cold Snap","Auto Shields","FTL","Sweeping Beam","Electrodynamics","Genetic Algorithm","Defragment+1","Go for the Eyes","Steam+1","Hello World","Ball Lightning"],"special_seed":0,"relics":["Cracked Core","Bottled Tornado","Art of War","Bag of Preparation","Boot","Nuclear Battery","WingedGreaves","Gremlin Horn","PreservedInsect","Dream Catcher","Question Card"],"potions_floor_usage":[25,30],"damage_taken":[{"damage":8.0,"enemies":"Jaw Worm","floor":1.0,"turns":4.0},{"damage":25,"enemies":"Gremlin Nob","floor":11,"turns":4},{"damage":11,"enemies":"Lagavulin","floor":13,"turns":5},{"damage":0,"enemies":"Cultist","floor":14,"turns":2},{"damage":10,"enemies":"Hexaghost","floor":16,"turns":12},{"damage":2,"enemies":"Chosen","floor":18,"turns":4},{"damage":4,"enemies":"3 Byrds","floor":19,"turns":2},{"damage":0,"enemies":"Centurion and Healer","floor":20,"turns":5},{"damage":5,"enemies":"Cultist and Chosen","floor":24,"turns":4},{"damage":24,"enemies":"Colosseum Slavers","floor":25,"turns":3},{"damage":24,"enemies":"Colosseum Nobs","floor":25,"turns":3},{"damage":6,"enemies":"Book of Stabbing","floor":30,"turns":4},{"damage":14,"enemies":"Gremlin Leader","floor":31,"turns":3},{"damage":103,"enemies":"Champ","floor":33,"turns":16}],"seed_played":"-8182546648837937196","potions_obtained":[{"floor":1.0,"key":"SteroidPotion"},{"floor":11,"key":"FearPotion"},{"floor":18,"key":"PowerPotion"},{"floor":31,"key":"FairyPotion"}],"is_trial":false,"path_per_floor":["M","?","?","?","T","R","$","R","T","?","E","$","E","M","R","B",null,"M","M","M","$","$","R","M","?","T","R","$","R","E","E","R"],"character_chosen":"DEFECT","items_purchased":["Go for the Eyes","Regen Potion"],"campfire_rested":3,"item_purchase_floors":[21,22],"current_hp_per_floor":[56,56,35,40,40,40,40,40,40,59,34,34,23,23,23,13,60,58,54,54,54,54,54,49,1,1,23,23,45,51,37,59,0],"gold":82,"neow_bonus":"RANDOM_COLORLESS","is_prod":false,"is_daily":false,"chose_seed":false,"campfire_upgraded":4,"win_rate":0,"timestamp":1540574396,"path_taken":["M","?","?","?","?","R","$","R","T","?","E","$","E","M","R","BOSS","M","M","?","?","$","R","M","?","T","R","$","R","E","E","R","BOSS"],"build_version":"2018-10-25v2","purchased_purges":3,"victory":false,"max_hp_per_floor":[71,71,71,76,76,76,76,76,76,76,76,76,76,76,76,76,76,76,76,76,76,76,76,76,76,76,76,76,76,76,76,76,76],"card_choices":[{"not_picked":["Double Energy","Aggregate"],"picked":"Streamline","floor":1.0},{"not_picked":["Consume","Rebound"],"picked":"Auto Shields","floor":11},{"not_picked":["Heatsinks","Barrage"],"picked":"FTL","floor":13},{"not_picked":["Hologram","Thunder Strike"],"picked":"Sweeping Beam","floor":14},{"not_picked":["Buffer","Meteor Strike"],"picked":"Electrodynamics","floor":16},{"not_picked":["Leap","Rebound"],"picked":"Genetic Algorithm","floor":18},{"not_picked":["Darkness","Rip and Tear","BootSequence"],"picked":"SKIP","floor":19},{"not_picked":["Hologram","Scrape"],"picked":"Defragment","floor":20},{"not_picked":["Darkness","Redo+1"],"picked":"Steam+1","floor":24},{"not_picked":["Undo+1","Leap","Streamline"],"picked":"SKIP","floor":30},{"not_picked":["Leap+1","Skim"],"picked":"Hello World","floor":31},{"not_picked":["Biased Cognition","Gash","Hologram"],"picked":"Ball Lightning","floor":32}],"player_experience":1477609,"relics_obtained":[{"floor":5,"key":"Bottled Tornado"},{"floor":9,"key":"Art of War"},{"floor":11,"key":"Bag of Preparation"},{"floor":13,"key":"Boot"},{"floor":25,"key":"WingedGreaves"},{"floor":25,"key":"Gremlin Horn"},{"floor":26,"key":"PreservedInsect"},{"floor":30,"key":"Dream Catcher"},{"floor":31,"key":"Question Card"}],"event_choices":[{"damage_healed":0,"gold_gain":0,"player_choice":"2 cards matched","damage_taken":0,"max_hp_gain":0,"max_hp_loss":0,"event_name":"Match and Keep!","floor":2,"gold_loss":0,"cards_obtained":["Biased Cognition","Cold Snap"]},{"damage_healed":0,"gold_gain":0,"player_choice":"Entered Light","damage_taken":21,"max_hp_gain":0,"max_hp_loss":0,"event_name":"Shining Light","floor":3,"gold_loss":0,"cards_upgraded":["Strike_B","Defend_B"]},{"damage_healed":0,"gold_gain":0,"player_choice":"Donut","damage_taken":0,"max_hp_gain":5,"max_hp_loss":0,"event_name":"Big Fish","floor":4,"gold_loss":0},{"damage_healed":19,"gold_gain":0,"player_choice":"Healed","damage_taken":0,"max_hp_gain":0,"max_hp_loss":0,"event_name":"The Cleric","floor":10,"gold_loss":35},{"damage_healed":0,"gold_gain":0,"player_choice":"Fight","damage_taken":0,"max_hp_gain":0,"max_hp_loss":0,"event_name":"Colosseum","floor":25,"gold_loss":0},{"damage_healed":0,"gold_gain":0,"player_choice":"Fought Nobs","damage_taken":0,"max_hp_gain":0,"max_hp_loss":0,"event_name":"Colosseum","floor":25,"gold_loss":0}],"is_beta":false,"boss_relics":[{"not_picked":["Lizard Tail","Empty Cage"],"picked":"Nuclear Battery"}],"items_purged_floors":[7,21,28],"is_endless":false,"potions_floor_spawned":[1,11,14,18,31],"killed_by":"Champ","ascension_level":15}