{"gold_per_floor":[163,178,103,103,117,117,133,167,167,191,43,43,57,7,7,137,137,153,76,67,67,166,166],"floor_reached":23,"playtime":732,"items_purged":["Strike_G"],"score":229,"play_id":"df34de82-83a4-44b6-993c-4f4c3288969c","local_time":"25610805153957","is_ascension_mode":true,"campfire_choices":[{"data":"Blade Dance","floor":6,"key":"SMITH"},{"floor":12,"key":"REST"},{"data":"Finisher","floor":15,"key":"SMITH"}],"neow_cost":"NONE","seed_source_timestamp":17549973321432,"circlet_count":0,"master_deck":["Defend_G+1","Defend_G","Defend_G","Defend_G","Strike_G","Strike_G","Strike_G","Strike_G","Survivor","Neutralize","Cloak And Dagger","Outmaneuver","Quick Slash","Blade Dance+1","Finisher+1","Slice","Sucker Punch","Die Die Die","Pain","Parasite","Pain","Predator+1","J.A.X.+1","Choke+1"],"relics":["Tiny House","Bloody Idol","Singing Bowl","Toxic Egg 2","Ancient Tea Set","Calling Bell","Oddly Smooth Stone","Blue Candle","Ginger"],"potions_floor_usage":[10,16,18,23,23],"damage_taken":[{"damage":0,"enemies":"Cultist","floor":1,"turns":4},{"damage":4,"enemies":"Jaw Worm","floor":2,"turns":5},{"damage":0,"enemies":"2 Louse","floor":5,"turns":4},{"damage":7,"enemies":"2 Fungi Beasts","floor":7,"turns":4},{"damage":20,"enemies":"Lagavulin","floor":8,"turns":6},{"damage":8,"enemies":"Exordium Wildlife","floor":10,"turns":4},{"damage":3,"enemies":"Blue Slaver","floor":13,"turns":4},{"damage":21,"enemies":"Slime Boss","floor":16,"turns":9},{"damage":23,"enemies":"Shell Parasite","floor":18,"turns":6},{"damage":29,"enemies":"2 Thieves","floor":20,"turns":4},{"damage":31,"enemies":"Book of Stabbing","floor":23,"turns":4}],"seed_played":"781977220076396899","potions_obtained":[{"floor":0,"key":"Poison Potion"},{"floor":2,"key":"Weak Potion"},{"floor":8,"key":"Swift Potion"},{"floor":13,"key":"Ancient Potion"},{"floor":16,"key":"Weak Potion"},{"floor":20,"key":"PowerPotion"}],"is_trial":false,"path_per_floor":["M","M","$","?","M","R","M","E","T","M","$","R","M","?","R","B",null,"M","?","M","?","?"],"character_chosen":"THE_SILENT","items_purchased":["Ancient Tea Set"],"campfire_rested":1,"item_purchase_floors":[11],"current_hp_per_floor":[75,71,71,53,53,53,46,28,28,20,20,43,40,40,40,19,77,54,54,25,25,30,0],"gold":166,"neow_bonus":"BOSS_RELIC","is_prod":false,"is_daily":false,"chose_seed":false,"campfire_upgraded":2,"win_rate":0,"timestamp":1533458397,"path_taken":["M","M","?","?","M","R","M","E","T","M","$","R","?","?","R","BOSS","M","?","M","?","?","E"],"build_version":"2018-08-02","purchased_purges":1,"victory":false,"max_hp_per_floor":[75,75,75,75,75,75,75,77,77,77,77,77,77,77,77,77,77,77,77,77,77,77,77],"card_choices":[{"not_picked":["Poisoned Stab","Backflip"],"picked":"Cloak And Dagger","floor":0},{"not_picked":["Dagger Spray","Prepared"],"picked":"Outmaneuver","floor":1},{"not_picked":["Bane","Wraith Form v2"],"picked":"Quick Slash","floor":2},{"not_picked":["Dagger Throw","Distraction"],"picked":"Blade Dance","floor":5},{"not_picked":["Skewer","Cloak And Dagger"],"picked":"Finisher","floor":7},{"not_picked":["Deadly Poison","Prepared","Heel Hook"],"picked":"Singing Bowl","floor":8},{"not_picked":["Dagger Spray","Well Laid Plans"],"picked":"Slice","floor":10},{"not_picked":["Bane","Deadly Poison+1"],"picked":"Sucker Punch","floor":13},{"not_picked":["After Image","Grand Finale"],"picked":"Die Die Die","floor":16},{"not_picked":["Bane","Quick Slash"],"picked":"Predator+1","floor":18},{"not_picked":["Grand Finale","Dodge and Roll+1"],"picked":"Choke+1","floor":20}],"player_experience":205157,"relics_obtained":[{"floor":8,"key":"Singing Bowl"},{"floor":9,"key":"Toxic Egg 2"},{"floor":17,"key":"Oddly Smooth Stone"},{"floor":17,"key":"Blue Candle"},{"floor":17,"key":"Ginger"}],"event_choices":[{"event_name":"Golden Idol","player_choice":"Take Damage","floor":4,"damage_taken":0},{"event_name":"The Cleric","player_choice":"Card Removal","floor":14,"damage_taken":0},{"event_name":"Drug Dealer","player_choice":"Got JAXXED","floor":19,"damage_taken":0},{"event_name":"Forgotten Altar","player_choice":"Gave Idol","floor":21,"damage_taken":0},{"event_name":"Nest","player_choice":"Stole From Cult","floor":22,"damage_taken":0}],"is_beta":false,"boss_relics":[{"not_picked":["Empty Cage","Runic Pyramid"],"picked":"Calling Bell"}],"items_purged_floors":[3],"is_endless":false,"potions_floor_spawned":[2,8,13,16,20],"killed_by":"Book of Stabbing","ascension_level":4}