{"gold_per_floor":[109,109,129,54,54,54,54,82,82,82,40,40,59,69,69,143,143,162,67,67,67,67,102,102,120,120,120],"floor_reached":27,"playtime":519,"items_purged":[],"score":504,"play_id":"17378117-8800-4567-97c3-833c7de79402","local_time":"25620318183225","is_ascension_mode":true,"campfire_choices":[{"data":"Bash","floor":6.0,"key":"SMITH"},{"data":"True Grit","floor":12.0,"key":"SMITH"},{"data":"Thunderclap","floor":15.0,"key":"SMITH"},{"data":"Madness","floor":24,"key":"SMITH"}],"neow_cost":"NONE","seed_source_timestamp":1818017643100,"circlet_count":0,"master_deck":["AscendersBane","Strike_R","Strike_R","Defend_R+1","Defend_R+1","Defend_R","Bash+1","Cleave","True Grit+1","Dropkick","Battle Trance","Thunderclap+1","Immolate","Disarm+1","Bloodletting+1","Flame Barrier+1","Dropkick","Madness+1"],"special_seed":0,"relics":["Burning Blood","NeowsBlessing","Happy Flower","Ice Cream","Gremlin Horn","Astrolabe","Enchiridion","Bird Faced Urn","Frozen Egg 2"],"potions_floor_usage":[25,27],"damage_taken":[{"damage":0.0,"enemies":"2 Louse","floor":1.0,"turns":1.0},{"damage":0.0,"enemies":"Small Slimes","floor":3.0,"turns":1.0},{"damage":0.0,"enemies":"Gremlin Nob","floor":8.0,"turns":1.0},{"damage":0.0,"enemies":"Cultist","floor":13.0,"turns":3.0},{"damage":0.0,"enemies":"Large Slime","floor":14.0,"turns":4.0},{"damage":18.0,"enemies":"Slime Boss","floor":16.0,"turns":5.0},{"damage":12.0,"enemies":"Shell Parasite","floor":18.0,"turns":5.0},{"damage":34,"enemies":"Gremlin Leader","floor":23,"turns":6},{"damage":25,"enemies":"Chosen","floor":25,"turns":5},{"damage":17,"enemies":"Centurion and Healer","floor":27,"turns":3}],"seed_played":"-1616259336013945808","potions_obtained":[{"floor":8.0,"key":"PowerPotion"},{"floor":14.0,"key":"Poison Potion"},{"floor":16.0,"key":"SkillPotion"},{"floor":18.0,"key":"EssenceOfSteel"},{"floor":25,"key":"Fire Potion"}],"is_trial":false,"path_per_floor":["M","?","M","?","?","R","?","E","T","?","$","R","M","M","R","B",null,"M","$","?","?","?","E","R","M","T","M"],"character_chosen":"IRONCLAD","items_purchased":["Dropkick","Madness"],"campfire_rested":0,"item_purchase_floors":[11,19],"current_hp_per_floor":[74,18,24,24,29,29,5,11,11,90,90,90,90,90,90,78,87,81,81,60,60,60,32,32,15,15,0],"gold":120,"neow_bonus":"THREE_ENEMY_KILL","is_prod":false,"is_daily":false,"chose_seed":false,"campfire_upgraded":4,"win_rate":0,"timestamp":1552908745,"path_taken":["M","?","M","?","?","R","?","E","T","?","$","R","?","M","R","BOSS","M","$","?","?","?","E","R","M","T","M"],"build_version":"2019-01-23","purchased_purges":0,"victory":false,"max_hp_per_floor":[75,75,75,75,80,80,80,80,80,90,90,90,90,90,90,90,90,90,90,90,90,90,90,90,90,90,90],"card_choices":[{"not_picked":["Warcry","Headbutt"],"picked":"Cleave","floor":1.0},{"not_picked":["Sever Soul","Clash"],"picked":"True Grit","floor":3.0},{"not_picked":["Armaments","Pummel"],"picked":"Offering","floor":8.0},{"not_picked":["Wild Strike","Flex"],"picked":"Battle Trance","floor":13.0},{"not_picked":["Heavy Blade","Seeing Red"],"picked":"Thunderclap","floor":14.0},{"not_picked":["Berserk","Brutality"],"picked":"Immolate","floor":16.0},{"not_picked":["Combust","Body Slam"],"picked":"Dropkick","floor":18.0},{"not_picked":["Evolve","Twin Strike","Cleave+1"],"picked":"SKIP","floor":23},{"not_picked":["Battle Trance","Sword Boomerang","Warcry"],"picked":"SKIP","floor":25}],"player_experience":321400,"relics_obtained":[{"floor":8.0,"key":"Ice Cream"},{"floor":9.0,"key":"Gremlin Horn"},{"floor":20,"key":"Enchiridion"},{"floor":23,"key":"Bird Faced Urn"},{"floor":26,"key":"Frozen Egg 2"}],"event_choices":[{"damage_healed":0.0,"max_hp_gain":0.0,"max_hp_loss":0.0,"gold_gain":0.0,"event_name":"Scrap Ooze","player_choice":"Success","floor":2.0,"gold_loss":0.0,"damage_taken":56.0,"relics_obtained":["Happy Flower"]},{"cards_removed":["Strike_R"],"damage_healed":0.0,"max_hp_gain":0.0,"max_hp_loss":0.0,"gold_gain":0.0,"event_name":"The Cleric","player_choice":"Card Removal","floor":4.0,"gold_loss":75.0,"damage_taken":0.0},{"damage_healed":0.0,"max_hp_gain":5.0,"max_hp_loss":0.0,"gold_gain":0.0,"event_name":"Big Fish","player_choice":"Donut","floor":5.0,"gold_loss":0.0,"damage_taken":0.0},{"damage_healed":0.0,"max_hp_gain":0.0,"max_hp_loss":0.0,"gold_gain":0.0,"event_name":"Shining Light","player_choice":"Entered Light","floor":7.0,"gold_loss":0.0,"damage_taken":24.0,"cards_upgraded":["Defend_R","Defend_R"]},{"cards_removed":["Offering"],"damage_healed":69.0,"max_hp_gain":10.0,"max_hp_loss":0.0,"gold_gain":0.0,"event_name":"Bonfire Elementals","player_choice":"Offered Rare","floor":10.0,"gold_loss":0.0,"damage_taken":0.0},{"damage_healed":0,"gold_gain":0,"player_choice":"Obtained Book","damage_taken":21,"max_hp_gain":0,"max_hp_loss":0,"event_name":"Cursed Tome","floor":20,"gold_loss":0},{"damage_healed":0,"gold_gain":0,"player_choice":"Ignored","damage_taken":0,"max_hp_gain":0,"max_hp_loss":0,"event_name":"Beggar","floor":21,"gold_loss":0},{"damage_healed":0,"gold_gain":0,"player_choice":"Ignored","damage_taken":0,"max_hp_gain":0,"max_hp_loss":0,"event_name":"Vampires","floor":22,"gold_loss":0}],"is_beta":false,"boss_relics":[{"not_picked":["Runic Dome","White Beast Statue"],"picked":"Astrolabe"}],"items_purged_floors":[],"is_endless":false,"potions_floor_spawned":[8,14,16,18,25],"killed_by":"Centurion and Healer","ascension_level":20}