{"gold_per_floor":[117,117,134,147,147,147,147,147,163,180,228,228,255,255,265,379,379,453,453,468,16,16,16,35,35],"floor_reached":25,"playtime":1285,"items_purged":["Strike_B"],"score":406,"play_id":"5c1ed310-210a-4d04-ad39-ac7fe85e19ad","local_time":"20190326005026","is_ascension_mode":true,"campfire_choices":[{"data":"Zap","floor":8.0,"key":"SMITH"},{"data":"BasicCrystalCard","floor":14.0,"key":"SMITH"},{"floor":17.0,"key":"DIG"}],"neow_cost":"NONE","seed_source_timestamp":19676456591400,"circlet_count":0,"master_deck":["AscendersBane","Strike_B","Strike_B+1","Defend_B","Defend_B","Defend_B","Defend_B+1","Zap+1","Dualcast","Streamline","Ball Lightning","Self Repair","BasicCrystalCard+1","Conserve Battery","ReplayGash","Creative AI","Turbo","Beam Cell","Gash"],"special_seed":0,"relics":["Eternal Feather","Mercury Hourglass","Happy Flower","SsserpentHead","Simple Rune","Lantern","Replay:Bronze Core","Snack Pack"],"potions_floor_usage":[24],"damage_taken":[{"damage":4.0,"enemies":"Small Slimes","floor":1.0,"turns":4.0},{"damage":3.0,"enemies":"2 Louse","floor":3.0,"turns":2.0},{"damage":6.0,"enemies":"Cultist","floor":4.0,"turns":3.0},{"damage":14.0,"enemies":"Exordium Wildlife","floor":9.0,"turns":4.0},{"damage":22.0,"enemies":"Gremlin Gang","floor":10.0,"turns":4.0},{"damage":24.0,"enemies":"Erikyupuro","floor":13.0,"turns":7.0},{"damage":6.0,"enemies":"2 Fungi Beasts","floor":15.0,"turns":3.0},{"damage":5.0,"enemies":"Large Slime","floor":16.0,"turns":4.0},{"damage":20.0,"enemies":"Fading Forest","floor":18.0,"turns":13.0},{"damage":38.0,"enemies":"Shell Parasite","floor":20.0,"turns":6.0},{"damage":22,"enemies":"Spheric Guardian","floor":24,"turns":5},{"damage":21,"enemies":"Centurion and Healer","floor":25,"turns":2}],"seed_played":"-2320094619323597885","potions_obtained":[{"floor":3.0,"key":"Weak Potion"},{"floor":9.0,"key":"Swift Potion"},{"floor":16.0,"key":"LifebloodPotion"},{"floor":20.0,"key":"FearPotion"}],"is_trial":false,"path_per_floor":["M","?","M","M","?","PTL","PTL","R","M","M","T","?","E","R","M","M","R","B",null,"M","$","PTL","PTL","M","M"],"character_chosen":"DEFECT","items_purchased":["Snack Pack","Beam Cell","Adrenaline Potion"],"campfire_rested":0,"item_purchase_floors":[21,21,21],"current_hp_per_floor":[60,53,50,44,44,44,44,50,43,28,28,28,8,14,8,10,19,14,57,26,26,26,26,13,0],"gold":35,"neow_bonus":"BOSS_RELIC","is_prod":false,"is_daily":false,"chose_seed":false,"campfire_upgraded":2,"win_rate":0,"timestamp":1553532626,"path_taken":["M","?","M","M","?","PTL","PTL","R","M","?","T","?","E","R","M","?","R","BOSS","M","$","PTL","PTL","M","M"],"build_version":"2019-03-15","purchased_purges":1,"victory":false,"max_hp_per_floor":[71,71,71,71,71,71,71,71,71,71,71,71,71,71,71,71,71,71,71,71,71,71,71,71,71],"card_choices":[{"not_picked":["Fusion","Hologram"],"picked":"Streamline","floor":1.0},{"not_picked":["Leap","Barrage"],"picked":"Ball Lightning","floor":3.0},{"not_picked":["Consume","Rebound"],"picked":"Self Repair","floor":4.0},{"not_picked":["Panic Button","Doom and Gloom","Redo"],"picked":"SKIP","floor":9.0},{"not_picked":["Redo","Stack"],"picked":"BasicCrystalCard","floor":10.0},{"not_picked":["Ball Lightning","Go for the Eyes","Stack"],"picked":"SKIP","floor":13.0},{"not_picked":["BasicCrystalCard","Ball Lightning"],"picked":"Conserve Battery","floor":15.0},{"not_picked":["Sweeping Beam","Reinforced Body"],"picked":"ReplayGash","floor":16.0},{"not_picked":["Fission","Machine Learning"],"picked":"Creative AI","floor":18.0},{"not_picked":["Stack","Sunder"],"picked":"Turbo","floor":20.0},{"not_picked":["Turbo","Panic Button"],"picked":"Gash","floor":24}],"player_experience":1292983,"relics_obtained":[{"floor":5.0,"key":"Mercury Hourglass"},{"floor":11.0,"key":"Happy Flower"},{"floor":13.0,"key":"Simple Rune"},{"floor":17.0,"key":"Lantern"}],"event_choices":[{"cards_removed":["Strike_B"],"damage_healed":0.0,"max_hp_gain":0.0,"max_hp_loss":0.0,"gold_gain":0.0,"event_name":"Golden Wing","player_choice":"Card Removal","floor":2.0,"gold_loss":0.0,"damage_taken":7.0},{"damage_healed":0.0,"max_hp_gain":0.0,"max_hp_loss":0.0,"gold_gain":0.0,"event_name":"Wheel of Change","player_choice":"Relic","floor":5.0,"gold_loss":0.0,"damage_taken":0.0},{"damage_healed":0.0,"max_hp_gain":0.0,"max_hp_loss":0.0,"gold_gain":0.0,"event_name":"FaceTrader","player_choice":"Trade","floor":12.0,"gold_loss":0.0,"damage_taken":0.0,"relics_obtained":["SsserpentHead"]}],"is_beta":true,"boss_relics":[{"not_picked":["Painkiller Herb","ChewingGum"],"picked":"Replay:Bronze Core"}],"items_purged_floors":[21],"is_endless":false,"potions_floor_spawned":[3,9,16,20],"killed_by":"Centurion and Healer","ascension_level":20}