{"gold_per_floor":[17,28,45,45,58,58,87,87,110,140,158,174,174,174,174,274,324,337,252,252,50,63,98,98,116,194,194,228,228],"floor_reached":29,"playtime":801,"items_purged":[],"score":302,"play_id":"95ec6aaa-4928-4dad-a70f-048329264fb8","local_time":"25610806195425","is_ascension_mode":true,"campfire_choices":[{"data":"Zap","floor":6.0,"key":"SMITH"},{"floor":13.0,"key":"REST"},{"data":"Defragment","floor":15.0,"key":"SMITH"},{"floor":24,"key":"REST"},{"data":"Reinforced Body","floor":27,"key":"SMITH"}],"neow_cost":"NO_GOLD","seed_source_timestamp":0,"circlet_count":0,"master_deck":["Strike_B+1","Strike_B","Strike_B","Strike_B","Defend_B","Defend_B","Defend_B","Defend_B+1","Zap+1","Dualcast+1","Defragment+1","Ball Lightning+1","Sweeping Beam","Reinforced Body+1","BootSequence","All For One","Double Energy","Seek+1","FTL","White Noise","Beam Cell","Chill+1","Scrape","Rip and Tear+1"],"special_seed":0,"relics":["Cracked Core","Odd Mushroom","Oddly Smooth Stone","Whetstone","Omamori","Tiny House","Boot","Ancient Tea Set","Chemical X","Bag of Marbles","Molten Egg 2","Turnip"],"potions_floor_usage":[28],"damage_taken":[{"damage":7.0,"enemies":"Small Slimes","floor":1.0,"turns":2.0},{"damage":7.0,"enemies":"Jaw Worm","floor":2.0,"turns":2.0},{"damage":1.0,"enemies":"2 Louse","floor":3.0,"turns":2.0},{"damage":3.0,"enemies":"Blue Slaver","floor":5.0,"turns":3.0},{"damage":4.0,"floor":7.0,"turns":3.0},{"damage":12.0,"enemies":"Lagavulin","floor":10.0,"turns":5.0},{"damage":0.0,"enemies":"Looter","floor":11.0,"turns":3.0},{"damage":0.0,"enemies":"Large Slime","floor":12.0,"turns":3.0},{"damage":1.0,"enemies":"Slime Boss","floor":16.0,"turns":7.0},{"damage":11.0,"enemies":"Spheric Guardian","floor":18.0,"turns":3.0},{"damage":19.0,"enemies":"Shell Parasite","floor":22.0,"turns":5.0},{"damage":19,"enemies":"Book of Stabbing","floor":23,"turns":4},{"damage":3,"enemies":"Centurion and Healer","floor":25,"turns":5},{"damage":42,"enemies":"Gremlin Leader","floor":28,"turns":7},{"damage":11,"enemies":"Snake Plant","floor":29,"turns":1}],"seed_played":"6623788358241506770","potions_obtained":[{"floor":1.0,"key":"Ancient Potion"},{"floor":5.0,"key":"Swift Potion"},{"floor":7.0,"key":"Dexterity Potion"},{"floor":17.0,"key":"LiquidBronze"},{"floor":18.0,"key":"SteroidPotion"},{"floor":23,"key":"Fire Potion"}],"is_trial":false,"path_per_floor":["M","M","M","?","M","R","?","?","T","E","M","M","R","T","R","B",null,"M","?","?","$","M","E","R","M","T","R","E"],"character_chosen":"DEFECT","items_purchased":["Chemical X"],"campfire_rested":2,"item_purchase_floors":[21],"current_hp_per_floor":[68,61,60,45,42,42,38,38,38,26,26,26,48,48,48,47,80,69,69,69,69,50,31,55,52,52,52,10,0],"gold":228,"neow_bonus":"THREE_RARE_CARDS","is_prod":false,"is_daily":false,"chose_seed":false,"campfire_upgraded":3,"win_rate":0,"timestamp":1533560065,"path_taken":["M","M","M","?","M","R","?","?","T","E","M","M","R","?","R","BOSS","M","?","?","$","M","E","R","M","T","R","E","M"],"build_version":"2018-08-02","purchased_purges":0,"victory":false,"max_hp_per_floor":[75,75,75,75,75,75,75,75,75,75,75,75,75,75,75,75,80,80,80,80,80,80,80,80,80,80,80,80,80],"card_choices":[{"not_picked":["Machine Learning","Reboot"],"picked":"Buffer","floor":0.0},{"not_picked":["Auto Shields","Double Energy"],"picked":"Defragment","floor":1.0},{"not_picked":["Barrage","Doom and Gloom"],"picked":"Ball Lightning","floor":2.0},{"not_picked":["Tempest","Turbo"],"picked":"Sweeping Beam","floor":3.0},{"not_picked":["Compile Driver","Static Discharge"],"picked":"Reinforced Body","floor":5.0},{"not_picked":["Streamline","Turbo"],"picked":"BootSequence","floor":7.0},{"not_picked":["Compile Driver","Hologram"],"picked":"All For One","floor":10.0},{"not_picked":["Force Field","Sweeping Beam"],"picked":"Double Energy","floor":11.0},{"not_picked":["Barrage","Fusion","Static Discharge"],"picked":"SKIP","floor":12.0},{"not_picked":["Amplify","Thunder Strike"],"picked":"Seek","floor":16.0},{"not_picked":["Scrape","Darkness"],"picked":"FTL","floor":17.0},{"not_picked":["Sweeping Beam+1","Recycle"],"picked":"White Noise","floor":18.0},{"not_picked":["Recycle","Ball Lightning"],"picked":"Beam Cell","floor":22.0},{"not_picked":["Self Repair","Force Field+1"],"picked":"Chill+1","floor":23},{"not_picked":["Streamline","Loop"],"picked":"Scrape","floor":25},{"not_picked":["Leap","Consume"],"picked":"Rip and Tear+1","floor":28}],"player_experience":209814,"relics_obtained":[{"floor":7.0,"key":"Odd Mushroom"},{"floor":9.0,"key":"Oddly Smooth Stone"},{"floor":10.0,"key":"Whetstone"},{"floor":14.0,"key":"Omamori"},{"floor":23,"key":"Bag of Marbles"},{"floor":26,"key":"Molten Egg 2"},{"floor":28,"key":"Turnip"}],"event_choices":[{"event_name":"Shining Light","player_choice":"Entered Light","floor":4.0,"damage_taken":0.0},{"event_name":"Mushrooms","player_choice":"Fought Mushrooms","floor":7.0,"damage_taken":0.0},{"event_name":"Dead Adventurer","player_choice":"Searched \u00271\u0027 times","floor":8.0,"damage_taken":0.0},{"event_name":"Addict","player_choice":"Obtained Relic","floor":19.0,"damage_taken":0.0},{"event_name":"The Mausoleum","player_choice":"Yes","floor":20.0,"damage_taken":0.0}],"is_beta":false,"boss_relics":[{"not_picked":["Velvet Choker","Coffee Dripper"],"picked":"Tiny House"}],"items_purged_floors":[],"is_endless":false,"potions_floor_spawned":[1,5,7,18,23],"killed_by":"Snake Plant","ascension_level":3}