{"gold_per_floor":[109,384,399,415,490,490,522,522,522,522,283,311,329,1,1,77,77,92,7,26,26,26,59,59,75,102,117,117,136,136,162,162,239,239,255,355,366,380,396,427,167,196,222,222,222,172,172,199,199,199,199,199,199,8,43,43],"floor_reached":57,"playtime":3123,"items_purged":["Regret","Strike_R","Parasite","Strike_R","Headbutt"],"score":3376,"play_id":"1c74aabe-07a0-4944-8928-002a9e94bcaf","local_time":"20190106171818","is_ascension_mode":true,"campfire_choices":[{"data":"Bash","floor":6.0,"key":"SMITH"},{"data":"Pommel Strike","floor":8.0,"key":"SMITH"},{"floor":10.0,"key":"REST"},{"data":"Body Slam","floor":15.0,"key":"SMITH"},{"floor":28.0,"key":"REST"},{"data":"Immolate","floor":30.0,"key":"SMITH"},{"floor":32.0,"key":"REST"},{"data":"Entrench","floor":44.0,"key":"SMITH"},{"data":"Burning Pact","floor":45.0,"key":"SMITH"},{"data":"Barricade","floor":47.0,"key":"SMITH"},{"floor":49.0,"key":"RECALL"},{"data":"Twin Strike","floor":53.0,"key":"PURGE"}],"neow_cost":"NONE","seed_source_timestamp":6092605833777,"circlet_count":0,"master_deck":["AscendersBane","Defend_R","Defend_R","Defend_R","Bash+1","Power Through","Pommel Strike+1","Evolve","Reaper","Burning Pact+1","Body Slam+1","Immolate+1","Battle Trance","Fiend Fire","Seeing Red","Armaments+1","Barricade+1","Second Wind","Feel No Pain","Entrench+1"],"special_seed":0,"relics":["Burning Blood","Vajra","Unceasing Top","Mummified Hand","Gambling Chip","Medical Kit","Philosopher\u0027s Stone","Pen Nib","Smiling Mask","Anchor","Paper Frog","Empty Cage","WingedGreaves","Pear","Peace Pipe","Incense Burner","Orichalcum"],"potions_floor_usage":[55],"damage_taken":[{"damage":7.0,"enemies":"Small Slimes","floor":1.0,"turns":3.0},{"damage":13.0,"enemies":"Cultist","floor":3.0,"turns":4.0},{"damage":5.0,"enemies":"2 Louse","floor":4.0,"turns":3.0},{"damage":40.0,"enemies":"Gremlin Nob","floor":7.0,"turns":5.0},{"damage":30.0,"enemies":"3 Sentries","floor":12.0,"turns":8.0},{"damage":0.0,"enemies":"Exordium Wildlife","floor":13.0,"turns":5.0},{"damage":37.0,"enemies":"Hexaghost","floor":16.0,"turns":11.0},{"damage":13.0,"enemies":"Spheric Guardian","floor":18.0,"turns":4.0},{"damage":21.0,"enemies":"Shell Parasite","floor":20.0,"turns":6.0},{"damage":0.0,"enemies":"Sentry and Sphere","floor":21.0,"turns":1.0},{"damage":41.0,"enemies":"Book of Stabbing","floor":23.0,"turns":3.0},{"damage":0.0,"enemies":"Snecko","floor":25.0,"turns":2.0},{"damage":17.0,"enemies":"Snake Plant","floor":27.0,"turns":3.0},{"damage":33.0,"enemies":"Shelled Parasite and Fungi","floor":29.0,"turns":5.0},{"damage":16.0,"enemies":"Gremlin Leader","floor":31.0,"turns":5.0},{"damage":36.0,"enemies":"Collector","floor":33.0,"turns":8.0},{"damage":10.0,"enemies":"3 Darklings","floor":35.0,"turns":4.0},{"damage":0.0,"enemies":"Mind Bloom Boss Battle","floor":36.0,"turns":4.0},{"damage":7.0,"enemies":"3 Shapes","floor":37.0,"turns":5.0},{"damage":7.0,"enemies":"Maw","floor":38.0,"turns":8.0},{"damage":47.0,"enemies":"Writhing Mass","floor":39.0,"turns":10.0},{"damage":26.0,"enemies":"Giant Head","floor":40.0,"turns":8.0},{"damage":17.0,"enemies":"Reptomancer","floor":42.0,"turns":6.0},{"damage":0.0,"enemies":"Giant Head","floor":48.0,"turns":6.0},{"damage":0.0,"enemies":"Donu and Deca","floor":50.0,"turns":10.0},{"damage":0.0,"enemies":"Time Eater","floor":51.0,"turns":7.0},{"damage":0,"enemies":"Shield and Spear","floor":55,"turns":4},{"damage":0,"enemies":"The Heart","floor":56,"turns":7}],"seed_played":"2924244596805210647","potions_obtained":[{"floor":3.0,"key":"Block Potion"},{"floor":4.0,"key":"SneckoOil"},{"floor":13.0,"key":"SmokeBomb"},{"floor":18.0,"key":"Poison Potion"},{"floor":20.0,"key":"AttackPotion"},{"floor":29.0,"key":"Dexterity Potion"},{"floor":31.0,"key":"Ancient Potion"},{"floor":37.0,"key":"FearPotion"},{"floor":39.0,"key":"Regen Potion"}],"is_trial":false,"path_per_floor":["M","?","M","M","?","R","E","R","T","R","$","E","M","$","R","B",null,"M","?","M","M","?","E","?","M","T","M","R","M","R","E","R","B",null,"M","?","M","M","M","E","$","E","T","R","R","$","R","E","R","B","B",null,"R","$","E","B",null],"character_chosen":"IRONCLAD","items_purchased":["Burning Pact","LiquidBronze","Medical Kit","Second Wind","Feel No Pain","GamblersBrew","GamblersBrew","Energy Potion"],"campfire_rested":3,"item_purchase_floors":[11,11,14,41,41,41,54,54],"current_hp_per_floor":[67,67,60,61,50,50,16,16,16,38,38,29,40,40,40,9,59,52,52,37,43,43,15,15,21,21,14,36,16,16,21,43,26,63,75,75,74,75,37,42,42,31,31,31,31,31,31,37,37,43,49,74,74,74,82,82],"gold":43,"neow_bonus":"RANDOM_COMMON_RELIC","is_prod":false,"is_daily":false,"chose_seed":false,"campfire_upgraded":7,"win_rate":0,"timestamp":1546766298,"path_taken":["M","?","M","?","?","R","E","R","T","R","?","E","?","$","R","BOSS","M","?","M","M","?","E","?","M","T","?","R","M","R","E","R","BOSS","M","?","M","M","M","E","$","E","T","R","R","$","R","E","R","BOSS","BOSS","R","$","E","BOSS"],"build_version":"2019-01-03v4","purchased_purges":5,"victory":true,"max_hp_per_floor":[75,75,75,75,75,75,75,75,75,75,75,75,75,75,75,75,75,75,75,75,75,75,75,75,75,75,75,75,75,75,75,75,75,75,75,75,75,75,75,85,82,82,82,82,82,82,82,82,82,82,82,82,82,82,82,82],"card_choices":[{"not_picked":["Cleave","Combust"],"picked":"Power Through","floor":1.0},{"not_picked":["Havoc","Searing Blow"],"picked":"Pommel Strike","floor":3.0},{"not_picked":["Sword Boomerang","Dual Wield"],"picked":"Evolve","floor":4.0},{"not_picked":["Iron Wave","Wild Strike"],"picked":"Reaper","floor":7.0},{"not_picked":["Disarm","Perfected Strike"],"picked":"Body Slam","floor":12.0},{"not_picked":["True Grit","Shrug It Off","Headbutt"],"picked":"SKIP","floor":13.0},{"not_picked":["Offering","Impervious"],"picked":"Immolate","floor":16.0},{"not_picked":["Ghostly Armor","Rage"],"picked":"Battle Trance","floor":18.0},{"not_picked":["Armaments","Spot Weakness+1","Warcry"],"picked":"SKIP","floor":20.0},{"not_picked":["Whirlwind","Perfected Strike"],"picked":"Seeing Red","floor":23.0},{"not_picked":["Uppercut","Clothesline","Combust"],"picked":"SKIP","floor":25.0},{"not_picked":["Cleave","Havoc"],"picked":"Headbutt","floor":27.0},{"not_picked":["Perfected Strike","Searing Blow","Berserk"],"picked":"SKIP","floor":29.0},{"not_picked":["Clothesline","Perfected Strike+1"],"picked":"Armaments+1","floor":31.0},{"not_picked":["Double Tap","Demon Form"],"picked":"Barricade","floor":33.0},{"not_picked":["Armaments","Thunderclap","Infernal Blade"],"picked":"SKIP","floor":35.0},{"not_picked":["Searing Blow","Body Slam","Pommel Strike"],"picked":"SKIP","floor":37.0},{"not_picked":["Havoc","Twin Strike","Corruption"],"picked":"SKIP","floor":38.0},{"not_picked":["Thunderclap","Fire Breathing","Flame Barrier"],"picked":"SKIP","floor":39.0},{"not_picked":["Inflame+1","Headbutt+1","Bludgeon"],"picked":"SKIP","floor":40.0},{"not_picked":["Rage","Infernal Blade"],"picked":"Entrench","floor":42.0},{"not_picked":["Power Through","Burning Pact","Sever Soul+1"],"picked":"SKIP","floor":48.0},{"not_picked":["Bloodletting","Pommel Strike+1","Reaper"],"picked":"SKIP","floor":55}],"player_experience":2486385,"relics_obtained":[{"floor":7.0,"key":"Unceasing Top"},{"floor":9.0,"key":"Mummified Hand"},{"floor":12.0,"key":"Gambling Chip"},{"floor":23.0,"key":"Smiling Mask"},{"floor":26.0,"key":"Anchor"},{"floor":31.0,"key":"Paper Frog"},{"floor":36.0,"key":"WingedGreaves"},{"floor":40.0,"key":"Pear"},{"floor":42.0,"key":"Peace Pipe"},{"floor":48.0,"key":"Incense Burner"},{"floor":55,"key":"Orichalcum"}],"event_choices":[{"damage_healed":0.0,"max_hp_gain":0.0,"max_hp_loss":0.0,"gold_gain":275.0,"event_name":"Golden Shrine","player_choice":"Desecrate","floor":2.0,"gold_loss":0.0,"damage_taken":0.0,"cards_obtained":["Regret"]},{"damage_healed":0.0,"max_hp_gain":0.0,"max_hp_loss":0.0,"gold_gain":75.0,"event_name":"World of Goop","player_choice":"Gather Gold","floor":5.0,"gold_loss":0.0,"damage_taken":11.0},{"damage_healed":0.0,"max_hp_gain":0.0,"max_hp_loss":0.0,"gold_gain":0.0,"event_name":"Addict","player_choice":"Obtained Relic","floor":19.0,"gold_loss":85.0,"damage_taken":0.0,"relics_obtained":["Pen Nib"]},{"damage_healed":0.0,"max_hp_gain":0.0,"max_hp_loss":0.0,"gold_gain":0.0,"cards_transformed":["Strike_R","Defend_R"],"event_name":"Drug Dealer","player_choice":"Became Test Subject","floor":22.0,"gold_loss":0.0,"damage_taken":0.0,"cards_obtained":["Fiend Fire","Twin Strike"]},{"damage_healed":0.0,"max_hp_gain":0.0,"max_hp_loss":0.0,"gold_gain":0.0,"event_name":"The Mausoleum","player_choice":"Ignored","floor":24.0,"gold_loss":0.0,"damage_taken":0.0},{"damage_healed":0.0,"max_hp_gain":0.0,"max_hp_loss":0.0,"gold_gain":0.0,"event_name":"MindBloom","player_choice":"Fight","floor":36.0,"gold_loss":0.0,"damage_taken":0.0}],"is_beta":false,"boss_relics":[{"not_picked":["Orrery","Eternal Feather"],"picked":"Philosopher\u0027s Stone"},{"not_picked":["Snecko Eye","Calling Bell"],"picked":"Empty Cage"}],"items_purged_floors":[11,14,41,46,54],"is_endless":false,"potions_floor_spawned":[3,4,13,18,20,29,31,37,39,42],"ascension_level":20}