{"gold_per_floor":[113,113,131,145,63,90,90,115,168,198,215,43,55,55,55,185,185,209,134,154,19,19,83,83,108,134,150,171,224,264,279,279,279],"floor_reached":33,"playtime":1285,"items_purged":["Strike_G","Decay"],"score":384,"play_id":"a33eb400-cc7d-45a9-8f35-7537e6f38c0d","local_time":"25611016164550","is_ascension_mode":true,"campfire_choices":[{"data":"Glass Knife","floor":7.0,"key":"SMITH"},{"floor":15.0,"key":"REST"},{"floor":24.0,"key":"REST"},{"floor":32,"key":"REST"}],"neow_cost":"","seed_source_timestamp":17834160333187,"circlet_count":0,"master_deck":["Defend_G+1","Defend_G","Defend_G","Defend_G","Defend_G+1","Strike_G","Strike_G","Strike_G","Survivor","Neutralize","Riddle With Holes","Sucker Punch","Glass Knife+1","After Image","Finisher","Dagger Spray","Well Laid Plans","PanicButton","Envenom","Tools of the Trade","Riddle With Holes+1","Leg Sweep","Footwork","Shame","Infinite Blades+1","Deflect+1","Dodge and Roll+1","Quick Slash+1"],"special_seed":0,"relics":["Ring of the Snake","Gremlin Horn","PreservedInsect","Omamori","Vajra","Shovel","Golden Idol","Calling Bell","Regal Pillow","Mercury Hourglass","Girya","Bronze Scales","Tiny Chest","War Paint","Bag of Preparation","Matryoshka"],"potions_floor_usage":[28,28,30,33,33],"damage_taken":[{"damage":0.0,"enemies":"2 Louse","floor":1.0,"turns":2.0},{"damage":6.0,"enemies":"Jaw Worm","floor":3.0,"turns":6.0},{"damage":2.0,"enemies":"Cultist","floor":4.0,"turns":4.0},{"damage":16.0,"enemies":"Gremlin Nob","floor":6.0,"turns":4.0},{"damage":6.0,"enemies":"Lagavulin","floor":8.0,"turns":3.0},{"damage":3.0,"enemies":"3 Sentries","floor":10.0,"turns":4.0},{"damage":0.0,"enemies":"Blue Slaver","floor":11.0,"turns":1.0},{"damage":2.0,"enemies":"Large Slime","floor":13.0,"turns":3.0},{"damage":4.0,"enemies":"Hexaghost","floor":16.0,"turns":8.0},{"damage":8.0,"enemies":"3 Byrds","floor":18.0,"turns":4.0},{"damage":14.0,"enemies":"Shell Parasite","floor":20.0,"turns":5.0},{"damage":22.0,"enemies":"Gremlin Leader","floor":23.0,"turns":3.0},{"damage":8.0,"enemies":"Snake Plant","floor":25.0,"turns":4.0},{"damage":13.0,"enemies":"Centurion and Healer","floor":27.0,"turns":5.0},{"damage":0,"enemies":"Chosen and Byrds","floor":28,"turns":4},{"damage":19,"enemies":"Book of Stabbing","floor":30,"turns":4},{"damage":12,"enemies":"3 Cultists","floor":31,"turns":5},{"damage":52,"enemies":"Automaton","floor":33,"turns":10}],"seed_played":"2792103617397965999","potions_obtained":[{"floor":6.0,"key":"PowerPotion"},{"floor":10.0,"key":"Dexterity Potion"},{"floor":11.0,"key":"FearPotion"},{"floor":16.0,"key":"Energy Potion"},{"floor":18.0,"key":"Block Potion"},{"floor":25.0,"key":"SteroidPotion"},{"floor":27.0,"key":"FearPotion"},{"floor":28,"key":"FearPotion"},{"floor":30,"key":"Poison Potion"},{"floor":31,"key":"Energy Potion"}],"is_trial":false,"path_per_floor":["M","?","M","M","?","E","R","E","T","E","M","$","M","?","R","B",null,"M","?","M","$","?","E","R","M","T","M","M","T","E","M","R"],"character_chosen":"THE_SILENT","items_purchased":["PanicButton","Footwork"],"campfire_rested":3,"item_purchase_floors":[12,21],"current_hp_per_floor":[70,70,64,62,62,46,46,40,40,37,37,37,35,35,56,52,66,58,58,44,44,44,22,58,50,50,37,37,37,18,6,42,0],"gold":279,"neow_bonus":"","is_prod":false,"is_daily":false,"chose_seed":false,"campfire_upgraded":1,"win_rate":0,"timestamp":1539683150,"path_taken":["M","?","M","M","?","E","R","E","T","E","M","$","M","?","R","BOSS","M","?","M","$","?","E","R","M","T","M","M","?","E","?","R","BOSS"],"build_version":"2018-10-11","purchased_purges":2,"victory":false,"max_hp_per_floor":[70,70,70,70,70,70,70,70,70,70,70,70,70,70,70,70,70,70,70,70,70,70,70,70,70,70,70,70,70,70,70,70,70],"card_choices":[{"not_picked":["Backflip","Dagger Throw"],"picked":"Riddle With Holes","floor":1.0},{"not_picked":["Escape Plan","Deflect"],"picked":"Sucker Punch","floor":3.0},{"not_picked":["Setup","Blade Dance"],"picked":"Glass Knife","floor":4.0},{"not_picked":["Crippling Poison","Choke"],"picked":"After Image","floor":6.0},{"not_picked":["Reflex","Leg Sweep"],"picked":"Finisher","floor":8.0},{"not_picked":["Prepared","Dagger Throw"],"picked":"Dagger Spray","floor":10.0},{"not_picked":["Flying Knee","Slice"],"picked":"Well Laid Plans","floor":11.0},{"not_picked":["Quick Slash","Acrobatics"],"picked":"Envenom","floor":13.0},{"not_picked":["Night Terror","Doppelganger"],"picked":"Tools of the Trade","floor":16.0},{"not_picked":["Poisoned Stab","Slice"],"picked":"Riddle With Holes+1","floor":18.0},{"not_picked":["Poisoned Stab","Caltrops"],"picked":"Leg Sweep","floor":20.0},{"not_picked":["Quick Slash","Heel Hook+1"],"picked":"Infinite Blades+1","floor":23.0},{"not_picked":["Cloak And Dagger","Underhanded Strike+1"],"picked":"Deflect+1","floor":25.0},{"not_picked":["Choke","Tactician","Slice"],"picked":"SKIP","floor":27.0},{"not_picked":["Dodge and Roll","Well Laid Plans","Heel Hook"],"picked":"SKIP","floor":28},{"not_picked":["Night Terror","PiercingWail"],"picked":"Dodge and Roll+1","floor":30},{"not_picked":["Endless Agony+1","Flying Knee"],"picked":"Quick Slash+1","floor":31}],"player_experience":219196,"relics_obtained":[{"floor":6.0,"key":"PreservedInsect"},{"floor":8.0,"key":"Omamori"},{"floor":9.0,"key":"Vajra"},{"floor":10.0,"key":"Shovel"},{"floor":17.0,"key":"Regal Pillow"},{"floor":17.0,"key":"Mercury Hourglass"},{"floor":17.0,"key":"Girya"},{"floor":23.0,"key":"Tiny Chest"},{"floor":26.0,"key":"War Paint"},{"floor":29,"key":"Bag of Preparation"},{"floor":30,"key":"Matryoshka"}],"event_choices":[{"event_name":"Living Wall","player_choice":"Forget","floor":2.0,"damage_taken":0.0},{"event_name":"WeMeetAgain","player_choice":"Gold","floor":5.0,"damage_taken":0.0},{"event_name":"Golden Idol","player_choice":"Take Wound","floor":14.0,"damage_taken":0.0},{"event_name":"Beggar","player_choice":"Gave Gold","floor":19.0,"damage_taken":0.0},{"event_name":"Addict","player_choice":"Stole Relic","floor":22.0,"damage_taken":0.0}],"is_beta":false,"boss_relics":[{"not_picked":["Velvet Choker","Sozu"],"picked":"Calling Bell"}],"items_purged_floors":[12,21],"is_endless":false,"potions_floor_spawned":[6,10,11,16,18,25,27,28,30,31],"killed_by":"Automaton","ascension_level":5}