{"gold_per_floor":[117,192,207,221,30,60,60,70,70,82,100,132,185,200,200,300,300,317,317,333,348,273,273,15,30,30,60,78,78,78,98,98,98],"floor_reached":33,"playtime":5073,"items_purged":[],"score":331,"play_id":"a232a970-dc17-470d-83a1-a45b08c5c227","local_time":"20190506182636","is_ascension_mode":false,"campfire_choices":[{"data":"Armaments","floor":7,"key":"SMITH"},{"data":"Clothesline","floor":15,"key":"SMITH"},{"data":"Feed","floor":23,"key":"SMITH"},{"data":"Warcry","floor":29,"key":"SMITH"},{"floor":32,"key":"REST"}],"neow_cost":"NONE","seed_source_timestamp":6836480523681,"circlet_count":0,"master_deck":["Strike_R","Strike_R","Strike_R","Strike_R","Strike_R","Defend_R","Defend_R","Defend_R","Defend_R","Bash+1","Clash","Metallicize","Double Tap","Armaments+1","Perfected Strike","Twin Strike","Metallicize","Clash","Battle Trance","Carnage","Pommel Strike","Warcry+1","Clothesline+1","Feed+1","Shrug It Off+1","Carnage","Carnage+1","Master of Strategy","Metallicize","Pommel Strike","Burning Pact+1","Twin Strike","RitualDagger","Hemokinesis+1"],"relics":["Burning Blood","Gambling Chip","Mercury Hourglass","Letter Opener","Bronze Scales","Eternal Feather","Self Forming Clay","Bottled Lightning"],"potions_floor_usage":[12,12,12,21,27,31],"damage_taken":[{"damage":3,"enemies":"Small Slimes","floor":1,"turns":4},{"damage":1,"enemies":"Jaw Worm","floor":3,"turns":4},{"damage":1,"enemies":"2 Louse","floor":4,"turns":3},{"damage":28,"enemies":"3 Sentries","floor":6,"turns":7},{"damage":15,"enemies":"Lots of Slimes","floor":8,"turns":5},{"damage":1,"enemies":"2 Fungi Beasts","floor":10,"turns":3},{"damage":1,"enemies":"Blue Slaver","floor":11,"turns":4},{"damage":12,"enemies":"Lagavulin","floor":12,"turns":4},{"damage":0,"enemies":"Looter","floor":14,"turns":2},{"damage":0,"enemies":"Slime Boss","floor":16,"turns":8},{"damage":4,"enemies":"Spheric Guardian","floor":18,"turns":4},{"damage":7,"enemies":"Shell Parasite","floor":20,"turns":6},{"damage":18,"enemies":"3 Cultists","floor":21,"turns":5},{"damage":18,"enemies":"Snecko","floor":25,"turns":5},{"damage":38,"enemies":"Slavers","floor":27,"turns":7},{"damage":14,"enemies":"Snake Plant","floor":28,"turns":4},{"damage":11,"enemies":"Sentry and Sphere","floor":31,"turns":5},{"damage":84,"enemies":"Champ","floor":33,"turns":15}],"seed_played":"3049150447548714545","potions_obtained":[{"floor":3,"key":"Weak Potion"},{"floor":8,"key":"Fire Potion"},{"floor":10,"key":"Explosive Potion"},{"floor":16,"key":"SkillPotion"},{"floor":20,"key":"SpeedPotion"},{"floor":27,"key":"Strength Potion"}],"is_trial":false,"path_per_floor":["M","?","M","M","$","E","R","M","T","M","M","E","T","M","R","B",null,"M","?","M","M","?","R","$","M","T","E","M","R","?","M","R","B"],"character_chosen":"IRONCLAD","items_purchased":["Armaments","Perfected Strike","Twin Strike","Metallicize","Master of Strategy","Metallicize"],"campfire_rested":1,"item_purchase_floors":[5,5,5,5,24,24],"current_hp_per_floor":[80,69,74,79,79,57,57,48,48,53,58,52,52,58,58,64,80,80,80,79,67,67,80,80,68,68,36,28,46,40,35,77,0],"gold":98,"neow_bonus":"UPGRADE_CARD","is_prod":false,"is_daily":false,"chose_seed":false,"campfire_upgraded":4,"win_rate":0.0,"timestamp":1557134796,"path_taken":["M","?","M","M","$","E","R","M","T","M","M","E","?","M","R","BOSS","M","?","?","M","?","R","$","M","T","E","M","R","?","M","R","BOSS"],"build_version":"2019-01-23","purchased_purges":0,"victory":false,"max_hp_per_floor":[80,80,80,80,80,80,80,80,80,80,80,80,80,80,80,80,80,80,80,80,80,80,80,80,80,80,80,80,80,80,80,80,80],"card_choices":[{"not_picked":["Cleave","Rupture"],"picked":"Clash","floor":1},{"not_picked":["Dropkick","Warcry"],"picked":"Metallicize","floor":3},{"not_picked":["Cleave","Dropkick"],"picked":"Double Tap","floor":4},{"not_picked":["Dropkick","Cleave"],"picked":"Clash","floor":6},{"not_picked":["Pommel Strike","Dual Wield"],"picked":"Battle Trance","floor":8},{"not_picked":["Sword Boomerang","Armaments"],"picked":"Carnage","floor":10},{"not_picked":["Shrug It Off","Corruption"],"picked":"Pommel Strike","floor":11},{"not_picked":["Sever Soul","Flame Barrier"],"picked":"Warcry","floor":12},{"not_picked":["True Grit","Rage"],"picked":"Clothesline","floor":14},{"not_picked":["Juggernaut","Brutality"],"picked":"Feed","floor":16},{"not_picked":["Headbutt","Clash"],"picked":"Shrug It Off+1","floor":18},{"not_picked":["Cleave","Flex"],"picked":"Carnage","floor":20},{"not_picked":["Sword Boomerang","Searing Blow"],"picked":"Carnage+1","floor":21},{"not_picked":["Cleave","Headbutt"],"picked":"Pommel Strike","floor":25},{"not_picked":["Metallicize","Carnage"],"picked":"Burning Pact+1","floor":27},{"not_picked":["Clash","Fiend Fire"],"picked":"Twin Strike","floor":28},{"not_picked":["Iron Wave","Headbutt"],"picked":"Hemokinesis+1","floor":31}],"player_experience":6254,"relics_obtained":[{"floor":6,"key":"Gambling Chip"},{"floor":9,"key":"Mercury Hourglass"},{"floor":12,"key":"Letter Opener"},{"floor":13,"key":"Bronze Scales"},{"floor":26,"key":"Self Forming Clay"},{"floor":27,"key":"Bottled Lightning"}],"event_choices":[{"damage_healed":0,"gold_gain":75,"player_choice":"Gather Gold","damage_taken":11,"max_hp_gain":0,"max_hp_loss":0,"event_name":"World of Goop","floor":2,"gold_loss":0},{"damage_healed":0,"gold_gain":0,"player_choice":"Cursed","damage_taken":0,"max_hp_gain":0,"max_hp_loss":0,"event_name":"Wheel of Change","floor":19,"gold_loss":0,"cards_obtained":["Decay"]},{"cards_removed":["Decay"],"damage_healed":0,"gold_gain":0,"player_choice":"Gave Gold","damage_taken":0,"max_hp_gain":0,"max_hp_loss":0,"event_name":"Beggar","floor":22,"gold_loss":75},{"damage_healed":0,"gold_gain":0,"player_choice":"Joined the Cult","damage_taken":6,"max_hp_gain":0,"max_hp_loss":0,"event_name":"Nest","floor":30,"gold_loss":0,"cards_obtained":["RitualDagger"]}],"is_beta":false,"boss_relics":[{"not_picked":["Philosopher\u0027s Stone","Calling Bell"],"picked":"Eternal Feather"}],"items_purged_floors":[],"is_endless":false,"potions_floor_spawned":[3,8,10,16,20,27],"killed_by":"Champ","ascension_level":0}