{"gold_per_floor":[118,118,133,133,144,144,21,39,65,100,156,173,201,213,213,290,290,260,260,260,260,260,260,260,260,260,260,260,260,260,260,260,260,260,260,48,48,48,48,48,48,48,48,48,48,48,48,48,48,48],"floor_reached":51,"playtime":2561,"items_purged":["Injury"],"score":1440,"play_id":"5cd0318a-1c61-4db8-9ec8-1a0e9a555ae5","local_time":"20190129124113","is_ascension_mode":true,"campfire_choices":[{"data":"Crippling Poison","floor":6.0,"key":"SMITH"},{"data":"Cloak And Dagger","floor":15.0,"key":"SMITH"},{"data":"Cloak And Dagger","floor":23.0,"key":"SMITH"},{"data":"Neutralize","floor":25.0,"key":"SMITH"},{"data":"Poisoned Stab","floor":27.0,"key":"SMITH"},{"floor":32.0,"key":"REST"},{"data":"Apotheosis","floor":41,"key":"SMITH"},{"data":"Well Laid Plans","floor":46,"key":"SMITH"},{"data":"Malaise","floor":49,"key":"SMITH"}],"neow_cost":"CURSE","seed_source_timestamp":15325062680880,"circlet_count":0,"master_deck":["AscendersBane","Defend_G","Defend_G+1","Defend_G","Defend_G","Defend_G","Strike_G","Strike_G","Strike_G","Strike_G","Strike_G+1","Survivor","Neutralize+1","Poisoned Stab+1","Backstab","Crippling Poison+1","Dagger Spray","Cloak And Dagger+1","Cloak And Dagger+1","PiercingWail","Bullet Time","Acrobatics+1","Footwork","Blade Dance","Dodge and Roll","Malaise+1","Well Laid Plans+1","Dodge and Roll","Catalyst+1","Apotheosis+1","PiercingWail+1","Parasite"],"special_seed":0,"relics":["Ring of the Snake","Oddly Smooth Stone","Bag of Marbles","Lantern","Potion Belt","Shuriken","Ectoplasm","Art of War","Mango","The Specimen","Kunai","Blue Candle","Black Star","Pocketwatch","Centennial Puzzle","Unceasing Top","Vajra","Ornamental Fan"],"potions_floor_usage":[42,47,50,50],"damage_taken":[{"damage":0.0,"enemies":"Small Slimes","floor":1.0,"turns":5.0},{"damage":0.0,"enemies":"2 Louse","floor":3.0,"turns":3.0},{"damage":1.0,"enemies":"Jaw Worm","floor":5.0,"turns":3.0},{"damage":1.0,"enemies":"Large Slime","floor":8.0,"turns":5.0},{"damage":16.0,"enemies":"Lagavulin","floor":10.0,"turns":6.0},{"damage":7.0,"enemies":"3 Sentries","floor":11.0,"turns":5.0},{"damage":0.0,"enemies":"3 Louse","floor":12.0,"turns":1.0},{"damage":2.0,"enemies":"Gremlin Nob","floor":13.0,"turns":3.0},{"damage":0.0,"enemies":"Exordium Thugs","floor":14.0,"turns":2.0},{"damage":6.0,"enemies":"Slime Boss","floor":16.0,"turns":8.0},{"damage":1.0,"enemies":"2 Thieves","floor":18.0,"turns":4.0},{"damage":0.0,"enemies":"Chosen","floor":19.0,"turns":3.0},{"damage":0.0,"enemies":"Gremlin Leader","floor":24.0,"turns":6.0},{"damage":7.0,"enemies":"Centurion and Healer","floor":28.0,"turns":6.0},{"damage":5.0,"enemies":"Colosseum Slavers","floor":29.0,"turns":4.0},{"damage":0.0,"enemies":"Colosseum Nobs","floor":29.0,"turns":4.0},{"damage":5.0,"enemies":"Slavers","floor":30.0,"turns":6.0},{"damage":9.0,"enemies":"Snake Plant","floor":31.0,"turns":5.0},{"damage":21.0,"enemies":"Collector","floor":33.0,"turns":11.0},{"damage":1.0,"enemies":"Orb Walker","floor":35.0,"turns":3.0},{"damage":6,"enemies":"3 Shapes","floor":37,"turns":3},{"damage":1,"enemies":"3 Darklings","floor":38,"turns":5},{"damage":14,"enemies":"Giant Head","floor":42,"turns":11},{"damage":0,"enemies":"Sphere and 2 Shapes","floor":45,"turns":6},{"damage":1,"enemies":"Nemesis","floor":47,"turns":9},{"damage":0,"enemies":"Writhing Mass","floor":48,"turns":6},{"damage":1,"enemies":"Time Eater","floor":50,"turns":15}],"seed_played":"7389850671133757951","potions_obtained":[{"floor":8.0,"key":"Weak Potion"},{"floor":12.0,"key":"AttackPotion"},{"floor":13.0,"key":"SmokeBomb"},{"floor":14.0,"key":"FearPotion"},{"floor":29.0,"key":"SteroidPotion"},{"floor":30.0,"key":"EssenceOfSteel"},{"floor":33.0,"key":"SkillPotion"},{"floor":37,"key":"Regen Potion"},{"floor":45,"key":"SpeedPotion"},{"floor":48,"key":"AttackPotion"}],"is_trial":false,"path_per_floor":["M","?","M","?","M","R","$","M","T","E","?","M","E","M","R","B",null,"M","M","?","?","?","R","E","R","T","R","M","?","E","M","R","B",null,"M","$","M","M","?","?","R","E","T","$","M","R","E","M","R","B",null],"character_chosen":"THE_SILENT","items_purchased":["SkillPotion","Well Laid Plans","Backflip","Dodge and Roll","SteroidPotion"],"campfire_rested":1,"item_purchase_floors":[7,36,36,36,36],"current_hp_per_floor":[71,48,48,43,42,42,42,41,41,25,18,18,16,16,16,10,61,60,60,60,60,60,60,60,60,74,74,67,62,57,48,75,54,83,82,82,76,75,75,75,75,76,76,76,76,76,75,75,75,74],"gold":48,"neow_bonus":"TWENTY_PERCENT_HP_BONUS","is_prod":false,"is_daily":false,"chose_seed":false,"campfire_upgraded":8,"win_rate":0,"timestamp":1548794473,"path_taken":["M","?","M","?","M","R","$","M","T","E","?","M","E","?","R","BOSS","M","M","?","?","?","R","E","R","T","R","?","?","E","M","R","BOSS","M","$","M","M","?","?","R","E","T","$","M","R","E","M","R","BOSS"],"build_version":"2019-01-23","purchased_purges":1,"victory":true,"max_hp_per_floor":[78,78,78,78,78,78,78,78,78,78,78,78,78,78,78,78,78,78,78,78,78,78,78,78,78,92,92,92,92,92,92,92,92,92,92,92,92,92,92,92,92,92,92,92,92,92,92,92,92,92],"card_choices":[{"not_picked":["Outmaneuver","Distraction"],"picked":"Poisoned Stab","floor":1.0},{"not_picked":["Blade Dance","Acrobatics"],"picked":"Backstab","floor":3.0},{"not_picked":["Quick Slash","Cloak And Dagger"],"picked":"Crippling Poison","floor":5.0},{"not_picked":["Slice","Tools of the Trade"],"picked":"Dagger Spray","floor":8.0},{"not_picked":["Terror","Quick Slash","Sucker Punch"],"picked":"SKIP","floor":10.0},{"not_picked":["Outmaneuver","Masterful Stab"],"picked":"Cloak And Dagger","floor":12.0},{"not_picked":["Acrobatics","Heel Hook"],"picked":"Cloak And Dagger","floor":13.0},{"not_picked":["Deadly Poison","Expertise"],"picked":"PiercingWail","floor":14.0},{"not_picked":["Phantasmal Killer","Doppelganger"],"picked":"Bullet Time","floor":16.0},{"not_picked":["Accuracy","Deadly Poison"],"picked":"Acrobatics+1","floor":18.0},{"not_picked":["Flying Knee","Sucker Punch","Quick Slash"],"picked":"SKIP","floor":19.0},{"not_picked":["Flying Knee","Sucker Punch","Quick Slash"],"picked":"SKIP","floor":19.0},{"not_picked":["Acrobatics","Flying Knee","Deadly Poison"],"picked":"SKIP","floor":24.0},{"not_picked":["Flying Knee","Finisher"],"picked":"Footwork","floor":28.0},{"not_picked":["Slice","PiercingWail"],"picked":"Blade Dance","floor":29.0},{"not_picked":["Blade Dance","Slice","Distraction"],"picked":"SKIP","floor":30.0},{"not_picked":["Slice","Flying Knee"],"picked":"Dodge and Roll","floor":31.0},{"not_picked":["Wraith Form v2","Adrenaline"],"picked":"Malaise","floor":33.0},{"not_picked":["Deflect","Underhanded Strike","Caltrops"],"picked":"SKIP","floor":35.0},{"not_picked":["Dagger Spray","Quick Slash","Poisoned Stab"],"picked":"SKIP","floor":37},{"not_picked":["Concentrate","Deflect"],"picked":"Catalyst+1","floor":38},{"not_picked":["PanicButton","Dramatic Entrance"],"picked":"Apotheosis","floor":40},{"not_picked":["Bane","Deflect+1"],"picked":"PiercingWail+1","floor":42},{"not_picked":["Prepared","PiercingWail+1","Slice"],"picked":"SKIP","floor":45},{"not_picked":["PiercingWail","Concentrate","Bane+1"],"picked":"SKIP","floor":47},{"not_picked":["Slice","Bouncing Flask","Bane+1"],"picked":"SKIP","floor":48}],"player_experience":2094642,"relics_obtained":[{"floor":9.0,"key":"Bag of Marbles"},{"floor":10.0,"key":"Lantern"},{"floor":11.0,"key":"Potion Belt"},{"floor":13.0,"key":"Shuriken"},{"floor":24.0,"key":"Art of War"},{"floor":26.0,"key":"Mango"},{"floor":29.0,"key":"The Specimen"},{"floor":29.0,"key":"Kunai"},{"floor":30.0,"key":"Blue Candle"},{"floor":42,"key":"Pocketwatch"},{"floor":42,"key":"Centennial Puzzle"},{"floor":43,"key":"Unceasing Top"},{"floor":47,"key":"Vajra"},{"floor":47,"key":"Ornamental Fan"}],"event_choices":[{"damage_healed":0.0,"max_hp_gain":0.0,"max_hp_loss":0.0,"gold_gain":0.0,"event_name":"Shining Light","player_choice":"Entered Light","floor":2.0,"gold_loss":0.0,"damage_taken":23.0,"cards_upgraded":["Defend_G","Strike_G"]},{"damage_healed":0.0,"max_hp_gain":0.0,"max_hp_loss":0.0,"gold_gain":0.0,"event_name":"Scrap Ooze","player_choice":"Success","floor":4.0,"gold_loss":0.0,"damage_taken":5.0,"relics_obtained":["Oddly Smooth Stone"]},{"damage_healed":0.0,"max_hp_gain":0.0,"max_hp_loss":0.0,"gold_gain":0.0,"event_name":"Dead Adventurer","player_choice":"Searched \u00271\u0027 times","floor":11.0,"gold_loss":0.0,"damage_taken":0.0},{"damage_healed":0.0,"max_hp_gain":0.0,"max_hp_loss":0.0,"gold_gain":0.0,"event_name":"Ghosts","player_choice":"Ignored","floor":20.0,"gold_loss":0.0,"damage_taken":0.0},{"damage_healed":0.0,"max_hp_gain":0.0,"max_hp_loss":0.0,"gold_gain":0.0,"event_name":"N\u0027loth","player_choice":"Ignored","floor":22.0,"gold_loss":0.0,"damage_taken":0.0},{"damage_healed":0.0,"max_hp_gain":0.0,"max_hp_loss":0.0,"gold_gain":0.0,"event_name":"Colosseum","player_choice":"Fight","floor":29.0,"gold_loss":0.0,"damage_taken":0.0},{"damage_healed":0.0,"max_hp_gain":0.0,"max_hp_loss":0.0,"gold_gain":0.0,"event_name":"Colosseum","player_choice":"Fought Nobs","floor":29.0,"gold_loss":0.0,"damage_taken":0.0},{"cards_removed":["Backflip"],"damage_healed":0,"gold_gain":0,"player_choice":"Removed Skill","damage_taken":0,"max_hp_gain":0,"max_hp_loss":0,"event_name":"Falling","floor":39,"gold_loss":0},{"damage_healed":0,"gold_gain":0,"player_choice":"Memory 1","damage_taken":0,"max_hp_gain":0,"max_hp_loss":0,"event_name":"SensoryStone","floor":40,"gold_loss":0}],"is_beta":false,"boss_relics":[{"not_picked":["Lizard Tail","Tiny House"],"picked":"Ectoplasm"},{"not_picked":["Eternal Feather","Busted Crown"],"picked":"Black Star"}],"items_purged_floors":[7],"is_endless":false,"potions_floor_spawned":[8,10,12,13,14,29,29,30,33,37,45,48],"ascension_level":15}