{"gold_per_floor":[16,91,91,16,33,33,50,50,50,76,91,91,117,127,127,204,204,223,173,184,6,25,25,86,86,86,119,119,135,163,210,210,210],"floor_reached":33,"playtime":1148,"items_purged":["Pain","Strike_B"],"score":606,"play_id":"9da0658b-e703-4ece-86d8-149601a86260","local_time":"20190408163804","is_ascension_mode":true,"campfire_choices":[{"data":"Sunder","floor":6.0,"key":"SMITH"},{"data":"Turbo","floor":8.0,"key":"SMITH"},{"floor":12.0,"key":"REST"},{"data":"Tempest","floor":15.0,"key":"SMITH"},{"data":"Self Repair","floor":23.0,"key":"SMITH"},{"floor":28.0,"key":"REST"},{"floor":32.0,"key":"REST"}],"neow_cost":"NO_GOLD","seed_source_timestamp":7317967935300,"circlet_count":0,"master_deck":["AscendersBane","Strike_B","Defend_B","Defend_B+1","Defend_B","Defend_B","Zap","Dualcast+1","Tempest+1","Sunder+1","Turbo+1","Heatsinks","Go for the Eyes","Biased Cognition","Conserve Battery","Self Repair+1","Loop","Decay","Thunder Strike","Self Repair"],"special_seed":0,"relics":["Cracked Core","WarpedTongs","Matryoshka","War Paint","Pear","Potion Belt","Nuclear Battery","Tiny Chest","Pen Nib","Ginger","Blood Vial","Smiling Mask"],"potions_floor_usage":[33],"damage_taken":[{"damage":4.0,"enemies":"Jaw Worm","floor":1.0,"turns":6.0},{"damage":7.0,"enemies":"2 Louse","floor":5.0,"turns":3.0},{"damage":0.0,"enemies":"Cultist","floor":7.0,"turns":2.0},{"damage":28.0,"enemies":"Gremlin Nob","floor":10.0,"turns":4.0},{"damage":5.0,"enemies":"Exordium Thugs","floor":11.0,"turns":3.0},{"damage":11.0,"enemies":"Looter","floor":14.0,"turns":3.0},{"damage":8.0,"enemies":"The Guardian","floor":16.0,"turns":12.0},{"damage":0.0,"enemies":"Spheric Guardian","floor":18.0,"turns":2.0},{"damage":22.0,"enemies":"2 Thieves","floor":20.0,"turns":2.0},{"damage":3.0,"enemies":"Sentry and Sphere","floor":22.0,"turns":3.0},{"damage":22.0,"enemies":"Book of Stabbing","floor":24.0,"turns":4.0},{"damage":23.0,"enemies":"Gremlin Leader","floor":27.0,"turns":5.0},{"damage":18.0,"enemies":"Centurion and Healer","floor":29.0,"turns":5.0},{"damage":25.0,"enemies":"Book of Stabbing","floor":30.0,"turns":4.0},{"damage":79,"enemies":"Automaton","floor":33,"turns":6}],"seed_played":"2270003817913051335","potions_obtained":[{"floor":14.0,"key":"GamblersBrew"},{"floor":16.0,"key":"FocusPotion"},{"floor":20.0,"key":"SkillPotion"},{"floor":22.0,"key":"Swift Potion"},{"floor":27.0,"key":"FearPotion"}],"is_trial":false,"path_per_floor":["M","?","?","$","M","R","M","R","T","E","M","R","T","M","R","B",null,"M","?","M","$","M","R","E","?","T","E","R","M","E","T","R","B"],"character_chosen":"DEFECT","items_purchased":["Self Repair"],"campfire_rested":3,"item_purchase_floors":[21],"current_hp_per_floor":[60,49,49,49,42,42,42,42,42,14,9,30,40,29,29,21,66,66,66,44,44,48,48,36,36,36,23,47,41,38,38,62,0],"gold":210,"neow_bonus":"REMOVE_TWO","is_prod":false,"is_daily":false,"chose_seed":false,"campfire_upgraded":4,"win_rate":0,"timestamp":1554712684,"path_taken":["M","?","?","$","M","R","M","R","T","E","?","R","?","M","R","BOSS","M","?","M","$","?","R","E","?","T","E","R","M","E","?","R","BOSS"],"build_version":"2019-04-04","purchased_purges":2,"victory":false,"max_hp_per_floor":[71,71,71,71,71,71,71,71,71,71,71,71,81,81,81,81,81,81,81,81,81,81,81,81,81,81,81,81,81,81,81,81,81],"card_choices":[{"not_picked":["Barrage","Leap"],"picked":"Tempest","floor":1.0},{"not_picked":["Recycle","Gash"],"picked":"Sunder","floor":5.0},{"not_picked":["Barrage","Doom and Gloom"],"picked":"Turbo","floor":7.0},{"not_picked":["Doom and Gloom","FTL"],"picked":"Heatsinks","floor":10.0},{"not_picked":["Melter","Ball Lightning","Sunder"],"picked":"SKIP","floor":11.0},{"not_picked":["Hello World","Aggregate"],"picked":"Go for the Eyes","floor":14.0},{"not_picked":["All For One","Fission"],"picked":"Biased Cognition","floor":16.0},{"not_picked":["Stack","Chaos"],"picked":"Conserve Battery","floor":18.0},{"not_picked":["Capacitor","Ball Lightning","Stack"],"picked":"SKIP","floor":20.0},{"not_picked":["Leap","Ball Lightning"],"picked":"Loop","floor":22.0},{"not_picked":["Beam Cell","Redo","Rip and Tear"],"picked":"SKIP","floor":24.0},{"not_picked":["Sweeping Beam","Beam Cell"],"picked":"Thunder Strike","floor":27.0},{"not_picked":["Go for the Eyes","Sweeping Beam"],"picked":"Self Repair","floor":29.0},{"not_picked":["Sweeping Beam","Go for the Eyes","Steam"],"picked":"SKIP","floor":30.0}],"player_experience":1363361,"relics_obtained":[{"floor":9.0,"key":"Matryoshka"},{"floor":10.0,"key":"War Paint"},{"floor":13.0,"key":"Pear"},{"floor":13.0,"key":"Potion Belt"},{"floor":24.0,"key":"Tiny Chest"},{"floor":26.0,"key":"Pen Nib"},{"floor":26.0,"key":"Ginger"},{"floor":27.0,"key":"Blood Vial"},{"floor":31.0,"key":"Smiling Mask"}],"event_choices":[{"damage_healed":0.0,"max_hp_gain":0.0,"max_hp_loss":0.0,"gold_gain":75.0,"event_name":"World of Goop","player_choice":"Gather Gold","floor":2.0,"gold_loss":0.0,"damage_taken":11.0},{"damage_healed":0.0,"max_hp_gain":0.0,"max_hp_loss":0.0,"gold_gain":0.0,"event_name":"Accursed Blacksmith","player_choice":"Rummage","floor":3.0,"gold_loss":0.0,"damage_taken":0.0,"relics_obtained":["WarpedTongs"],"cards_obtained":["Pain"]},{"damage_healed":0.0,"max_hp_gain":0.0,"max_hp_loss":0.0,"gold_gain":0.0,"event_name":"The Joust","player_choice":"Bet on Murderer","floor":19.0,"gold_loss":50.0,"damage_taken":0.0},{"damage_healed":0.0,"max_hp_gain":0.0,"max_hp_loss":0.0,"gold_gain":0.0,"event_name":"Forgotten Altar","player_choice":"Smashed Altar","floor":25.0,"gold_loss":0.0,"damage_taken":0.0,"cards_obtained":["Decay"]}],"is_beta":true,"boss_relics":[{"not_picked":["Fusion Hammer","FrozenCore"],"picked":"Nuclear Battery"}],"items_purged_floors":[4,21],"is_endless":false,"potions_floor_spawned":[14,16,20,22,27],"killed_by":"Automaton","ascension_level":20}