{"gold_per_floor":[114,128,143,162,179,179,208,208,208,208],"floor_reached":10,"playtime":887,"items_purged":[],"score":70,"play_id":"22bf188e-cf67-4e48-b580-dea559e4b215","local_time":"20190509175950","is_ascension_mode":false,"campfire_choices":[{"data":"Feed","floor":6,"key":"SMITH"},{"data":"Ghostly Armor","floor":8,"key":"SMITH"}],"neow_cost":"NONE","seed_source_timestamp":34208620544088,"circlet_count":0,"master_deck":["Strike_R","Strike_R","Strike_R","Strike_R","Strike_R","Defend_R","Defend_R","Defend_R","Defend_R","Bash","Purity","Shockwave","Ghostly Armor+1","Clothesline","Feed+1","Perfected Strike","Headbutt"],"relics":["Burning Blood","Orichalcum","Dream Catcher"],"potions_floor_usage":[4,5,7,10],"damage_taken":[{"damage":5,"enemies":"Cultist","floor":1,"turns":4},{"damage":6,"enemies":"Jaw Worm","floor":2,"turns":3},{"damage":6,"enemies":"2 Louse","floor":3,"turns":3},{"damage":0,"enemies":"2 Fungi Beasts","floor":4,"turns":2},{"damage":17,"enemies":"Red Slaver","floor":5,"turns":5},{"damage":22,"enemies":"3 Sentries","floor":7,"turns":6},{"damage":2,"enemies":"Lots of Slimes","floor":10,"turns":3}],"seed_played":"6691691016671558122","potions_obtained":[{"floor":1,"key":"BloodPotion"},{"floor":2,"key":"AttackPotion"},{"floor":5,"key":"PowerPotion"},{"floor":7,"key":"Energy Potion"}],"is_trial":false,"path_per_floor":["M","M","M","M","M","R","E","R","T","M"],"character_chosen":"IRONCLAD","items_purchased":[],"campfire_rested":0,"item_purchase_floors":[],"current_hp_per_floor":[80,80,80,80,80,80,68,68,68,66],"gold":208,"neow_bonus":"RANDOM_COLORLESS","is_prod":false,"is_daily":false,"chose_seed":false,"campfire_upgraded":2,"win_rate":0,"timestamp":1557392390,"path_taken":["M","M","M","M","M","R","E","R","T","M"],"build_version":"2019-01-23","purchased_purges":0,"victory":false,"max_hp_per_floor":[80,80,80,80,83,83,87,87,87,87],"card_choices":[{"not_picked":["Sword Boomerang","Fire Breathing"],"picked":"Shockwave","floor":1},{"not_picked":["Spot Weakness","Shrug It Off"],"picked":"Ghostly Armor","floor":2},{"not_picked":["Havoc","Whirlwind"],"picked":"Clothesline","floor":3},{"not_picked":["Sword Boomerang","Pommel Strike"],"picked":"Feed","floor":4},{"not_picked":["Shockwave","Sword Boomerang"],"picked":"Perfected Strike","floor":5},{"not_picked":["Whirlwind","Shockwave"],"picked":"Headbutt","floor":7}],"player_experience":152541,"relics_obtained":[{"floor":7,"key":"Orichalcum"},{"floor":9,"key":"Dream Catcher"}],"event_choices":[],"is_beta":false,"boss_relics":[],"items_purged_floors":[],"is_endless":false,"potions_floor_spawned":[1,2,5,7],"killed_by":"Lots of Slimes","ascension_level":0}