{"gold_per_floor":[118,118,128,143,193,193,213,223,250,250,11,42,42,57,57,57],"floor_reached":16,"playtime":614,"items_purged":["Strike_G"],"score":204,"play_id":"c302ca35-8d90-4981-9a76-9afe3fe82b7b","local_time":"20181207010313","is_ascension_mode":true,"campfire_choices":[{"data":"Strike_G","floor":6.0,"key":"PURGE"},{"data":"Flechettes","floor":10.0,"key":"SMITH"},{"data":"Strike_G","floor":13.0,"key":"PURGE"},{"data":"Phantasmal Killer","floor":15.0,"key":"SMITH"}],"neow_cost":"TEN_PERCENT_HP_LOSS","seed_source_timestamp":110756297626534,"circlet_count":0,"master_deck":["AscendersBane","Defend_G","Defend_G","Defend_G","Defend_G","Strike_G","Strike_G","Survivor","Neutralize","Backflip","Outmaneuver","Masterful Stab","Flechettes+1","Good Instincts","Phantasmal Killer+1"],"special_seed":0,"relics":["Ring of the Snake","Peace Pipe","Bronze Scales","Bag of Marbles"],"potions_floor_usage":[16,16],"damage_taken":[{"damage":8.0,"enemies":"Small Slimes","floor":1.0,"turns":4.0},{"damage":10.0,"enemies":"Jaw Worm","floor":3.0,"turns":8.0},{"damage":1.0,"enemies":"Cultist","floor":4.0,"turns":5.0},{"damage":1.0,"enemies":"Large Slime","floor":7.0,"turns":5.0},{"damage":6.0,"enemies":"Looter","floor":8.0,"turns":4.0},{"damage":6.0,"enemies":"Gremlin Nob","floor":12.0,"turns":3.0},{"damage":1.0,"enemies":"2 Fungi Beasts","floor":14.0,"turns":3.0},{"damage":26,"enemies":"Slime Boss","floor":16,"turns":8}],"seed_played":"433434830611418058","potions_obtained":[{"floor":1.0,"key":"SpeedPotion"},{"floor":4.0,"key":"Energy Potion"},{"floor":12.0,"key":"Regen Potion"}],"is_trial":false,"path_per_floor":["M","?","M","M","?","R","M","M","T","R","$","E","R","M","R","B"],"character_chosen":"THE_SILENT","items_purchased":["Good Instincts","FearPotion"],"campfire_rested":0,"item_purchase_floors":[11,11],"current_hp_per_floor":[51,51,41,40,40,40,39,33,33,33,33,27,27,26,26,9],"gold":57,"neow_bonus":"ONE_RARE_RELIC","is_prod":false,"is_daily":false,"chose_seed":false,"campfire_upgraded":2,"win_rate":0,"timestamp":1544115793,"path_taken":["M","?","M","M","?","R","?","M","T","R","$","E","R","M","R","BOSS"],"build_version":"2018-11-15","purchased_purges":1,"victory":false,"max_hp_per_floor":[60,60,60,60,60,60,60,60,60,60,60,60,60,60,60,60],"card_choices":[{"not_picked":["Dash","Slice"],"picked":"Backflip","floor":1.0},{"not_picked":["Flying Knee","Cloak And Dagger"],"picked":"Masterful Stab","floor":3.0},{"not_picked":["Distraction","Backflip"],"picked":"Flechettes","floor":4.0},{"not_picked":["Quick Slash","Slice","Underhanded Strike"],"picked":"SKIP","floor":7.0},{"not_picked":["Quick Slash","Slice","Underhanded Strike"],"picked":"SKIP","floor":7.0},{"not_picked":["PiercingWail","Blade Dance","Dagger Throw"],"picked":"SKIP","floor":8.0},{"not_picked":["Finisher","All Out Attack","Masterful Stab"],"picked":"SKIP","floor":12.0},{"not_picked":["Finisher","All Out Attack","Masterful Stab"],"picked":"SKIP","floor":12.0},{"not_picked":["Flying Knee","Deadly Poison"],"picked":"Phantasmal Killer","floor":14.0}],"player_experience":2288560,"relics_obtained":[{"floor":9.0,"key":"Bronze Scales"},{"floor":12.0,"key":"Bag of Marbles"}],"event_choices":[{"damage_healed":0.0,"max_hp_gain":0.0,"max_hp_loss":0.0,"gold_gain":0.0,"cards_transformed":["Defend_G"],"event_name":"Living Wall","player_choice":"Change","floor":2.0,"gold_loss":0.0,"damage_taken":0.0,"cards_obtained":["Outmaneuver"]},{"damage_healed":0.0,"max_hp_gain":0.0,"max_hp_loss":0.0,"gold_gain":50.0,"event_name":"Golden Shrine","player_choice":"Pray","floor":5.0,"gold_loss":0.0,"damage_taken":0.0}],"is_beta":false,"boss_relics":[],"items_purged_floors":[11],"is_endless":false,"potions_floor_spawned":[1,4,12],"killed_by":"Slime Boss","ascension_level":20}