{"gold_per_floor":[114,114,64,114,114,114,174,189,214,241,238,265,277,319,331,343],"floor_reached":16,"playtime":1026,"items_purged":[],"score":110,"play_id":"acddf2c5-ce9f-42c9-813d-aca73193b5d0","local_time":"20190505132708","daily_mods":["Heirloom","Colorless Cards","DeadlyEvents"],"is_ascension_mode":false,"campfire_choices":[{"data":"Secret Technique","floor":6,"key":"SMITH"},{"data":"Noxious Fumes","floor":13,"key":"SMITH"},{"floor":15,"key":"REST"}],"neow_cost":"","seed_source_timestamp":1359762561109573,"circlet_count":0,"master_deck":["Defend_G","Defend_G","Defend_G","Defend_G","Defend_G","Strike_G+1","Strike_G","Strike_G","Survivor+1","Neutralize+1","Deflect+1","Secret Technique+1","Catalyst","Deflect","Calculated Gamble","Noxious Fumes+1","Backflip","Well Laid Plans"],"special_seed":18021,"relics":["Ring of the Snake","The Specimen","Whetstone","Tiny Chest","MawBank","Gremlin Horn"],"potions_floor_usage":[14,14,14,16],"damage_taken":[{"damage":2,"enemies":"Small Slimes","floor":1,"turns":4},{"damage":24,"enemies":"3 Sentries","floor":7,"turns":19},{"damage":0,"enemies":"Jaw Worm","floor":8,"turns":5},{"damage":0,"enemies":"2 Louse","floor":10,"turns":4},{"damage":0,"enemies":"Exordium Thugs","floor":11,"turns":4},{"damage":0,"enemies":"Blue Slaver","floor":12,"turns":4},{"damage":32,"enemies":"Gremlin Nob","floor":14,"turns":5},{"damage":33,"enemies":"Slime Boss","floor":16,"turns":11}],"seed_played":"1627038229609415699","potions_obtained":[{"floor":7,"key":"SkillPotion"},{"floor":10,"key":"Regen Potion"},{"floor":12,"key":"Poison Potion"},{"floor":14,"key":"SneckoOil"}],"is_trial":false,"path_per_floor":["M","?","?","T","?","R","E","M","T","M","M","M","R","E","R","B"],"character_chosen":"THE_SILENT","items_purchased":[],"campfire_rested":1,"item_purchase_floors":[],"current_hp_per_floor":[68,54,54,54,54,54,30,30,30,30,30,30,30,12,33,0],"gold":343,"neow_bonus":"","is_prod":false,"is_daily":true,"chose_seed":false,"campfire_upgraded":2,"win_rate":0,"timestamp":1557055628,"path_taken":["M","?","?","?","?","R","?","?","T","M","M","M","R","E","R","BOSS"],"build_version":"2019-01-23","purchased_purges":0,"victory":false,"max_hp_per_floor":[70,70,70,70,70,70,70,70,70,70,70,70,70,70,70,70],"card_choices":[{"not_picked":["Riddle With Holes","Quick Slash"],"picked":"Deflect","floor":1},{"not_picked":["Dash","Outmaneuver"],"picked":"Catalyst","floor":7},{"not_picked":["Dodge and Roll","Masterful Stab"],"picked":"Deflect","floor":8},{"not_picked":["Forethought","Purity"],"picked":"Calculated Gamble","floor":10},{"not_picked":["Distraction","Backstab"],"picked":"Noxious Fumes","floor":11},{"not_picked":["Masterful Stab","Flying Knee"],"picked":"Backflip","floor":12},{"not_picked":["Forethought","Backstab"],"picked":"Well Laid Plans","floor":14}],"player_experience":60363,"relics_obtained":[{"floor":4,"key":"Whetstone"},{"floor":7,"key":"Tiny Chest"},{"floor":9,"key":"MawBank"},{"floor":14,"key":"Gremlin Horn"}],"event_choices":[{"damage_healed":0,"gold_gain":0,"player_choice":"Entered Light","damage_taken":14,"max_hp_gain":0,"max_hp_loss":0,"event_name":"Shining Light","floor":2,"gold_loss":0,"cards_upgraded":["Deflect","Survivor"]},{"cards_removed":["Strike_G"],"damage_healed":0,"gold_gain":0,"player_choice":"Card Removal","damage_taken":0,"max_hp_gain":0,"max_hp_loss":0,"event_name":"The Cleric","floor":3,"gold_loss":50},{"damage_healed":0,"gold_gain":0,"cards_transformed":["Strike_G"],"player_choice":"Transformed","damage_taken":0,"max_hp_gain":0,"max_hp_loss":0,"event_name":"Transmorgrifier","floor":5,"gold_loss":0,"cards_obtained":["Secret Technique"]}],"is_beta":false,"boss_relics":[],"items_purged_floors":[],"is_endless":false,"potions_floor_spawned":[7,10,12,14],"killed_by":"Slime Boss","ascension_level":0}