{"gold_per_floor":[117,167,178,198,198,227,227,252,252,252,252,270,69,83,83,173,173,186,204,229,229,247,247,285,309,387,411,442,442,482,507,507,600,600,620,645,286,301,315,315,315,356,382,382,382,48,72,92,92,92,92],"floor_reached":52,"playtime":2215,"items_purged":["Injury"],"score":2008,"play_id":"bec4d79e-e751-4d54-8fdd-9457fb9ef90d","local_time":"20181009112900","daily_mods":["SealedDeck"],"is_ascension_mode":true,"campfire_choices":[{"data":"Armaments","floor":7.0,"key":"SMITH"},{"data":"Flex","floor":11.0,"key":"SMITH"},{"data":"Heavy Blade","floor":15.0,"key":"SMITH"},{"data":"Pommel Strike","floor":23.0,"key":"SMITH"},{"data":"Pommel Strike","floor":29,"key":"SMITH"},{"data":"Feel No Pain","floor":32,"key":"SMITH"},{"data":"Fiend Fire","floor":40,"key":"SMITH"},{"floor":45,"key":"REST"},{"data":"Sword Boomerang","floor":49,"key":"SMITH"}],"neow_cost":"","seed_source_timestamp":92757787524128,"circlet_count":0,"master_deck":["AscendersBane","Armaments+1","Thunderclap","Sword Boomerang+1","Pommel Strike+1","Flex+1","Anger+1","Pommel Strike+1","Clothesline","Shrug It Off","Twin Strike","Feel No Pain+1","Intimidate+1","Heavy Blade+1","Impervious+1","Flame Barrier+1","Pummel+1","Battle Trance+1","Warcry+1","Disarm+1","Seeing Red+1","Fiend Fire+1","Reaper","Heavy Blade+1","True Grit+1","Shockwave+1","True Grit+1","Pommel Strike+1","Shockwave+1","Exhume+1","Double Tap+1"],"special_seed":0,"relics":["Burning Blood","Toxic Egg 2","The Courier","Question Card","Golden Idol","Brimstone","Mark of Pain","Meat on the Bone","Self Forming Clay","Bottled Flame","Omamori","Sozu","Art of War","Unceasing Top","Singing Bowl","Vajra","Kunai","Whetstone"],"potions_floor_usage":[30,35,51],"damage_taken":[{"damage":0.0,"enemies":"Cultist","floor":1.0,"turns":3.0},{"damage":0.0,"enemies":"Small Slimes","floor":3.0,"turns":2.0},{"damage":0.0,"enemies":"2 Louse","floor":4.0,"turns":3.0},{"damage":29.0,"enemies":"3 Sentries","floor":6.0,"turns":7.0},{"damage":35.0,"enemies":"Gremlin Nob","floor":8.0,"turns":4.0},{"damage":4.0,"enemies":"2 Fungi Beasts","floor":12.0,"turns":3.0},{"damage":2.0,"enemies":"Lots of Slimes","floor":14.0,"turns":3.0},{"damage":0.0,"enemies":"Slime Boss","floor":16.0,"turns":4.0},{"damage":11.0,"enemies":"3 Byrds","floor":18.0,"turns":3.0},{"damage":9.0,"enemies":"2 Thieves","floor":19.0,"turns":2.0},{"damage":10.0,"enemies":"Centurion and Healer","floor":20.0,"turns":4.0},{"damage":0.0,"enemies":"Sentry and Sphere","floor":22.0,"turns":3.0},{"damage":4.0,"enemies":"Slavers","floor":24.0,"turns":3.0},{"damage":1.0,"enemies":"3 Cultists","floor":25.0,"turns":3.0},{"damage":16.0,"enemies":"Shelled Parasite and Fungi","floor":27.0,"turns":2.0},{"damage":16,"enemies":"Book of Stabbing","floor":28,"turns":3},{"damage":25,"enemies":"Slavers","floor":30,"turns":5},{"damage":0,"enemies":"Snecko","floor":31,"turns":2},{"damage":30,"enemies":"Champ","floor":33,"turns":9},{"damage":6,"enemies":"3 Darklings","floor":35,"turns":5},{"damage":0,"enemies":"3 Shapes","floor":38,"turns":5},{"damage":17,"enemies":"3 Darklings","floor":39,"turns":3},{"damage":58,"enemies":"Giant Head","floor":42,"turns":6},{"damage":7,"enemies":"Transient","floor":47,"turns":6},{"damage":0,"enemies":"Spire Growth","floor":48,"turns":3},{"damage":74,"enemies":"Donu and Deca","floor":50,"turns":6},{"damage":30,"enemies":"Awakened One","floor":51,"turns":9}],"seed_played":"5521309738128128859","potions_obtained":[{"floor":6.0,"key":"SpeedPotion"},{"floor":8.0,"key":"Weak Potion"},{"floor":14.0,"key":"Swift Potion"},{"floor":18.0,"key":"Weak Potion"},{"floor":22.0,"key":"GamblersBrew"},{"floor":24.0,"key":"Regen Potion"},{"floor":30,"key":"Swift Potion"}],"is_trial":true,"path_per_floor":["M","?","M","M","$","E","R","E","T","?","R","M","$","M","R","B",null,"M","M","M","?","M","R","E","M","T","M","E","R","E","M","R","B",null,"M","T","$","M","M","R","?","E","T","T","R","$","M","M","R","B","B"],"character_chosen":"IRONCLAD","items_purchased":["Brimstone","Heavy Blade","True Grit+1","Unceasing Top","Whetstone","Shockwave+1","Exhume+1"],"campfire_rested":1,"item_purchase_floors":[13,13,37,37,46,46,46],"current_hp_per_floor":[74,67,73,75,75,52,52,23,23,23,23,25,25,29,29,35,65,60,57,53,53,59,59,61,66,66,56,46,46,53,59,59,47,68,75,75,75,75,64,64,64,42,42,42,65,65,77,79,79,66,65],"gold":92,"neow_bonus":"","is_prod":false,"is_daily":false,"chose_seed":false,"campfire_upgraded":8,"win_rate":0,"timestamp":1539109740,"path_taken":["M","?","M","M","$","E","R","E","T","?","R","M","$","M","R","BOSS","M","?","M","?","?","R","E","M","T","?","E","R","E","M","R","BOSS","M","?","$","M","M","R","?","E","T","?","R","?","?","?","R","BOSS","BOSS"],"build_version":"2018-10-04v2","purchased_purges":1,"victory":true,"max_hp_per_floor":[75,75,75,75,75,75,75,75,75,75,75,75,75,75,75,75,75,75,75,75,75,75,75,75,75,75,75,75,75,75,75,75,75,75,75,75,75,75,75,75,75,77,77,77,77,77,77,79,79,79,79],"card_choices":[{"not_picked":["Rupture","Warcry","Bloodletting"],"picked":"SKIP","floor":1.0},{"not_picked":["Iron Wave","Pommel Strike"],"picked":"Twin Strike","floor":3.0},{"not_picked":["Armaments","Body Slam","Clash"],"picked":"SKIP","floor":4.0},{"not_picked":["Rupture","Whirlwind"],"picked":"Feel No Pain","floor":6.0},{"not_picked":["Juggernaut","Entrench+1"],"picked":"Intimidate+1","floor":8.0},{"not_picked":["Havoc+1","Pommel Strike","Warcry+1","Entrench+1"],"picked":"SKIP","floor":12.0},{"not_picked":["Combust","Metallicize","Havoc+1","Hemokinesis"],"picked":"SKIP","floor":14.0},{"not_picked":["Reaper","Barricade","Brutality"],"picked":"Impervious+1","floor":16.0},{"not_picked":["Wild Strike","Reckless Charge","Anger"],"picked":"Flame Barrier+1","floor":18.0},{"not_picked":["Iron Wave","Entrench+1","Rampage"],"picked":"Pummel","floor":19.0},{"not_picked":["Sentinel+1","True Grit+1","Searing Blow","Armaments+1"],"picked":"SKIP","floor":20.0},{"not_picked":["Combust","Pommel Strike","Heavy Blade"],"picked":"Battle Trance+1","floor":22.0},{"not_picked":["Iron Wave","Shrug It Off+1","Anger"],"picked":"Warcry+1","floor":24.0},{"not_picked":["Hemokinesis","Demon Form","Armaments+1","Reckless Charge"],"picked":"SKIP","floor":25.0},{"not_picked":["Rupture","Thunderclap","Clothesline","True Grit+1"],"picked":"SKIP","floor":27.0},{"not_picked":["Second Wind+1","Sword Boomerang","Pommel Strike+1"],"picked":"Disarm+1","floor":28},{"not_picked":["Anger","Cleave","Entrench+1"],"picked":"Seeing Red+1","floor":30},{"not_picked":["Wild Strike","Perfected Strike","Iron Wave"],"picked":"Fiend Fire","floor":31},{"not_picked":["Feed","Limit Break+1","Offering+1"],"picked":"Reaper","floor":33},{"not_picked":["Perfected Strike","Warcry+1","Inflame"],"picked":"Heavy Blade+1","floor":35},{"not_picked":["Heavy Blade","Flex+1","Iron Wave+1"],"picked":"Shockwave+1","floor":38},{"not_picked":["Twin Strike","True Grit+1","Searing Blow","Armaments+1"],"picked":"SKIP","floor":39},{"not_picked":["Twin Strike","Searing Blow","Armaments+1"],"picked":"True Grit+1","floor":39},{"not_picked":["Corruption","Twin Strike","Havoc+1","Sword Boomerang"],"picked":"Singing Bowl","floor":42},{"not_picked":["Blood for Blood","Sentinel+1","Anger"],"picked":"Double Tap+1","floor":47},{"not_picked":["Dropkick","Pommel Strike","Rampage","Twin Strike"],"picked":"Singing Bowl","floor":48}],"player_experience":1313107,"relics_obtained":[{"floor":6.0,"key":"Toxic Egg 2"},{"floor":8.0,"key":"The Courier"},{"floor":9.0,"key":"Question Card"},{"floor":24.0,"key":"Meat on the Bone"},{"floor":26.0,"key":"Self Forming Clay"},{"floor":28,"key":"Bottled Flame"},{"floor":30,"key":"Omamori"},{"floor":36,"key":"Art of War"},{"floor":42,"key":"Singing Bowl"},{"floor":43,"key":"Vajra"},{"floor":44,"key":"Kunai"}],"event_choices":[{"event_name":"FaceTrader","player_choice":"Touch","floor":2.0,"damage_taken":0.0},{"event_name":"Golden Idol","player_choice":"Take Wound","floor":10.0,"damage_taken":0.0},{"event_name":"Upgrade Shrine","player_choice":"Upgraded","floor":21.0,"damage_taken":0.0},{"event_name":"Transmorgrifier","player_choice":"Transform","floor":41,"damage_taken":0}],"is_beta":false,"boss_relics":[{"not_picked":["Black Star","Calling Bell"],"picked":"Mark of Pain"},{"not_picked":["Runic Dome","Runic Cube"],"picked":"Sozu"}],"items_purged_floors":[37],"is_endless":false,"potions_floor_spawned":[6,8,14,18,22,24,30,38,42,48],"ascension_level":20}