{"gold_per_floor":[114,114,128,193,193,193,204,216,216,232,245,260,310],"floor_reached":13,"playtime":370,"items_purged":[],"score":158,"play_id":"b6f49241-34e4-43d3-a6d0-0297be38b77e","local_time":"20190115110425","is_ascension_mode":true,"campfire_choices":[{"floor":6,"key":"REST"}],"neow_cost":"PERCENT_DAMAGE","seed_source_timestamp":3338756870666,"circlet_count":0,"master_deck":["AscendersBane","Strike_R","Strike_R","Strike_R","Strike_R","Strike_R","Defend_R","Defend_R","Defend_R","Defend_R","Bash","Battle Trance","Wild Strike","Perfected Strike","Flex+1","Warcry+1","Limit Break+1"],"relics":["Burning Blood","Paper Frog","SsserpentHead","Toxic Egg 2"],"potions_floor_usage":[12],"damage_taken":[{"damage":31,"enemies":"Jaw Worm","floor":1,"turns":6},{"damage":4,"enemies":"Small Slimes","floor":3,"turns":4},{"damage":10,"enemies":"2 Louse","floor":7,"turns":3},{"damage":24,"enemies":"Lots of Slimes","floor":8,"turns":6},{"damage":16,"enemies":"Exordium Wildlife","floor":10,"turns":4},{"damage":0,"enemies":"2 Fungi Beasts","floor":11,"turns":2},{"damage":12,"enemies":"Gremlin Gang","floor":12,"turns":4},{"damage":0,"enemies":"Exordium Wildlife","floor":13,"turns":1}],"seed_played":"-9122891378641352488","potions_obtained":[{"floor":1,"key":"GamblersBrew"},{"floor":10,"key":"Swift Potion"}],"is_trial":false,"path_per_floor":["M","?","M","?","?","R","M","M","T","M","M","M","M"],"character_chosen":"IRONCLAD","items_purchased":[],"campfire_rested":1,"item_purchase_floors":[],"current_hp_per_floor":[39,13,15,15,15,41,37,19,19,9,15,9,9],"gold":310,"neow_bonus":"TWENTY_PERCENT_HP_BONUS","is_prod":false,"is_daily":false,"chose_seed":false,"campfire_upgraded":0,"win_rate":0,"timestamp":1547521465,"path_taken":["M","?","M","?","?","R","M","M","T","M","M","M","?"],"build_version":"2019-01-10","purchased_purges":0,"victory":false,"max_hp_per_floor":[89,89,89,89,89,89,89,89,89,89,89,89,89],"card_choices":[{"not_picked":["Headbutt","Warcry"],"picked":"Battle Trance","floor":1},{"not_picked":["Dual Wield","Shrug It Off"],"picked":"Wild Strike","floor":3},{"not_picked":["Clothesline","Bloodletting","Sword Boomerang"],"picked":"SKIP","floor":7},{"not_picked":["Clothesline","Bloodletting","Sword Boomerang"],"picked":"SKIP","floor":7},{"not_picked":["True Grit","Battle Trance"],"picked":"Perfected Strike","floor":8},{"not_picked":["Clothesline","Pummel"],"picked":"Flex+1","floor":10},{"not_picked":["Wild Strike","Headbutt"],"picked":"Warcry+1","floor":11},{"not_picked":["Warcry+1","Disarm+1"],"picked":"Limit Break+1","floor":12}],"player_experience":2534358,"relics_obtained":[{"floor":9,"key":"Toxic Egg 2"}],"event_choices":[{"damage_healed":0,"gold_gain":0,"player_choice":"Success","damage_taken":26,"relics_obtained":["Paper Frog"],"max_hp_gain":0,"max_hp_loss":0,"event_name":"Scrap Ooze","floor":2,"gold_loss":0},{"damage_healed":0,"gold_gain":65,"player_choice":"Gained Gold","damage_taken":0,"max_hp_gain":0,"max_hp_loss":0,"event_name":"Golden Wing","floor":4,"gold_loss":0},{"damage_healed":0,"gold_gain":0,"player_choice":"Trade","damage_taken":0,"relics_obtained":["SsserpentHead"],"max_hp_gain":0,"max_hp_loss":0,"event_name":"FaceTrader","floor":5,"gold_loss":0}],"is_beta":false,"boss_relics":[],"items_purged_floors":[],"is_endless":false,"potions_floor_spawned":[1,10],"killed_by":"Exordium Wildlife","ascension_level":20}