{"gold_per_floor":[111,111,111,127,127,127,143,174,174,174,184,212,230,244,244,321,321,331,350,350,369,385,385,416,416,416,451,451,464,464,564,564,635,635,650,668,668,668,715,715,745,745,771,787,787,798,813,813,813,813,813,813,813,23,52,52],"floor_reached":57,"playtime":4872,"items_purged":[],"score":2814,"play_id":"aa255bf1-9b58-4020-aa5c-d1e3e333430c","local_time":"20190505144437","is_ascension_mode":true,"campfire_choices":[{"data":"Armaments","floor":6,"key":"SMITH"},{"floor":10,"key":"REST"},{"data":"Uppercut","floor":15,"key":"SMITH"},{"data":"Strike_R","floor":23,"key":"PURGE"},{"data":"True Grit","floor":28,"key":"SMITH"},{"data":"True Grit","floor":30,"key":"SMITH"},{"floor":32,"key":"REST"},{"floor":40,"key":"DIG"},{"floor":42,"key":"RECALL"},{"data":"Strike_R","floor":45,"key":"PURGE"},{"floor":49,"key":"DIG"},{"floor":53,"key":"DIG"}],"neow_cost":"NONE","seed_source_timestamp":282522353001300,"circlet_count":0,"master_deck":["AscendersBane","Strike_R","Strike_R+1","Strike_R","Defend_R","Defend_R","Defend_R","Bash+1","Whirlwind+1","Armaments+1","Fiend Fire+1","Uppercut+1","Shrug It Off","True Grit+1","Combust","Battle Trance","Reaper","Feel No Pain","Flame Barrier+1","Entrench","Writhe","True Grit+1","Body Slam","Feel No Pain","Feed","Shockwave","Entrench","Shrug It Off","Inflame+1","Flame Barrier","Disarm","Exhume","Burning Pact","True Grit+1"],"relics":["Burning Blood","Calipers","Bronze Scales","Peace Pipe","Bag of Preparation","Snecko Eye","Du-Vu Doll","Charon\u0027s Ashes","Sundial","Prayer Wheel","Champion Belt","Gremlin Horn","Philosopher\u0027s Stone","Shovel","Bottled Flame","Bag of Marbles","Pen Nib","Paper Frog","Sling","Turnip","Mango"],"potions_floor_usage":[16,21,24,44,56,56],"damage_taken":[{"damage":13,"enemies":"Jaw Worm","floor":1,"turns":5},{"damage":9,"enemies":"2 Louse","floor":4,"turns":3},{"damage":1,"enemies":"Cultist","floor":7,"turns":3},{"damage":25,"enemies":"3 Sentries","floor":8,"turns":5},{"damage":3,"enemies":"3 Louse","floor":11,"turns":3},{"damage":8,"enemies":"Gremlin Nob","floor":12,"turns":3},{"damage":0,"enemies":"2 Fungi Beasts","floor":13,"turns":2},{"damage":7,"enemies":"Lots of Slimes","floor":14,"turns":3},{"damage":33,"enemies":"Hexaghost","floor":16,"turns":10},{"damage":8,"enemies":"Spheric Guardian","floor":18,"turns":3},{"damage":12,"enemies":"Shell Parasite","floor":19,"turns":5},{"damage":7,"enemies":"Centurion and Healer","floor":21,"turns":5},{"damage":0,"enemies":"Snecko","floor":22,"turns":2},{"damage":35,"enemies":"Gremlin Leader","floor":24,"turns":2},{"damage":4,"enemies":"Book of Stabbing","floor":27,"turns":3},{"damage":0,"enemies":"Snake Plant","floor":29,"turns":2},{"damage":23,"enemies":"Colosseum Slavers","floor":31,"turns":3},{"damage":0,"enemies":"Colosseum Nobs","floor":31,"turns":2},{"damage":18,"enemies":"Champ","floor":33,"turns":9},{"damage":0,"enemies":"Orb Walker","floor":35,"turns":1},{"damage":8,"enemies":"3 Shapes","floor":36,"turns":9},{"damage":0,"enemies":"2 Orb Walkers","floor":39,"turns":4},{"damage":0,"enemies":"Reptomancer","floor":41,"turns":2},{"damage":10,"enemies":"Transient","floor":44,"turns":6},{"damage":0,"enemies":"3 Darklings","floor":46,"turns":1},{"damage":0,"enemies":"Jaw Worm Horde","floor":47,"turns":4},{"damage":3,"enemies":"Time Eater","floor":50,"turns":17},{"damage":0,"enemies":"Donu and Deca","floor":51,"turns":19},{"damage":19,"enemies":"Shield and Spear","floor":55,"turns":6},{"damage":6,"enemies":"The Heart","floor":56,"turns":11}],"seed_played":"389102576482630303","potions_obtained":[{"floor":7,"key":"Weak Potion"},{"floor":14,"key":"FearPotion"},{"floor":19,"key":"SpeedPotion"},{"floor":22,"key":"AttackPotion"},{"floor":31,"key":"Fire Potion"},{"floor":46,"key":"Block Potion"},{"floor":47,"key":"SkillPotion"}],"is_trial":false,"path_per_floor":["M","?","?","M","?","R","M","E","T","R","M","E","M","M","R","B",null,"M","M","?","M","M","R","E","?","T","E","R","M","R","?","R","B",null,"M","M","?","?","?","R","E","R","T","M","R","M","M","?","R","B","B",null,"R","$","E","B",null],"character_chosen":"IRONCLAD","items_purchased":["Exhume","Sling","Turnip","Burning Pact"],"campfire_rested":2,"item_purchase_floors":[54,54,54,54],"current_hp_per_floor":[68,43,43,40,35,35,40,21,21,45,48,46,52,51,51,24,68,66,60,60,65,71,71,48,48,48,50,50,62,62,57,81,75,80,82,84,84,84,89,89,92,92,92,88,88,92,92,92,92,96,99,99,99,99,116,116],"gold":52,"neow_bonus":"TEN_PERCENT_HP_BONUS","is_prod":false,"is_daily":false,"chose_seed":false,"campfire_upgraded":4,"win_rate":0,"timestamp":1557063877,"path_taken":["M","?","?","?","?","R","M","E","T","R","M","E","M","M","R","BOSS","M","M","?","?","M","R","E","?","T","E","R","M","R","?","R","BOSS","M","M","?","?","?","R","E","R","T","?","R","M","M","?","R","BOSS","BOSS","R","$","E","BOSS"],"build_version":"2019-01-23","purchased_purges":0,"victory":true,"max_hp_per_floor":[82,82,82,82,82,82,82,82,82,82,82,82,82,82,82,82,82,82,82,82,82,82,82,82,82,82,82,82,82,82,82,82,82,82,82,86,86,86,89,89,92,92,92,92,92,92,92,92,92,96,99,99,99,99,116,116],"card_choices":[{"not_picked":["Heavy Blade","Headbutt"],"picked":"Whirlwind","floor":1},{"not_picked":["Body Slam","Rupture"],"picked":"Armaments","floor":4},{"not_picked":["Warcry","Metallicize"],"picked":"Fiend Fire","floor":7},{"not_picked":["True Grit","Searing Blow"],"picked":"Uppercut","floor":8},{"not_picked":["Clothesline","Flex"],"picked":"Shrug It Off","floor":11},{"not_picked":["Heavy Blade","Sentinel"],"picked":"True Grit","floor":12},{"not_picked":["Cleave","Uppercut"],"picked":"Combust","floor":13},{"not_picked":["Bloodletting","Pommel Strike"],"picked":"Battle Trance","floor":14},{"not_picked":["Brutality","Double Tap"],"picked":"Reaper","floor":16},{"not_picked":["Power Through","Sever Soul","Armaments"],"picked":"SKIP","floor":18},{"not_picked":["Armaments","Twin Strike"],"picked":"Feel No Pain","floor":19},{"not_picked":["Warcry","Havoc"],"picked":"Flame Barrier+1","floor":21},{"not_picked":["Clash","Flex","Evolve"],"picked":"SKIP","floor":22},{"not_picked":["Seeing Red","Battle Trance"],"picked":"Entrench","floor":24},{"not_picked":["Sentinel","Clothesline"],"picked":"True Grit","floor":27},{"not_picked":["Dropkick","Wild Strike"],"picked":"Body Slam","floor":29},{"not_picked":["Headbutt","Heavy Blade","Havoc"],"picked":"SKIP","floor":29},{"not_picked":["Iron Wave","Sever Soul"],"picked":"Feel No Pain","floor":31},{"not_picked":["Double Tap","Immolate"],"picked":"Feed","floor":33},{"not_picked":["Sever Soul","Perfected Strike"],"picked":"Shockwave","floor":35},{"not_picked":["Seeing Red","Twin Strike+1","Iron Wave+1"],"picked":"SKIP","floor":35},{"not_picked":["Body Slam","Headbutt+1","Heavy Blade+1"],"picked":"SKIP","floor":36},{"not_picked":["Brutality","Headbutt","Perfected Strike"],"picked":"SKIP","floor":36},{"not_picked":["Flame Barrier","Ghostly Armor+1"],"picked":"Entrench","floor":41},{"not_picked":["Wild Strike","Entrench"],"picked":"Shrug It Off","floor":44},{"not_picked":["Second Wind","Perfected Strike+1"],"picked":"Inflame+1","floor":44},{"not_picked":["Rupture","Iron Wave"],"picked":"Flame Barrier","floor":46},{"not_picked":["Ghostly Armor","Flex","Clothesline"],"picked":"SKIP","floor":46},{"not_picked":["Fiend Fire","Armaments"],"picked":"Disarm","floor":47},{"not_picked":["Dropkick","Armaments","Clash"],"picked":"SKIP","floor":47},{"not_picked":["Pummel","Power Through+1"],"picked":"True Grit+1","floor":55}],"player_experience":2965879,"relics_obtained":[{"floor":8,"key":"Bronze Scales"},{"floor":9,"key":"Peace Pipe"},{"floor":12,"key":"Bag of Preparation"},{"floor":24,"key":"Du-Vu Doll"},{"floor":26,"key":"Sundial"},{"floor":27,"key":"Prayer Wheel"},{"floor":31,"key":"Champion Belt"},{"floor":31,"key":"Gremlin Horn"},{"floor":39,"key":"Shovel"},{"floor":40,"key":"Bottled Flame"},{"floor":41,"key":"Bag of Marbles"},{"floor":49,"key":"Pen Nib"},{"floor":53,"key":"Paper Frog"},{"floor":55,"key":"Mango"}],"event_choices":[{"damage_healed":0,"gold_gain":0,"player_choice":"Entered Light","damage_taken":25,"max_hp_gain":0,"max_hp_loss":0,"event_name":"Shining Light","floor":2,"gold_loss":0,"cards_upgraded":["Whirlwind","Strike_R"]},{"damage_healed":0,"gold_gain":0,"player_choice":"Upgraded","damage_taken":0,"max_hp_gain":0,"max_hp_loss":0,"event_name":"Upgrade Shrine","floor":3,"gold_loss":0,"cards_upgraded":["Bash"]},{"damage_healed":0,"gold_gain":0,"player_choice":"Success","damage_taken":5,"relics_obtained":["Calipers"],"max_hp_gain":0,"max_hp_loss":0,"event_name":"Scrap Ooze","floor":5,"gold_loss":0},{"damage_healed":0,"gold_gain":0,"player_choice":"Upgraded","damage_taken":0,"max_hp_gain":0,"max_hp_loss":0,"event_name":"Upgrade Shrine","floor":20,"gold_loss":0,"cards_upgraded":["Fiend Fire"]},{"damage_healed":0,"gold_gain":0,"player_choice":"Opened","damage_taken":0,"relics_obtained":["Charon\u0027s Ashes"],"max_hp_gain":0,"max_hp_loss":0,"event_name":"The Mausoleum","floor":25,"gold_loss":0,"cards_obtained":["Writhe"]},{"damage_healed":0,"gold_gain":0,"player_choice":"Fight","damage_taken":0,"max_hp_gain":0,"max_hp_loss":0,"event_name":"Colosseum","floor":31,"gold_loss":0},{"damage_healed":0,"gold_gain":0,"player_choice":"Fought Nobs","damage_taken":0,"max_hp_gain":0,"max_hp_loss":0,"event_name":"Colosseum","floor":31,"gold_loss":0},{"damage_healed":0,"gold_gain":0,"player_choice":"Memory 1","damage_taken":0,"max_hp_gain":0,"max_hp_loss":0,"event_name":"SensoryStone","floor":37,"gold_loss":0},{"cards_removed":["Defend_R"],"damage_healed":0,"gold_gain":0,"player_choice":"Removed Skill","damage_taken":0,"max_hp_gain":0,"max_hp_loss":0,"event_name":"Falling","floor":38,"gold_loss":0},{"damage_healed":0,"gold_gain":0,"player_choice":"Fight","damage_taken":0,"max_hp_gain":0,"max_hp_loss":0,"event_name":"Mysterious Sphere","floor":39,"gold_loss":0},{"damage_healed":0,"gold_gain":0,"player_choice":"Ignored","damage_taken":0,"max_hp_gain":0,"max_hp_loss":0,"event_name":"Tomb of Lord Red Mask","floor":48,"gold_loss":0}],"is_beta":false,"boss_relics":[{"not_picked":["Lizard Tail","Orrery"],"picked":"Snecko Eye"},{"not_picked":["Runic Dome","Pandora\u0027s Box"],"picked":"Philosopher\u0027s Stone"}],"items_purged_floors":[],"is_endless":false,"potions_floor_spawned":[7,14,19,22,31,31,41,46,47],"ascension_level":20}