{"gold_per_floor":[111,122,134,59,59,128,153,166,236,246,246,261,261,211,211,312,312,326,326,341,16,16,46,46,46],"floor_reached":25,"playtime":2322,"items_purged":["Strike_B","Strike_B"],"score":257,"play_id":"b5c1c56f-6725-485c-a25e-2e1586008c43","local_time":"20190113171119","is_ascension_mode":true,"campfire_choices":[{"floor":11,"key":"REST"},{"data":"FTL","floor":13,"key":"SMITH"},{"data":"Creative AI","floor":15,"key":"SMITH"},{"data":"Redo","floor":24,"key":"SMITH"}],"neow_cost":"NONE","seed_source_timestamp":15674308560531,"circlet_count":0,"master_deck":["Strike_B","Defend_B","Defend_B","Defend_B","Zap","Dualcast","Creative AI+1","Genetic Algorithm","Redo+1","FTL+1","Redo","Stack","Conserve Battery","Ball Lightning","All For One","Stack","Capacitor"],"relics":["Cracked Core","Pantograph","Centennial Puzzle","Bottled Lightning","Busted Crown","Lee\u0027s Waffle","Strawberry","Dream Catcher"],"potions_floor_usage":[3,8,23,25],"damage_taken":[{"damage":5,"enemies":"Cultist","floor":1,"turns":4},{"damage":10,"enemies":"Jaw Worm","floor":2,"turns":5},{"damage":4,"enemies":"Small Slimes","floor":3,"turns":4},{"damage":51,"enemies":"3 Sentries","floor":7,"turns":11},{"damage":1,"enemies":"2 Fungi Beasts","floor":8,"turns":4},{"damage":0,"enemies":"Red Slaver","floor":10,"turns":4},{"damage":0,"enemies":"Blue Slaver","floor":12,"turns":4},{"damage":42,"enemies":"Slime Boss","floor":16,"turns":8},{"damage":17,"enemies":"Spheric Guardian","floor":18,"turns":4},{"damage":16,"enemies":"3 Byrds","floor":20,"turns":4},{"damage":51,"enemies":"Slavers","floor":23,"turns":5},{"damage":44,"enemies":"Gremlin Leader","floor":25,"turns":7}],"seed_played":"-5930785788587962129","potions_obtained":[{"floor":3,"key":"Fruit Juice"},{"floor":7,"key":"PowerPotion"},{"floor":12,"key":"Ancient Potion"},{"floor":16,"key":"Poison Potion"},{"floor":19,"key":"Poison Potion"},{"floor":19,"key":"Dexterity Potion"},{"floor":23,"key":"Energy Potion"}],"is_trial":false,"path_per_floor":["M","M","M","$","?","T","E","M","T","M","R","M","R","?","R","B",null,"M","?","M","$","?","E","R","E"],"character_chosen":"DEFECT","items_purchased":["Capacitor","Lee\u0027s Waffle"],"campfire_rested":1,"item_purchase_floors":[21,21],"current_hp_per_floor":[70,60,61,61,54,54,3,2,2,2,26,26,26,26,26,9,80,63,63,47,87,94,43,43,0],"gold":46,"neow_bonus":"ONE_RANDOM_RARE_CARD","is_prod":false,"is_daily":false,"chose_seed":false,"campfire_upgraded":3,"win_rate":0,"timestamp":1547406679,"path_taken":["M","M","M","$","?","?","E","M","T","M","R","M","R","?","R","BOSS","M","?","?","?","?","E","R","E"],"build_version":"2019-01-03v4","purchased_purges":2,"victory":false,"max_hp_per_floor":[75,75,80,80,80,80,80,80,80,80,80,80,80,80,80,80,80,80,80,80,87,94,94,94,94],"card_choices":[{"not_picked":["Leap","Conserve Battery"],"picked":"Genetic Algorithm","floor":1},{"not_picked":["Chill","Aggregate"],"picked":"Redo","floor":2},{"not_picked":["Cold Snap","Stack"],"picked":"FTL","floor":3},{"not_picked":["Turbo","Consume"],"picked":"Redo","floor":7},{"not_picked":["Go for the Eyes","Force Field"],"picked":"Stack","floor":8},{"not_picked":["Streamline","Turbo"],"picked":"Conserve Battery","floor":10},{"not_picked":["Beam Cell","Melter"],"picked":"Ball Lightning","floor":12},{"not_picked":["Creative AI","Fission"],"picked":"All For One","floor":16},{"not_picked":[],"picked":"Stack","floor":18},{"not_picked":["Aggregate"],"picked":"SKIP","floor":20},{"not_picked":["Gash"],"picked":"SKIP","floor":23}],"player_experience":83350,"relics_obtained":[{"floor":6,"key":"Pantograph"},{"floor":7,"key":"Centennial Puzzle"},{"floor":9,"key":"Bottled Lightning"},{"floor":23,"key":"Dream Catcher"}],"event_choices":[{"cards_removed":["Strike_B"],"damage_healed":0,"gold_gain":0,"player_choice":"Card Removal","damage_taken":7,"max_hp_gain":0,"max_hp_loss":0,"event_name":"Golden Wing","floor":5,"gold_loss":0},{"cards_removed":["Defend_B"],"damage_healed":0,"gold_gain":0,"player_choice":"Card Removal","damage_taken":0,"max_hp_gain":0,"max_hp_loss":0,"event_name":"The Cleric","floor":14,"gold_loss":50},{"damage_healed":0,"gold_gain":0,"player_choice":"Got Potions","damage_taken":0,"max_hp_gain":0,"max_hp_loss":0,"event_name":"Lab","floor":19,"gold_loss":0},{"damage_healed":0,"gold_gain":0,"player_choice":"Opened","damage_taken":0,"relics_obtained":["Strawberry"],"max_hp_gain":0,"max_hp_loss":0,"event_name":"The Mausoleum","floor":22,"gold_loss":0}],"is_beta":false,"boss_relics":[{"not_picked":["Orrery","Coffee Dripper"],"picked":"Busted Crown"}],"items_purged_floors":[4,21],"is_endless":false,"potions_floor_spawned":[3,7,12,16,20,23],"killed_by":"Gremlin Leader","ascension_level":1}