{"gold_per_floor":[113,113,125,36,186,186,2,29,55,89,89,101,101,113,113,185,185,204,254,267,267,279,279,279,294,294,294,306,339,339,76,76,76],"floor_reached":33,"playtime":1355,"items_purged":["Doubt","Scrape"],"score":532,"play_id":"3763483e-a8d8-4f46-b838-d704da095d51","local_time":"20180912224321","is_ascension_mode":true,"campfire_choices":[{"data":"Dualcast","floor":6.0,"key":"SMITH"},{"data":"Discovery","floor":11.0,"key":"SMITH"},{"data":"Streamline","floor":13.0,"key":"SMITH"},{"data":"Glacier","floor":15.0,"key":"SMITH"},{"data":"Glacier","floor":23.0,"key":"SMITH"},{"floor":27.0,"key":"REST"},{"floor":30.0,"key":"REST"},{"floor":32.0,"key":"REST"}],"neow_cost":"","seed_source_timestamp":53724118129895,"circlet_count":0,"master_deck":["Zap+1","Dualcast+1","AscendersBane","Conserve Battery","Undo","Coolheaded","Compile Driver","Discovery+1","Streamline+1","Glacier+1","Electrodynamics","Reinforced Body","Glacier+1","Blizzard","Redo","Ball Lightning","Aggregate","Streamline","Compile Driver","Cold Snap","Ball Lightning+1","Echo Form","Steam","Self Repair","Stack"],"special_seed":0,"relics":["Cracked Core","Lantern","Anchor","Pandora\u0027s Box","Nloth\u0027s Gift","Mummified Hand","Omamori"],"potions_floor_usage":[33,33],"damage_taken":[{"damage":0.0,"enemies":"2 Louse","floor":1.0,"turns":3.0},{"damage":5.0,"enemies":"Small Slimes","floor":3.0,"turns":3.0},{"damage":20.0,"enemies":"Lagavulin","floor":8.0,"turns":9.0},{"damage":5.0,"enemies":"Gremlin Nob","floor":10.0,"turns":3.0},{"damage":0.0,"enemies":"Jaw Worm","floor":12.0,"turns":2.0},{"damage":0.0,"enemies":"Large Slime","floor":14.0,"turns":4.0},{"damage":20.0,"enemies":"Slime Boss","floor":16.0,"turns":8.0},{"damage":5.0,"enemies":"2 Thieves","floor":18.0,"turns":3.0},{"damage":1.0,"enemies":"Spheric Guardian","floor":20.0,"turns":5.0},{"damage":11.0,"enemies":"Snake Plant","floor":22.0,"turns":4.0},{"damage":17.0,"enemies":"Sentry and Sphere","floor":25.0,"turns":6.0},{"damage":24.0,"enemies":"Cultist and Chosen","floor":28.0,"turns":6.0},{"damage":11.0,"enemies":"Slavers","floor":29.0,"turns":2.0},{"damage":55,"enemies":"Automaton","floor":33,"turns":12}],"seed_played":"-1305409773100900982","potions_obtained":[{"floor":1.0,"key":"Ancient Potion"},{"floor":3.0,"key":"SteroidPotion"},{"floor":10.0,"key":"FearPotion"},{"floor":21.0,"key":"FocusPotion"},{"floor":29.0,"key":"Fire Potion"}],"is_trial":false,"path_per_floor":["M","?","M","$","?","R","$","E","T","E","R","M","R","M","R","B",null,"M","?","M","?","M","R","?","M","T","R","M","E","R","$","R"],"character_chosen":"DEFECT","items_purchased":["Coolheaded","Compile Driver","Discovery","Self Repair","Stack","Block Potion"],"campfire_rested":3,"item_purchase_floors":[4,4,7,31,31,31],"current_hp_per_floor":[64,64,59,59,59,59,59,39,39,34,34,34,34,34,34,21,59,54,54,53,53,42,42,42,25,25,46,22,11,32,32,53,0],"gold":76,"neow_bonus":"","is_prod":false,"is_daily":false,"chose_seed":false,"campfire_upgraded":5,"win_rate":0,"timestamp":1536817401,"path_taken":["M","?","M","$","?","R","$","E","T","E","R","M","R","M","R","BOSS","M","?","M","?","M","R","?","M","T","R","M","E","R","$","R","BOSS"],"build_version":"2018-09-06","purchased_purges":2,"victory":false,"max_hp_per_floor":[71,71,71,71,71,71,71,71,71,71,71,71,71,71,71,71,71,71,71,71,71,71,71,71,71,71,71,71,71,71,71,71,71],"card_choices":[{"not_picked":["Redo","Blizzard"],"picked":"Conserve Battery","floor":1.0},{"not_picked":["Darkness","Stack"],"picked":"Undo","floor":3.0},{"not_picked":["Redo","Double Energy","Heatsinks"],"picked":"SKIP","floor":8.0},{"not_picked":["Leap","Go for the Eyes"],"picked":"Scrape","floor":10.0},{"not_picked":["Conserve Battery","Loop"],"picked":"Streamline","floor":12.0},{"not_picked":["Rebound","Loop"],"picked":"Glacier","floor":14.0},{"not_picked":["Reboot","Thunder Strike"],"picked":"Electrodynamics","floor":16.0},{"not_picked":["Static Discharge","Go for the Eyes","Sweeping Beam"],"picked":"SKIP","floor":18.0},{"not_picked":["Ball Lightning","Turbo"],"picked":"Cold Snap","floor":20.0},{"not_picked":["Melter","Fusion"],"picked":"Ball Lightning+1","floor":22.0},{"not_picked":["Barrage","Hyperbeam"],"picked":"Echo Form","floor":25.0},{"not_picked":["Go for the Eyes","Redo","Blizzard"],"picked":"SKIP","floor":28.0},{"not_picked":["Biased Cognition","Stack"],"picked":"Steam","floor":29.0}],"player_experience":1121571,"relics_obtained":[{"floor":8.0,"key":"Lantern"},{"floor":9.0,"key":"Anchor"},{"floor":10.0,"key":"Art of War"},{"floor":26.0,"key":"Mummified Hand"},{"floor":29.0,"key":"Omamori"}],"event_choices":[{"event_name":"Living Wall","player_choice":"Grow","floor":2.0,"damage_taken":0.0},{"event_name":"Liars Game","player_choice":"agreed","floor":5.0,"damage_taken":0.0},{"event_name":"Nest","player_choice":"Stole From Cult","floor":19.0,"damage_taken":0.0},{"event_name":"The Lab","player_choice":"Got Potions","floor":21.0,"damage_taken":0.0},{"event_name":"N\u0027loth","player_choice":"Traded a Art of War","floor":24.0,"damage_taken":0.0}],"is_beta":false,"boss_relics":[{"not_picked":["Orrery","Calling Bell"],"picked":"Pandora\u0027s Box"}],"items_purged_floors":[7,31],"is_endless":false,"potions_floor_spawned":[1,3,10,28,29],"killed_by":"Automaton","ascension_level":19}