{"gold_per_floor":[117,129,129,140,160,160,193,193,247,247,275,275,301,316,316,416,416,427,197,197,210,210,241,241,251,251,281,301,328,35,64,64,166,166,178,178,191,291,339,371,246,246,246,259,259,271,300,317,317,317,317,317,167,201,201],"floor_reached":56,"playtime":3485,"items_purged":["Strike_G","Strike_G","Strike_G","Defend_G"],"score":1748,"play_id":"70641b8c-5ca2-448c-849f-7345b6e816cf","local_time":"20190313194718","is_ascension_mode":true,"campfire_choices":[{"data":"Neutralize","floor":6.0,"key":"SMITH"},{"data":"Expertise","floor":10.0,"key":"SMITH"},{"data":"Terror","floor":15.0,"key":"SMITH"},{"data":"Acrobatics","floor":24.0,"key":"SMITH"},{"data":"Concentrate","floor":32.0,"key":"SMITH"},{"data":"Tactician","floor":42.0,"key":"SMITH"},{"floor":49,"key":"RECALL"},{"data":"Backflip","floor":52,"key":"SMITH"}],"neow_cost":"NONE","seed_source_timestamp":6150049484900,"circlet_count":0,"master_deck":["Defend_G+1","Defend_G","Defend_G+1","Defend_G+1","Survivor+1","Neutralize+1","Expertise+1","Terror+1","Tools of the Trade","Backstab","Die Die Die","Poisoned Stab+1","Concentrate+1","Acrobatics+1","Backflip+1","Prepared+1","Flechettes+1","Tactician+1","Adrenaline"],"special_seed":0,"relics":["Ring of the Snake","NeowsBlessing","Molten Egg 2","Vajra","Happy Flower","Centennial Puzzle","Orrery","Lantern","Boot","Ginger","Pen Nib","Medical Kit","PreservedInsect","Cursed Key","Torii","Incense Burner","Bird Faced Urn","Thread and Needle","War Paint"],"potions_floor_usage":[47,55,55],"damage_taken":[{"damage":0.0,"enemies":"Jaw Worm","floor":1.0,"turns":1.0},{"damage":0.0,"enemies":"Small Slimes","floor":2.0,"turns":1.0},{"damage":0.0,"enemies":"2 Louse","floor":4.0,"turns":1.0},{"damage":0.0,"enemies":"Blue Slaver","floor":5.0,"turns":3.0},{"damage":14.0,"enemies":"3 Sentries","floor":7.0,"turns":12.0},{"damage":0.0,"enemies":"Gremlin Nob","floor":11.0,"turns":2.0},{"damage":1.0,"enemies":"3 Sentries","floor":13.0,"turns":7.0},{"damage":0.0,"enemies":"Gremlin Gang","floor":14.0,"turns":1.0},{"damage":0.0,"enemies":"The Guardian","floor":16.0,"turns":10.0},{"damage":5.0,"enemies":"2 Thieves","floor":18.0,"turns":2.0},{"damage":0.0,"enemies":"Spheric Guardian","floor":21.0,"turns":3.0},{"damage":1.0,"enemies":"Slavers","floor":23.0,"turns":4.0},{"damage":12.0,"enemies":"3 Cultists","floor":25.0,"turns":4.0},{"damage":0.0,"enemies":"Gremlin Leader","floor":27.0,"turns":3.0},{"damage":0.0,"enemies":"Chosen and Byrds","floor":28.0,"turns":3.0},{"damage":0.0,"enemies":"Book of Stabbing","floor":31.0,"turns":4.0},{"damage":0.0,"enemies":"Automaton","floor":33.0,"turns":5.0},{"damage":0.0,"enemies":"3 Darklings","floor":35.0,"turns":3.0},{"damage":2.0,"enemies":"3 Shapes","floor":37.0,"turns":3.0},{"damage":0.0,"enemies":"Mind Bloom Boss Battle","floor":38.0,"turns":3.0},{"damage":7.0,"enemies":"2 Orb Walkers","floor":39.0,"turns":2.0},{"damage":0.0,"enemies":"Giant Head","floor":40.0,"turns":5.0},{"damage":0,"enemies":"Writhing Mass","floor":44,"turns":2},{"damage":5,"enemies":"4 Shapes","floor":46,"turns":4},{"damage":0,"enemies":"Reptomancer","floor":47,"turns":2},{"damage":11,"enemies":"Maw","floor":48,"turns":4},{"damage":0,"enemies":"Donu and Deca","floor":50,"turns":6},{"damage":1,"enemies":"Shield and Spear","floor":54,"turns":3},{"damage":0,"enemies":"The Heart","floor":55,"turns":6}],"seed_played":"8748593209291748650","potions_obtained":[{"floor":2.0,"key":"GamblersBrew"},{"floor":4.0,"key":"GamblersBrew"},{"floor":11.0,"key":"AttackPotion"},{"floor":16.0,"key":"PowerPotion"},{"floor":18.0,"key":"EssenceOfSteel"},{"floor":22.0,"key":"Swift Potion"},{"floor":25.0,"key":"SteroidPotion"},{"floor":31.0,"key":"Ancient Potion"},{"floor":35.0,"key":"FearPotion"},{"floor":39.0,"key":"Swift Potion"},{"floor":48,"key":"GhostInAJar"}],"is_trial":false,"path_per_floor":["M","M","?","M","M","R","E","?","T","R","E","?","E","M","R","B",null,"M","$","?","M","?","E","R","M","T","E","M","T","$","E","R","B",null,"M","?","M","?","?","E","$","R","T","M","?","M","E","M","R","B",null,"R","$","E","B",null],"character_chosen":"THE_SILENT","items_purchased":["Lantern","Medical Kit"],"campfire_rested":0,"item_purchase_floors":[19,30],"current_hp_per_floor":[70,70,70,70,70,70,56,42,42,42,42,47,46,46,46,46,75,70,70,70,70,70,69,69,57,57,57,57,57,57,57,57,57,75,75,71,69,69,62,62,62,62,62,64,64,61,63,54,54,56,71,71,71,70,71],"gold":201,"neow_bonus":"THREE_ENEMY_KILL","is_prod":false,"is_daily":false,"chose_seed":false,"campfire_upgraded":7,"win_rate":0,"timestamp":1552477638,"path_taken":["M","M","?","M","M","R","E","?","T","R","E","?","E","M","R","BOSS","BOSS","M","$","?","M","?","E","R","M","T","E","?","?","$","E","R","BOSS","M","?","M","?","?","E","$","R","T","M","?","?","E","M","R","BOSS","R","$","E","BOSS"],"build_version":"2019-01-23","purchased_purges":4,"victory":true,"max_hp_per_floor":[70,70,70,70,70,70,70,70,70,70,70,75,75,75,75,75,75,75,75,75,75,75,75,75,75,75,75,75,75,75,75,75,75,75,75,71,71,71,71,71,71,71,71,71,71,71,71,71,71,71,71,71,71,71,71],"card_choices":[{"not_picked":["Prepared","Dagger Throw"],"picked":"Expertise","floor":1.0},{"not_picked":["Acrobatics","Dash"],"picked":"Terror","floor":2.0},{"not_picked":["Finisher","Prepared"],"picked":"Backstab","floor":4.0},{"not_picked":["Bane","PiercingWail"],"picked":"Die Die Die","floor":5.0},{"not_picked":["Deadly Poison","Outmaneuver"],"picked":"Poisoned Stab","floor":7.0},{"not_picked":["Accuracy","Distraction","Bane+1"],"picked":"SKIP","floor":11.0},{"not_picked":["Distraction","Flying Knee+1","PiercingWail"],"picked":"SKIP","floor":13.0},{"not_picked":["Dagger Throw+1","Dodge and Roll","Cloak And Dagger"],"picked":"SKIP","floor":14.0},{"not_picked":["Dagger Spray+1","Predator+1"],"picked":"Concentrate","floor":17.0},{"not_picked":["Reflex","Cloak And Dagger"],"picked":"Acrobatics","floor":17.0},{"not_picked":["Endless Agony+1","Choke+1"],"picked":"Backflip","floor":18.0},{"not_picked":["Night Terror","Infinite Blades"],"picked":"Prepared+1","floor":21.0},{"not_picked":["Acrobatics+1","Poisoned Stab+1","Backflip+1"],"picked":"SKIP","floor":23.0},{"not_picked":["Bane+1","Outmaneuver","Wraith Form v2"],"picked":"SKIP","floor":25.0},{"not_picked":["Bane+1","Outmaneuver","Wraith Form v2"],"picked":"SKIP","floor":25.0},{"not_picked":["Cloak And Dagger","PiercingWail","Heel Hook+1"],"picked":"SKIP","floor":27.0},{"not_picked":["Dodge and Roll+1","Deadly Poison","Dagger Throw+1"],"picked":"SKIP","floor":28.0},{"not_picked":["Cloak And Dagger","Infinite Blades"],"picked":"Flechettes+1","floor":31.0},{"not_picked":["Quick Slash+1","Setup","Cloak And Dagger"],"picked":"SKIP","floor":35.0},{"not_picked":["Skewer+1","All Out Attack+1"],"picked":"Tactician","floor":37.0},{"not_picked":["Deadly Poison+1","Finisher+1","PiercingWail+1"],"picked":"SKIP","floor":40.0},{"not_picked":["Deflect+1","Quick Slash+1","Deadly Poison+1"],"picked":"SKIP","floor":44},{"not_picked":["Poisoned Stab+1","Dodge and Roll+1","Accuracy+1"],"picked":"SKIP","floor":46},{"not_picked":["Bane+1","Eviscerate+1","Leg Sweep"],"picked":"SKIP","floor":47},{"not_picked":["Finisher+1","Deadly Poison+1","Sucker Punch+1"],"picked":"SKIP","floor":48},{"not_picked":["Flying Knee+1","Backflip+1"],"picked":"Adrenaline","floor":54}],"player_experience":2810341,"relics_obtained":[{"floor":7.0,"key":"Molten Egg 2"},{"floor":9.0,"key":"Vajra"},{"floor":11.0,"key":"Happy Flower"},{"floor":13.0,"key":"Centennial Puzzle"},{"floor":23.0,"key":"Boot"},{"floor":26.0,"key":"Ginger"},{"floor":27.0,"key":"Pen Nib"},{"floor":31.0,"key":"PreservedInsect"},{"floor":38.0,"key":"Torii"},{"floor":39.0,"key":"Incense Burner"},{"floor":40.0,"key":"Bird Faced Urn"},{"floor":47,"key":"Thread and Needle"},{"floor":54,"key":"War Paint"}],"event_choices":[{"damage_healed":0.0,"max_hp_gain":0.0,"max_hp_loss":0.0,"gold_gain":0.0,"cards_transformed":["Strike_G"],"event_name":"Living Wall","player_choice":"Change","floor":3.0,"gold_loss":0.0,"damage_taken":0.0,"cards_obtained":["Tools of the Trade"]},{"damage_healed":0.0,"max_hp_gain":0.0,"max_hp_loss":0.0,"gold_gain":0.0,"event_name":"Shining Light","player_choice":"Entered Light","floor":8.0,"gold_loss":0.0,"damage_taken":14.0,"cards_upgraded":["Defend_G","Survivor"]},{"damage_healed":0.0,"max_hp_gain":5.0,"max_hp_loss":0.0,"gold_gain":0.0,"event_name":"Big Fish","player_choice":"Donut","floor":12.0,"gold_loss":0.0,"damage_taken":0.0},{"cards_removed":["Strike_G"],"damage_healed":0.0,"max_hp_gain":0.0,"max_hp_loss":0.0,"gold_gain":0.0,"event_name":"Back to Basics","player_choice":"Elegance","floor":20.0,"gold_loss":0.0,"damage_taken":0.0},{"damage_healed":0.0,"max_hp_gain":0.0,"max_hp_loss":0.0,"gold_gain":0.0,"event_name":"Lab","player_choice":"Got Potions","floor":22.0,"gold_loss":0.0,"damage_taken":0.0},{"damage_healed":0.0,"max_hp_gain":0.0,"max_hp_loss":4.0,"gold_gain":0.0,"event_name":"Winding Halls","player_choice":"Max HP","floor":36.0,"gold_loss":0.0,"damage_taken":0.0},{"damage_healed":0.0,"max_hp_gain":0.0,"max_hp_loss":0.0,"gold_gain":0.0,"event_name":"MindBloom","player_choice":"Fight","floor":38.0,"gold_loss":0.0,"damage_taken":0.0},{"damage_healed":0.0,"max_hp_gain":0.0,"max_hp_loss":0.0,"gold_gain":0.0,"event_name":"Mysterious Sphere","player_choice":"Fight","floor":39.0,"gold_loss":0.0,"damage_taken":0.0},{"damage_healed":0,"gold_gain":0,"player_choice":"Ignored","damage_taken":0,"max_hp_gain":0,"max_hp_loss":0,"event_name":"Tomb of Lord Red Mask","floor":45,"gold_loss":0}],"is_beta":false,"boss_relics":[{"not_picked":["Tiny House","Sozu"],"picked":"Orrery"},{"not_picked":["White Beast Statue","Snecko Eye"],"picked":"Cursed Key"}],"items_purged_floors":[19,30,41,53],"is_endless":false,"potions_floor_spawned":[2,4,11,16,18,25,31,35,39,44,48],"ascension_level":1}