{"gold_per_floor":[112,131,145,163,175,175,193,224,224,259,287,319,331,356,368,458,470,499,523,264,281,177,177,277,277,300,327,361,361,361,391,391,468,468,485,499,513,528,234,266,266,299,299,316,538,538,61,80,80,80],"floor_reached":51,"playtime":2183,"items_purged":["Strike_R","Strike_R","Strike_R","Regret"],"score":1410,"play_id":"08327273-6090-4923-bed0-98fa3261dbd9","local_time":"20190107205719","is_ascension_mode":true,"campfire_choices":[{"data":"Fiend Fire","floor":6.0,"key":"SMITH"},{"data":"Spot Weakness","floor":13.0,"key":"SMITH"},{"data":"Bash","floor":15.0,"key":"SMITH"},{"floor":23.0,"key":"REST"},{"floor":25.0,"key":"REST"},{"floor":29.0,"key":"REST"},{"floor":32.0,"key":"REST"},{"floor":41.0,"key":"REST"},{"floor":49,"key":"REST"}],"neow_cost":"TEN_PERCENT_HP_LOSS","seed_source_timestamp":44339197394706,"circlet_count":0,"master_deck":["AscendersBane","Strike_R","Defend_R+1","Defend_R+1","Defend_R","Defend_R","Bash+1","Fiend Fire+1","Headbutt","Pommel Strike","Carnage","Shrug It Off","Spot Weakness+1","Shrug It Off","Battle Trance","Feel No Pain","Demon Form","Disarm","Clothesline","Shrug It Off","Feel No Pain","Shrug It Off","Shrug It Off","Impervious","Sword Boomerang+1","Infernal Blade+1","Reaper+1","Thunderclap+1","Battle Trance","Pommel Strike+1","True Grit+1","Body Slam+1","Immolate+1","Sword Boomerang+1","Whirlwind+1","Heavy Blade+1"],"special_seed":0,"relics":["Burning Blood","Smiling Mask","Bottled Lightning","MawBank","Odd Mushroom","Fusion Hammer","Brimstone","Magic Flower","Bottled Flame","Oddly Smooth Stone","Molten Egg 2","Red Mask","Shuriken","Cursed Key","Potion Belt","Ornamental Fan","Sundial","Question Card","War Paint","Bronze Scales"],"potions_floor_usage":[50,50,50],"damage_taken":[{"damage":1.0,"enemies":"Cultist","floor":1.0,"turns":4.0},{"damage":0.0,"enemies":"2 Louse","floor":2.0,"turns":2.0},{"damage":12.0,"enemies":"Small Slimes","floor":3.0,"turns":4.0},{"damage":6.0,"enemies":"2 Fungi Beasts","floor":4.0,"turns":3.0},{"damage":5.0,"enemies":"Large Slime","floor":5.0,"turns":7.0},{"damage":7.0,"enemies":"Gremlin Gang","floor":7.0,"turns":5.0},{"damage":13.0,"enemies":"Gremlin Nob","floor":8.0,"turns":3.0},{"damage":15.0,"enemies":"3 Sentries","floor":10.0,"turns":9.0},{"damage":20.0,"enemies":"Lots of Slimes","floor":11.0,"turns":6.0},{"damage":10.0,"enemies":"The Mushroom Lair","floor":12.0,"turns":4.0},{"damage":7.0,"enemies":"Looter","floor":14.0,"turns":3.0},{"damage":19.0,"enemies":"The Guardian","floor":16.0,"turns":12.0},{"damage":3.0,"enemies":"Spheric Guardian","floor":18.0,"turns":3.0},{"damage":16.0,"enemies":"Chosen","floor":19.0,"turns":5.0},{"damage":0.0,"enemies":"Snake Plant","floor":21.0,"turns":2.0},{"damage":20.0,"enemies":"Colosseum Slavers","floor":24.0,"turns":5.0},{"damage":31.0,"enemies":"Colosseum Nobs","floor":24.0,"turns":4.0},{"damage":12.0,"enemies":"Gremlin Leader","floor":27.0,"turns":6.0},{"damage":0.0,"enemies":"Masked Bandits","floor":28.0,"turns":4.0},{"damage":18.0,"enemies":"Book of Stabbing","floor":31.0,"turns":4.0},{"damage":64.0,"enemies":"Automaton","floor":33.0,"turns":7.0},{"damage":6.0,"enemies":"Orb Walker","floor":35.0,"turns":3.0},{"damage":2.0,"enemies":"3 Darklings","floor":36.0,"turns":4.0},{"damage":19.0,"enemies":"Sphere and 2 Shapes","floor":37.0,"turns":8.0},{"damage":17.0,"enemies":"Transient","floor":38.0,"turns":5.0},{"damage":18.0,"enemies":"Giant Head","floor":40.0,"turns":6.0},{"damage":16.0,"enemies":"Reptomancer","floor":42.0,"turns":5.0},{"damage":0,"enemies":"Maw","floor":44,"turns":6},{"damage":0,"enemies":"Sphere and 2 Shapes","floor":48,"turns":3},{"damage":28,"enemies":"Time Eater","floor":50,"turns":5}],"seed_played":"8908958192454289518","potions_obtained":[{"floor":1.0,"key":"EssenceOfSteel"},{"floor":2.0,"key":"PowerPotion"},{"floor":8.0,"key":"SteroidPotion"},{"floor":11.0,"key":"Dexterity Potion"},{"floor":12.0,"key":"Fire Potion"},{"floor":16.0,"key":"AttackPotion"},{"floor":18.0,"key":"PowerPotion"},{"floor":21.0,"key":"BloodPotion"},{"floor":24.0,"key":"LiquidBronze"},{"floor":28.0,"key":"SteroidPotion"},{"floor":31.0,"key":"SteroidPotion"},{"floor":37.0,"key":"Ancient Potion"},{"floor":44,"key":"Poison Potion"}],"is_trial":false,"path_per_floor":["M","M","M","M","M","R","M","E","T","E","M","?","R","M","R","B",null,"M","M","$","M","$","R","?","R","T","E","?","R","?","E","R","B",null,"M","M","M","M","$","E","R","E","T","M","?","T","$","M","R","B",null],"character_chosen":"IRONCLAD","items_purchased":["Brimstone","Shrug It Off","Shrug It Off","Potion Belt","SkillPotion","Body Slam+1","Whirlwind+1","War Paint","Bronze Scales","Energy Potion"],"campfire_rested":6,"item_purchase_floors":[20,20,22,39,39,39,47,47,47,47],"current_hp_per_floor":[68,68,62,62,63,63,62,55,55,46,32,28,28,27,27,14,55,58,48,48,54,54,68,35,55,55,52,61,68,68,59,68,13,54,68,68,58,60,60,68,68,68,68,68,68,68,68,68,68,49],"gold":80,"neow_bonus":"THREE_RARE_CARDS","is_prod":false,"is_daily":false,"chose_seed":false,"campfire_upgraded":3,"win_rate":0,"timestamp":1546923439,"path_taken":["M","M","M","M","?","R","M","E","T","E","M","?","R","M","R","BOSS","M","M","$","M","$","R","?","R","T","E","?","R","?","E","R","BOSS","M","?","?","M","$","E","R","E","T","?","?","?","$","M","R","BOSS"],"build_version":"2019-01-03v4","purchased_purges":4,"victory":true,"max_hp_per_floor":[68,68,68,68,68,68,68,68,68,68,68,68,68,68,68,68,68,68,68,68,68,68,68,68,68,68,68,68,68,68,68,68,68,68,68,68,68,68,68,68,68,68,68,68,68,68,68,68,68,68],"card_choices":[{"not_picked":["Limit Break","Exhume"],"picked":"Fiend Fire","floor":0.0},{"not_picked":["Bloodletting","Warcry"],"picked":"Headbutt","floor":1.0},{"not_picked":["Clash","Headbutt"],"picked":"Pommel Strike","floor":2.0},{"not_picked":["Reckless Charge","Intimidate","Infernal Blade"],"picked":"SKIP","floor":3.0},{"not_picked":["Thunderclap","Brutality"],"picked":"Carnage","floor":4.0},{"not_picked":["Corruption","Seeing Red"],"picked":"Shrug It Off","floor":5.0},{"not_picked":["Clash","Rage"],"picked":"Spot Weakness","floor":7.0},{"not_picked":["Carnage","Thunderclap","Second Wind"],"picked":"SKIP","floor":8.0},{"not_picked":["Carnage","Whirlwind"],"picked":"Shrug It Off","floor":10.0},{"not_picked":["Clash","Combust"],"picked":"Battle Trance","floor":11.0},{"not_picked":["Clash","Heavy Blade"],"picked":"Feel No Pain","floor":12.0},{"not_picked":["Sever Soul","Clash","Bloodletting"],"picked":"SKIP","floor":14.0},{"not_picked":["Berserk","Double Tap"],"picked":"Demon Form","floor":16.0},{"not_picked":["Iron Wave","Flex+1"],"picked":"Disarm","floor":18.0},{"not_picked":["Headbutt","Twin Strike"],"picked":"Clothesline","floor":19.0},{"not_picked":["Thunderclap","True Grit"],"picked":"Feel No Pain","floor":21.0},{"not_picked":["Clothesline","Perfected Strike"],"picked":"Shrug It Off","floor":24.0},{"not_picked":["Heavy Blade","Second Wind"],"picked":"Impervious","floor":27.0},{"not_picked":["Clash+1","Carnage+1"],"picked":"Sword Boomerang+1","floor":28.0},{"not_picked":["Wild Strike+1","Shrug It Off"],"picked":"Infernal Blade+1","floor":31.0},{"not_picked":["Exhume","Brutality"],"picked":"Reaper+1","floor":33.0},{"not_picked":["Second Wind","Wild Strike+1"],"picked":"Thunderclap+1","floor":35.0},{"not_picked":["Metallicize","True Grit"],"picked":"Battle Trance","floor":36.0},{"not_picked":["Perfected Strike+1","Cleave+1"],"picked":"Pommel Strike+1","floor":37.0},{"not_picked":["Shrug It Off","Entrench"],"picked":"True Grit+1","floor":38.0},{"not_picked":["Rupture","Body Slam+1","Flex+1"],"picked":"SKIP","floor":40.0},{"not_picked":["Twin Strike+1","Havoc"],"picked":"Immolate+1","floor":42.0},{"not_picked":["Headbutt+1","Anger+1"],"picked":"Sword Boomerang+1","floor":44},{"not_picked":["Sentinel","Twin Strike+1","Warcry"],"picked":"Heavy Blade+1","floor":48}],"player_experience":1966442,"relics_obtained":[{"floor":8.0,"key":"Smiling Mask"},{"floor":9.0,"key":"Bottled Lightning"},{"floor":10.0,"key":"MawBank"},{"floor":12.0,"key":"Odd Mushroom"},{"floor":24.0,"key":"Magic Flower"},{"floor":24.0,"key":"Bottled Flame"},{"floor":26.0,"key":"Oddly Smooth Stone"},{"floor":27.0,"key":"Molten Egg 2"},{"floor":28.0,"key":"Red Mask"},{"floor":31.0,"key":"Shuriken"},{"floor":40.0,"key":"Ornamental Fan"},{"floor":42.0,"key":"Sundial"},{"floor":46,"key":"Question Card"}],"event_choices":[{"damage_healed":0.0,"max_hp_gain":0.0,"max_hp_loss":0.0,"gold_gain":0.0,"event_name":"Mushrooms","player_choice":"Fought Mushrooms","floor":12.0,"gold_loss":0.0,"damage_taken":0.0},{"damage_healed":0.0,"max_hp_gain":0.0,"max_hp_loss":0.0,"gold_gain":0.0,"event_name":"Colosseum","player_choice":"Fight","floor":24.0,"gold_loss":0.0,"damage_taken":0.0},{"damage_healed":0.0,"max_hp_gain":0.0,"max_hp_loss":0.0,"gold_gain":0.0,"event_name":"Colosseum","player_choice":"Fought Nobs","floor":24.0,"gold_loss":0.0,"damage_taken":0.0},{"damage_healed":0.0,"max_hp_gain":0.0,"max_hp_loss":0.0,"gold_gain":0.0,"event_name":"Masked Bandits","player_choice":"Fought Bandits","floor":28.0,"gold_loss":0.0,"damage_taken":0.0},{"cards_removed":["Strike_R"],"damage_healed":0.0,"max_hp_gain":0.0,"max_hp_loss":0.0,"gold_gain":0.0,"event_name":"Purifier","player_choice":"Purged","floor":30.0,"gold_loss":0.0,"damage_taken":0.0},{"damage_healed":0,"gold_gain":222,"player_choice":"Wore Mask","damage_taken":0,"max_hp_gain":0,"max_hp_loss":0,"event_name":"Tomb of Lord Red Mask","floor":45,"gold_loss":0}],"is_beta":false,"boss_relics":[{"not_picked":["Empty Cage","Black Blood"],"picked":"Fusion Hammer"},{"not_picked":["Runic Cube","Black Star"],"picked":"Cursed Key"}],"items_purged_floors":[20,22,39,47],"is_endless":false,"potions_floor_spawned":[1,2,8,11,12,16,18,21,24,28,31,37,38,44],"ascension_level":15}