{"gold_per_floor":[110,123,141,151,151,151,186,206,206,206,24,43,43,67,67,156,156,175,30,30,48,48],"floor_reached":22,"playtime":782,"items_purged":["Strike_R"],"score":333,"play_id":"361b942c-587b-471f-a782-1f02c7383e3d","local_time":"20190303000013","is_ascension_mode":true,"campfire_choices":[{"data":"Wild Strike","floor":6,"key":"SMITH"},{"data":"Heavy Blade","floor":13,"key":"SMITH"},{"data":"Limit Break","floor":15,"key":"SMITH"}],"neow_cost":"NONE","seed_source_timestamp":12120577666500,"circlet_count":0,"master_deck":["AscendersBane","Strike_R","Strike_R","Strike_R","Strike_R","Defend_R","Defend_R","Defend_R","Defend_R","Bash","Wild Strike+1","Second Wind","Limit Break+1","Heavy Blade+1","Battle Trance","Sword Boomerang+1","Inflame","Writhe","Bloodletting"],"relics":["Burning Blood","Paper Frog","Golden Idol","Runic Pyramid","Charon\u0027s Ashes"],"potions_floor_usage":[5,12,16],"damage_taken":[{"damage":6,"enemies":"Cultist","floor":1,"turns":3},{"damage":8,"enemies":"Small Slimes","floor":2,"turns":3},{"damage":0,"enemies":"2 Louse","floor":3,"turns":3},{"damage":2,"enemies":"Looter","floor":4,"turns":4},{"damage":0,"enemies":"Exordium Wildlife","floor":5,"turns":1},{"damage":35,"enemies":"Gremlin Nob","floor":7,"turns":5},{"damage":18,"enemies":"Large Slime","floor":8,"turns":6},{"damage":4,"enemies":"3 Louse","floor":12,"turns":3},{"damage":6,"enemies":"Blue Slaver","floor":14,"turns":4},{"damage":28,"enemies":"Slime Boss","floor":16,"turns":7},{"damage":24,"enemies":"3 Byrds","floor":18,"turns":7},{"damage":18,"enemies":"Shell Parasite","floor":21,"turns":5},{"damage":30,"enemies":"Colosseum Slavers","floor":22,"turns":3}],"seed_played":"6490927322048931443","potions_obtained":[{"floor":3,"key":"SmokeBomb"},{"floor":7,"key":"EssenceOfSteel"},{"floor":8,"key":"Strength Potion"},{"floor":14,"key":"FearPotion"}],"is_trial":false,"path_per_floor":["M","M","M","M","M","R","E","M","T","?","$","M","R","M","R","B",null,"M","$","?","M","?"],"character_chosen":"IRONCLAD","items_purchased":["Limit Break","Heavy Blade","Inflame"],"campfire_rested":0,"item_purchase_floors":[11,11,19],"current_hp_per_floor":[68,66,72,75,75,75,46,34,34,34,34,36,36,36,36,14,55,37,37,37,25,0],"gold":48,"neow_bonus":"THREE_CARDS","is_prod":false,"is_daily":false,"chose_seed":false,"campfire_upgraded":3,"win_rate":0,"timestamp":1551542413,"path_taken":["M","M","?","?","M","R","E","M","T","?","$","M","R","M","R","BOSS","M","$","?","M","?"],"build_version":"2019-01-23","purchased_purges":1,"victory":false,"max_hp_per_floor":[75,75,75,75,75,75,75,75,75,68,68,68,68,68,68,68,68,68,68,68,68,68],"card_choices":[{"not_picked":["Twin Strike","Havoc"],"picked":"Wild Strike","floor":0},{"not_picked":["Heavy Blade","Sword Boomerang","Twin Strike"],"picked":"SKIP","floor":1},{"not_picked":["Heavy Blade","Sword Boomerang","Twin Strike"],"picked":"SKIP","floor":1},{"not_picked":["Dropkick","Cleave"],"picked":"Second Wind","floor":2},{"not_picked":["Pummel","Anger","Reckless Charge"],"picked":"SKIP","floor":3},{"not_picked":["Cleave","Pummel","Clothesline"],"picked":"SKIP","floor":4},{"not_picked":["Dual Wield","Infernal Blade","True Grit"],"picked":"SKIP","floor":7},{"not_picked":["Clothesline","Thunderclap","Twin Strike"],"picked":"SKIP","floor":8},{"not_picked":["Thunderclap","Iron Wave","Shrug It Off"],"picked":"SKIP","floor":12},{"not_picked":["Pummel","Perfected Strike"],"picked":"Battle Trance","floor":14},{"not_picked":["Cleave","Heavy Blade"],"picked":"Sword Boomerang+1","floor":18},{"not_picked":["Iron Wave","Infernal Blade","Bloodletting"],"picked":"SKIP","floor":21},{"not_picked":["Iron Wave","Infernal Blade"],"picked":"Bloodletting","floor":21}],"player_experience":2680945,"relics_obtained":[{"floor":7,"key":"Paper Frog"}],"event_choices":[{"damage_healed":0,"gold_gain":0,"player_choice":"Lose Max HP","damage_taken":0,"relics_obtained":["Golden Idol"],"max_hp_gain":0,"max_hp_loss":7,"event_name":"Golden Idol","floor":10,"gold_loss":0},{"damage_healed":0,"gold_gain":0,"player_choice":"Opened","damage_taken":0,"relics_obtained":["Charon\u0027s Ashes"],"max_hp_gain":0,"max_hp_loss":0,"event_name":"The Mausoleum","floor":20,"gold_loss":0,"cards_obtained":["Writhe"]},{"damage_healed":0,"gold_gain":0,"player_choice":"Fight","damage_taken":0,"max_hp_gain":0,"max_hp_loss":0,"event_name":"Colosseum","floor":22,"gold_loss":0}],"is_beta":false,"boss_relics":[{"not_picked":["Mark of Pain","Sozu"],"picked":"Runic Pyramid"}],"items_purged_floors":[19],"is_endless":false,"potions_floor_spawned":[3,5,7,8,14],"killed_by":"Colosseum Slavers","ascension_level":15}