{"gold_per_floor":[116,131,206,225,51,51,67,38,38,38,63,63],"floor_reached":12,"playtime":294,"items_purged":[],"score":156,"play_id":"14124e0b-70a0-4f7e-8d76-66604ec95966","local_time":"25620221164047","is_ascension_mode":true,"campfire_choices":[{"data":"Bash","floor":6,"key":"SMITH"},{"data":"Battle Trance","floor":10,"key":"SMITH"}],"neow_cost":"CURSE","seed_source_timestamp":2480175405045,"circlet_count":0,"master_deck":["AscendersBane","Strike_R","Strike_R","Strike_R","Strike_R","Strike_R","Defend_R","Defend_R","Defend_R","Defend_R","Bash+1","Parasite","Rage","Anger","Flex","Demon Form","Dropkick","Battle Trance+1","Shrug It Off","Sword Boomerang"],"relics":["Burning Blood","Turnip","Bottled Flame","Mercury Hourglass"],"potions_floor_usage":[11],"damage_taken":[{"damage":9,"enemies":"Jaw Worm","floor":1,"turns":4},{"damage":1,"enemies":"Small Slimes","floor":2,"turns":4},{"damage":7,"enemies":"2 Louse","floor":4,"turns":3},{"damage":6,"enemies":"Exordium Wildlife","floor":7,"turns":3},{"damage":50,"enemies":"3 Sentries","floor":11,"turns":11}],"seed_played":"-5554291744916682097","potions_obtained":[{"floor":2,"key":"FearPotion"},{"floor":11,"key":"BloodPotion"}],"is_trial":false,"path_per_floor":["M","M","?","M","$","R","M","$","T","R","E","?"],"character_chosen":"IRONCLAD","items_purchased":["Demon Form","Dropkick","Shrug It Off"],"campfire_rested":0,"item_purchase_floors":[5,5,8],"current_hp_per_floor":[65,70,59,58,58,58,58,58,58,58,14,0],"gold":63,"neow_bonus":"ONE_RARE_RELIC","is_prod":false,"is_daily":false,"chose_seed":false,"campfire_upgraded":2,"win_rate":0,"timestamp":1550742047,"path_taken":["M","M","?","M","$","R","M","$","T","R","E","?"],"build_version":"2019-01-23","purchased_purges":0,"victory":false,"max_hp_per_floor":[75,75,75,75,75,75,75,75,75,75,75,75],"card_choices":[{"not_picked":["Body Slam","Clothesline"],"picked":"Rage","floor":1},{"not_picked":["Armaments","True Grit"],"picked":"Anger","floor":2},{"not_picked":["Infernal Blade","Clash"],"picked":"Flex","floor":4},{"not_picked":["Twin Strike","Clash"],"picked":"Battle Trance","floor":7},{"not_picked":["Warcry","Combust"],"picked":"Sword Boomerang","floor":11}],"player_experience":259875,"relics_obtained":[{"floor":9,"key":"Bottled Flame"},{"floor":11,"key":"Mercury Hourglass"}],"event_choices":[{"damage_healed":0,"gold_gain":75,"player_choice":"Gather Gold","damage_taken":11,"max_hp_gain":0,"max_hp_loss":0,"event_name":"World of Goop","floor":3,"gold_loss":0}],"is_beta":false,"boss_relics":[],"items_purged_floors":[],"is_endless":false,"potions_floor_spawned":[2,11],"ascension_level":20}