{"gold_per_floor":[117,133,133,143,157,188,200,200,200,200,219,229,262,262,262,336,336,349,360,340,91,107,140,140,55,55,69,69,102,102,117,117,117],"floor_reached":33,"playtime":1283,"items_purged":["Strike_R"],"score":523,"play_id":"c68c4bf2-d0c9-4b3b-890a-59621a6790d5","local_time":"20190227110807","is_ascension_mode":true,"campfire_choices":[{"floor":8.0,"key":"REST"},{"data":"Inflame","floor":10.0,"key":"SMITH"},{"data":"Anger","floor":15.0,"key":"SMITH"},{"floor":28.0,"key":"REST"},{"data":"Clothesline","floor":30.0,"key":"SMITH"},{"data":"Ghostly Armor","floor":32.0,"key":"SMITH"}],"neow_cost":"NONE","seed_source_timestamp":31869358712780,"circlet_count":0,"master_deck":["AscendersBane","Strike_R","Strike_R","Strike_R","Strike_R","Defend_R","Defend_R","Defend_R","Defend_R","Bash+1","Pommel Strike","Iron Wave","Anger+1","Inflame+1","Shrug It Off","Twin Strike","Offering","Clothesline+1","Brutality","Disarm","Sword Boomerang+1","Corruption","Reaper","Immolate","Ghostly Armor+1"],"special_seed":0,"relics":["Burning Blood","Letter Opener","Nunchaku","Ancient Tea Set","Snecko Eye","Smiling Mask","Shuriken","Charon\u0027s Ashes","Shovel"],"potions_floor_usage":[],"damage_taken":[{"damage":1.0,"enemies":"Cultist","floor":1.0,"turns":3.0},{"damage":10.0,"enemies":"Small Slimes","floor":2.0,"turns":3.0},{"damage":2.0,"enemies":"2 Louse","floor":4.0,"turns":2.0},{"damage":41.0,"enemies":"Exordium Thugs","floor":5.0,"turns":5.0},{"damage":20.0,"enemies":"3 Sentries","floor":6.0,"turns":10.0},{"damage":11.0,"enemies":"Blue Slaver","floor":7.0,"turns":4.0},{"damage":10.0,"enemies":"Large Slime","floor":11.0,"turns":5.0},{"damage":1.0,"enemies":"Looter","floor":12.0,"turns":3.0},{"damage":16.0,"enemies":"Gremlin Nob","floor":13.0,"turns":3.0},{"damage":23.0,"enemies":"Hexaghost","floor":16.0,"turns":6.0},{"damage":9.0,"enemies":"3 Byrds","floor":18.0,"turns":5.0},{"damage":26.0,"enemies":"2 Thieves","floor":19.0,"turns":5.0},{"damage":17.0,"enemies":"Shelled Parasite and Fungi","floor":22.0,"turns":4.0},{"damage":20.0,"enemies":"Gremlin Leader","floor":23.0,"turns":4.0},{"damage":6.0,"enemies":"Snecko","floor":27.0,"turns":3.0},{"damage":8.0,"enemies":"Slavers","floor":29.0,"turns":2.0},{"damage":24.0,"enemies":"Snake Plant","floor":31.0,"turns":4.0},{"damage":91,"enemies":"Automaton","floor":33,"turns":6}],"seed_played":"-2457160631962510102","potions_obtained":[{"floor":2.0,"key":"SpeedPotion"},{"floor":6.0,"key":"Strength Potion"},{"floor":12.0,"key":"EssenceOfSteel"},{"floor":16.0,"key":"Block Potion"},{"floor":18.0,"key":"Strength Potion"},{"floor":20.0,"key":"PowerPotion"},{"floor":31.0,"key":"Ancient Potion"}],"is_trial":false,"path_per_floor":["M","M","T","M","M","E","M","R","T","R","M","M","E","?","R","B",null,"M","M","?","$","M","E","?","?","T","M","R","E","R","M","R","B"],"character_chosen":"IRONCLAD","items_purchased":["Corruption","Reaper"],"campfire_rested":2,"item_purchase_floors":[21,21],"current_hp_per_floor":[73,69,69,73,38,24,19,41,41,41,37,42,32,37,37,20,65,62,42,42,42,38,34,34,34,34,34,58,74,74,61,61,0],"gold":117,"neow_bonus":"UPGRADE_CARD","is_prod":false,"is_daily":false,"chose_seed":false,"campfire_upgraded":4,"win_rate":0,"timestamp":1551294487,"path_taken":["M","M","?","M","?","E","M","R","T","R","M","M","E","?","R","BOSS","M","M","?","$","?","E","?","?","T","M","R","E","R","M","R","BOSS"],"build_version":"2019-01-23","purchased_purges":1,"victory":false,"max_hp_per_floor":[75,75,75,75,75,75,75,75,75,75,75,75,75,80,80,80,80,80,80,80,80,80,80,80,80,80,80,80,80,80,80,80,80],"card_choices":[{"not_picked":["Sword Boomerang","Headbutt"],"picked":"Pommel Strike","floor":1.0},{"not_picked":["Heavy Blade","Clash"],"picked":"Iron Wave","floor":2.0},{"not_picked":["Havoc","Armaments"],"picked":"Anger","floor":4.0},{"not_picked":["Flex","Iron Wave","Wild Strike"],"picked":"SKIP","floor":5.0},{"not_picked":["Flex","Iron Wave","Wild Strike"],"picked":"SKIP","floor":5.0},{"not_picked":["Clothesline","Heavy Blade"],"picked":"Inflame","floor":6.0},{"not_picked":["Combust","Fire Breathing"],"picked":"Shrug It Off","floor":7.0},{"not_picked":["Warcry","Havoc"],"picked":"Twin Strike","floor":11.0},{"not_picked":["Bloodletting","Corruption"],"picked":"Offering","floor":12.0},{"not_picked":["Reckless Charge","Thunderclap"],"picked":"Clothesline","floor":13.0},{"not_picked":["Bludgeon","Exhume"],"picked":"Brutality","floor":16.0},{"not_picked":["Sword Boomerang","Carnage+1"],"picked":"Disarm","floor":18.0},{"not_picked":["Iron Wave","Thunderclap"],"picked":"Sword Boomerang+1","floor":19.0},{"not_picked":["Wild Strike","Body Slam","Bloodletting"],"picked":"SKIP","floor":22.0},{"not_picked":["Wild Strike","Body Slam","Bloodletting"],"picked":"SKIP","floor":22.0},{"not_picked":["Dual Wield","Limit Break"],"picked":"Immolate","floor":23.0},{"not_picked":["Clash","Dropkick","Twin Strike"],"picked":"SKIP","floor":27.0},{"not_picked":["Flex","Pommel Strike"],"picked":"Ghostly Armor","floor":29.0},{"not_picked":["Iron Wave","Clash","Wild Strike"],"picked":"SKIP","floor":31.0}],"player_experience":2271483,"relics_obtained":[{"floor":6.0,"key":"Letter Opener"},{"floor":9.0,"key":"Nunchaku"},{"floor":13.0,"key":"Ancient Tea Set"},{"floor":23.0,"key":"Smiling Mask"},{"floor":26.0,"key":"Charon\u0027s Ashes"},{"floor":29.0,"key":"Shovel"}],"event_choices":[{"damage_healed":0.0,"max_hp_gain":5.0,"max_hp_loss":0.0,"gold_gain":0.0,"event_name":"Big Fish","player_choice":"Donut","floor":14.0,"gold_loss":0.0,"damage_taken":0.0},{"damage_healed":0.0,"max_hp_gain":0.0,"max_hp_loss":0.0,"gold_gain":0.0,"event_name":"The Woman in Blue","player_choice":"Bought 1 Potion","floor":20.0,"gold_loss":0.0,"damage_taken":0.0},{"damage_healed":0.0,"max_hp_gain":0.0,"max_hp_loss":0.0,"gold_gain":0.0,"event_name":"The Mausoleum","player_choice":"Ignored","floor":24.0,"gold_loss":0.0,"damage_taken":0.0},{"damage_healed":0.0,"max_hp_gain":0.0,"max_hp_loss":0.0,"gold_gain":0.0,"event_name":"Addict","player_choice":"Obtained Relic","floor":25.0,"gold_loss":85.0,"damage_taken":0.0,"relics_obtained":["Shuriken"]}],"is_beta":false,"boss_relics":[{"not_picked":["Black Blood","Empty Cage"],"picked":"Snecko Eye"}],"items_purged_floors":[21],"is_endless":false,"potions_floor_spawned":[2,6,12,16,18,22,31],"killed_by":"Automaton","ascension_level":15}