{"gold_per_floor":[113,113,163,3,15,41,41,41,65,90,90,31,31,66,66,142,142,162,173,4,14,31,58,58,86,134,150,212,212,222,235,235,235],"floor_reached":33,"playtime":1036,"items_purged":["Strike_R"],"score":796,"play_id":"5b221f61-6150-4df7-b827-209c17c11af1","local_time":"20181207175527","is_ascension_mode":true,"campfire_choices":[{"data":"Wild Strike","floor":7,"key":"SMITH"},{"data":"Bash","floor":11,"key":"SMITH"},{"data":"Body Slam","floor":13,"key":"SMITH"},{"data":"Flame Barrier","floor":15,"key":"SMITH"},{"data":"Power Through","floor":32,"key":"SMITH"}],"neow_cost":"NONE","seed_source_timestamp":4678347357913,"circlet_count":0,"master_deck":["AscendersBane","Strike_R+1","Strike_R","Strike_R+1","Strike_R","Defend_R","Defend_R","Defend_R","Defend_R","Bash+1","Power Through+1","Wild Strike+1","Flame Barrier+1","Body Slam+1","Double Tap","Inflame+1","Immolate","Twin Strike+1","Impervious","Pommel Strike","Burning Pact"],"relics":["Burning Blood","NeowsBlessing","Dream Catcher","Happy Flower","Smiling Mask","Bag of Marbles","Boot","Mercury Hourglass","Runic Pyramid","PreservedInsect","Bottled Tornado","Whetstone","Bag of Preparation","Tiny Chest"],"potions_floor_usage":[10,10,16,21,23,23,25,33,33],"damage_taken":[{"damage":0,"enemies":"Jaw Worm","floor":1,"turns":1},{"damage":0,"enemies":"2 Louse","floor":5,"turns":1},{"damage":0,"enemies":"3 Sentries","floor":6,"turns":2},{"damage":0,"enemies":"Gremlin Nob","floor":10,"turns":3},{"damage":30,"enemies":"3 Sentries","floor":14,"turns":9},{"damage":45,"enemies":"Hexaghost","floor":16,"turns":12},{"damage":0,"enemies":"Chosen","floor":18,"turns":3},{"damage":13,"enemies":"Spheric Guardian","floor":19,"turns":5},{"damage":18,"enemies":"Snake Plant","floor":21,"turns":2},{"damage":8,"enemies":"3 Cultists","floor":22,"turns":5},{"damage":17,"enemies":"Book of Stabbing","floor":23,"turns":3},{"damage":0,"enemies":"Slavers","floor":25,"turns":1},{"damage":0,"enemies":"Cultist and Chosen","floor":27,"turns":4},{"damage":35,"enemies":"Book of Stabbing","floor":28,"turns":4},{"damage":0,"enemies":"Sentry and Sphere","floor":30,"turns":4},{"damage":0,"enemies":"3 Cultists","floor":31,"turns":1},{"damage":45,"enemies":"Automaton","floor":33,"turns":8}],"seed_played":"4732935617103494696","potions_obtained":[{"floor":5,"key":"GamblersBrew"},{"floor":6,"key":"Poison Potion"},{"floor":14,"key":"GamblersBrew"},{"floor":16,"key":"Weak Potion"},{"floor":19,"key":"Dexterity Potion"},{"floor":22,"key":"AttackPotion"},{"floor":23,"key":"Explosive Potion"},{"floor":28,"key":"Regen Potion"},{"floor":30,"key":"Strength Potion"}],"is_trial":false,"path_per_floor":["M","?","T","$","M","E","R","?","T","E","R","$","R","E","R","B",null,"M","M","$","M","M","E","?","E","T","M","E","?","M","M","R","B"],"character_chosen":"IRONCLAD","items_purchased":["Power Through","Body Slam","PreservedInsect"],"campfire_rested":0,"item_purchase_floors":[4,12,20],"current_hp_per_floor":[74,63,63,63,69,75,75,75,75,75,75,75,75,51,51,12,59,65,58,58,46,44,33,33,39,39,45,16,16,22,28,28,0],"gold":235,"neow_bonus":"THREE_ENEMY_KILL","is_prod":false,"is_daily":false,"chose_seed":false,"campfire_upgraded":5,"win_rate":0,"timestamp":1544176527,"path_taken":["M","?","?","$","M","E","R","?","T","E","R","?","R","E","R","BOSS","M","M","$","M","?","E","?","E","T","M","E","?","M","?","R","BOSS"],"build_version":"2018-12-06","purchased_purges":1,"victory":false,"max_hp_per_floor":[75,75,75,75,75,75,75,75,75,75,75,75,75,75,75,75,75,75,75,75,75,75,75,75,75,75,75,75,75,75,75,75,75],"card_choices":[{"not_picked":["Seeing Red","Rage"],"picked":"Perfected Strike","floor":1},{"not_picked":["Shrug It Off","Rupture"],"picked":"Wild Strike","floor":5},{"not_picked":["Cleave","Corruption"],"picked":"Flame Barrier","floor":6},{"not_picked":["Ghostly Armor","Sword Boomerang","True Grit"],"picked":"SKIP","floor":10},{"not_picked":["Shrug It Off","Perfected Strike","Warcry"],"picked":"SKIP","floor":14},{"not_picked":["Limit Break","Brutality"],"picked":"Double Tap","floor":16},{"not_picked":["Searing Blow","Thunderclap","Carnage"],"picked":"SKIP","floor":18},{"not_picked":["Combust","Anger","Ghostly Armor"],"picked":"SKIP","floor":19},{"not_picked":["Warcry","Headbutt","Pummel"],"picked":"SKIP","floor":21},{"not_picked":["Anger","Warcry","Inflame+1"],"picked":"SKIP","floor":22},{"not_picked":["Anger","Warcry"],"picked":"Inflame+1","floor":22},{"not_picked":["Havoc","Headbutt"],"picked":"Immolate","floor":23},{"not_picked":["Pommel Strike","Thunderclap"],"picked":"Twin Strike+1","floor":25},{"not_picked":["Pommel Strike","Clothesline","Perfected Strike"],"picked":"SKIP","floor":27},{"not_picked":["Pommel Strike","Clothesline","Perfected Strike"],"picked":"SKIP","floor":27},{"not_picked":["Rampage","Warcry"],"picked":"Impervious","floor":28},{"not_picked":["Combust","Wild Strike","Thunderclap"],"picked":"SKIP","floor":30},{"not_picked":["Havoc+1","Searing Blow"],"picked":"Burning Pact","floor":31}],"player_experience":2294802,"relics_obtained":[{"floor":3,"key":"Happy Flower"},{"floor":6,"key":"Smiling Mask"},{"floor":9,"key":"Bag of Marbles"},{"floor":10,"key":"Boot"},{"floor":14,"key":"Mercury Hourglass"},{"floor":23,"key":"Bottled Tornado"},{"floor":25,"key":"Whetstone"},{"floor":26,"key":"Bag of Preparation"},{"floor":28,"key":"Tiny Chest"}],"event_choices":[{"damage_healed":0,"gold_gain":0,"player_choice":"Success","damage_taken":11,"relics_obtained":["Dream Catcher"],"max_hp_gain":0,"max_hp_loss":0,"event_name":"Scrap Ooze","floor":2,"gold_loss":0},{"damage_healed":0,"gold_gain":0,"player_choice":"Leave","damage_taken":0,"max_hp_gain":0,"max_hp_loss":0,"event_name":"The Cleric","floor":8,"gold_loss":0},{"damage_healed":0,"gold_gain":0,"cards_transformed":["Perfected Strike"],"player_choice":"Transformed","damage_taken":0,"max_hp_gain":0,"max_hp_loss":0,"event_name":"Transmorgrifier","floor":29,"gold_loss":0,"cards_obtained":["Pommel Strike"]}],"is_beta":false,"boss_relics":[{"not_picked":["Eternal Feather","Black Blood"],"picked":"Runic Pyramid"}],"items_purged_floors":[4],"is_endless":false,"potions_floor_spawned":[5,6,14,16,19,22,23,28,30],"killed_by":"Automaton","ascension_level":20}