{"gold_per_floor":[117,130,130,130,148,178,178,209,258,258,291,359,409,436,436,514,514,534,17,67,117,167,167,194,194,263,313,326,359,409,439,439,510,510,523,625,464,514,564,589,589,619,690,766,78,108,1,36,36,36,36],"floor_reached":52,"playtime":2502,"items_purged":["Beam Cell"],"score":2813,"play_id":"0b67ae68-d8b7-4e49-8c49-e5719252f28c","local_time":"20181225195250","is_ascension_mode":true,"campfire_choices":[{"data":"Barrage","floor":7.0,"key":"SMITH"},{"floor":10.0,"key":"REST"},{"data":"Defragment","floor":15.0,"key":"SMITH"},{"data":"Decay","floor":23.0,"key":"PURGE"},{"floor":25.0,"key":"REST"},{"data":"Genetic Algorithm+1","floor":32.0,"key":"PURGE"},{"floor":41,"key":"DIG"},{"floor":49,"key":"DIG"}],"neow_cost":"TEN_PERCENT_HP_LOSS","seed_source_timestamp":0,"circlet_count":0,"master_deck":["AscendersBane","Dualcast","Electrodynamics","Barrage+1","Defragment+1","Ball Lightning","Double Energy+1","Hologram+1","Rainbow+1","Biased Cognition","Reinforced Body+1","Fission+1","Consume+1","Self Repair","Fusion+1","Creative AI","Coolheaded+1","Coolheaded+1","Conserve Battery+1","Core Surge","Seek+1","Chill+1","Heatsinks","Coolheaded+1","Recycle+1","Steam Power+1","Aggregate+1"],"special_seed":0,"relics":["Cracked Core","The Courier","SsserpentHead","PreservedInsect","Happy Flower","Pen Nib","Toxic Egg 2","Oddly Smooth Stone","Pandora\u0027s Box","Membership Card","Tiny Chest","Question Card","Peace Pipe","Juzu Bracelet","Shovel","Meat on the Bone","FossilizedHelix","Enchiridion","Ginger","Fusion Hammer","Thread and Needle","Anchor","Gambling Chip","Lantern","Vajra","Orichalcum","Bag of Preparation","TheAbacus","Strawberry","Bottled Lightning","Ancient Tea Set","Calipers","Pocketwatch","Potion Belt","Boot","Mummified Hand","Kunai","DataDisk"],"potions_floor_usage":[],"damage_taken":[{"damage":7.0,"enemies":"Jaw Worm","floor":1.0,"turns":3.0},{"damage":5.0,"enemies":"Small Slimes","floor":2.0,"turns":2.0},{"damage":1.0,"enemies":"Cultist","floor":5.0,"turns":3.0},{"damage":35.0,"enemies":"Lagavulin","floor":6.0,"turns":6.0},{"damage":6.0,"enemies":"Gremlin Nob","floor":8.0,"turns":3.0},{"damage":13.0,"enemies":"Lagavulin","floor":11.0,"turns":5.0},{"damage":6.0,"enemies":"Exordium Wildlife","floor":12.0,"turns":3.0},{"damage":0.0,"enemies":"Gremlin Nob","floor":14.0,"turns":2.0},{"damage":0.0,"enemies":"Slime Boss","floor":16.0,"turns":5.0},{"damage":16.0,"enemies":"3 Byrds","floor":18.0,"turns":3.0},{"damage":32.0,"enemies":"Slavers","floor":24.0,"turns":3.0},{"damage":9.0,"enemies":"Shell Parasite","floor":28.0,"turns":4.0},{"damage":40.0,"enemies":"Book of Stabbing","floor":29.0,"turns":5.0},{"damage":0.0,"enemies":"Slavers","floor":31.0,"turns":2.0},{"damage":0,"enemies":"Automaton","floor":33,"turns":11},{"damage":0,"enemies":"3 Darklings","floor":35,"turns":3},{"damage":0,"enemies":"2 Orb Walkers","floor":36,"turns":3},{"damage":9,"enemies":"Reptomancer","floor":40,"turns":5},{"damage":0,"enemies":"Giant Head","floor":42,"turns":3},{"damage":0,"enemies":"Reptomancer","floor":46,"turns":4},{"damage":0,"enemies":"Giant Head","floor":48,"turns":5},{"damage":0,"enemies":"Donu and Deca","floor":50,"turns":8},{"damage":0,"enemies":"Awakened One","floor":51,"turns":11}],"seed_played":"-6055332814112144689","potions_obtained":[{"floor":5.0,"key":"LiquidBronze"},{"floor":6.0,"key":"SmokeBomb"},{"floor":8.0,"key":"Dexterity Potion"},{"floor":24.0,"key":"Swift Potion"},{"floor":28.0,"key":"Block Potion"},{"floor":31.0,"key":"Dexterity Potion"},{"floor":33,"key":"SkillPotion"}],"is_trial":false,"path_per_floor":["M","M","?","?","M","E","R","E","T","R","E","M","?","E","R","B",null,"M","$","?","?","?","R","E","R","T","?","M","E","?","E","R","B",null,"M","?","$","?","?","E","R","E","T","T","$","E","$","E","R","B","B",null],"character_chosen":"DEFECT","items_purchased":["Membership Card","Tiny Chest","Question Card","Peace Pipe","Juzu Bracelet","Anchor","Heatsinks","Coolheaded+1","Bag of Preparation","TheAbacus","Strawberry","Bottled Lightning","Ancient Tea Set","Calipers","Pocketwatch","Potion Belt","Mummified Hand"],"campfire_rested":2,"item_purchase_floors":[19,19,19,19,19,37,37,37,45,45,45,45,45,45,45,45,47],"current_hp_per_floor":[57,52,47,47,46,11,11,5,5,24,11,5,26,26,26,26,55,39,39,39,39,39,39,14,33,33,33,43,22,1,13,13,32,56,56,56,56,61,61,59,59,61,61,61,68,68,68,68,68,68,68],"gold":36,"neow_bonus":"THREE_RARE_CARDS","is_prod":false,"is_daily":false,"chose_seed":true,"campfire_upgraded":2,"win_rate":0,"timestamp":1545738770,"path_taken":["M","M","?","?","M","E","R","E","T","R","E","?","?","E","R","BOSS","M","$","?","?","?","R","E","R","T","?","M","E","?","E","R","BOSS","M","?","$","?","?","E","R","E","T","?","$","E","$","E","R","BOSS","BOSS"],"build_version":"2018-12-20","purchased_purges":1,"victory":true,"max_hp_per_floor":[64,64,64,64,64,64,64,64,64,64,64,64,64,64,64,64,64,64,64,64,64,64,64,64,64,64,64,64,64,64,64,64,64,64,64,64,64,64,61,61,61,61,61,61,68,68,68,68,68,68,68],"card_choices":[{"not_picked":["Thunder Strike","Echo Form"],"picked":"Electrodynamics","floor":0.0},{"not_picked":["Coolheaded","White Noise"],"picked":"Beam Cell","floor":1.0},{"not_picked":["Redo","Steam"],"picked":"Barrage","floor":2.0},{"not_picked":["Static Discharge","Fusion","Force Field"],"picked":"SKIP","floor":5.0},{"not_picked":["Electrodynamics","Chaos"],"picked":"Defragment","floor":6.0},{"not_picked":["Tempest","Blizzard"],"picked":"Ball Lightning","floor":8.0},{"not_picked":["Go for the Eyes","Defragment"],"picked":"Double Energy","floor":11.0},{"not_picked":["Lockon","Stack+1"],"picked":"Hologram+1","floor":12.0},{"not_picked":["Sunder","Streamline"],"picked":"Rainbow+1","floor":14.0},{"not_picked":["Machine Learning","Reboot+1"],"picked":"Biased Cognition","floor":16.0},{"not_picked":["Conserve Battery+1","Steam Power+1"],"picked":"Coolheaded+1","floor":18.0},{"not_picked":["Ball Lightning","FTL","Hyperbeam"],"picked":"Conserve Battery+1","floor":24.0},{"not_picked":["Fusion+1","Hello World","Barrage","Rip and Tear"],"picked":"SKIP","floor":28.0},{"not_picked":["Stack+1","Barrage","Redo+1","Consume+1"],"picked":"SKIP","floor":29.0},{"not_picked":["Force Field+1","Turbo+1","Aggregate+1"],"picked":"Core Surge","floor":31.0},{"not_picked":["All For One","Rainbow+1","Machine Learning"],"picked":"Seek+1","floor":33},{"not_picked":["Defragment+1","Leap+1","Coolheaded+1"],"picked":"Chill+1","floor":35},{"not_picked":["Cold Snap","Barrage","Tempest+1"],"picked":"Recycle+1","floor":40},{"not_picked":["Consume+1","Streamline","Turbo+1"],"picked":"Steam Power+1","floor":42},{"not_picked":["Barrage+1","Stack+1","Rebound","Turbo+1"],"picked":"SKIP","floor":46},{"not_picked":["Leap+1","Sweeping Beam","Cold Snap+1"],"picked":"Aggregate+1","floor":48}],"player_experience":2446327,"relics_obtained":[{"floor":6.0,"key":"PreservedInsect"},{"floor":8.0,"key":"Happy Flower"},{"floor":9.0,"key":"Pen Nib"},{"floor":11.0,"key":"Toxic Egg 2"},{"floor":14.0,"key":"Oddly Smooth Stone"},{"floor":24.0,"key":"Shovel"},{"floor":26.0,"key":"Meat on the Bone"},{"floor":29.0,"key":"FossilizedHelix"},{"floor":30.0,"key":"Enchiridion"},{"floor":31.0,"key":"Ginger"},{"floor":36,"key":"Thread and Needle"},{"floor":40,"key":"Gambling Chip"},{"floor":41,"key":"Lantern"},{"floor":42,"key":"Vajra"},{"floor":44,"key":"Orichalcum"},{"floor":46,"key":"Boot"},{"floor":48,"key":"Kunai"},{"floor":49,"key":"DataDisk"}],"event_choices":[{"damage_healed":0.0,"max_hp_gain":0.0,"max_hp_loss":0.0,"gold_gain":0.0,"event_name":"Scrap Ooze","player_choice":"Success","floor":3.0,"gold_loss":0.0,"damage_taken":5.0,"relics_obtained":["The Courier"]},{"damage_healed":0.0,"max_hp_gain":0.0,"max_hp_loss":0.0,"gold_gain":0.0,"event_name":"FaceTrader","player_choice":"Trade","floor":4.0,"gold_loss":0.0,"damage_taken":0.0,"relics_obtained":["SsserpentHead"]},{"damage_healed":21.0,"max_hp_gain":0.0,"max_hp_loss":0.0,"gold_gain":0.0,"event_name":"Big Fish","player_choice":"Banana","floor":13.0,"gold_loss":0.0,"damage_taken":0.0},{"cards_removed":["Zap"],"damage_healed":0.0,"max_hp_gain":0.0,"max_hp_loss":0.0,"gold_gain":0.0,"event_name":"Back to Basics","player_choice":"Elegance","floor":20.0,"gold_loss":0.0,"damage_taken":0.0},{"damage_healed":0.0,"max_hp_gain":0.0,"max_hp_loss":0.0,"gold_gain":0.0,"event_name":"Forgotten Altar","player_choice":"Smashed Altar","floor":21.0,"gold_loss":0.0,"damage_taken":0.0,"cards_obtained":["Decay"]},{"damage_healed":0.0,"max_hp_gain":0.0,"max_hp_loss":0.0,"gold_gain":0.0,"event_name":"The Library","player_choice":"Read","floor":22.0,"gold_loss":0.0,"damage_taken":0.0,"cards_obtained":["Coolheaded"]},{"damage_healed":0.0,"max_hp_gain":0.0,"max_hp_loss":0.0,"gold_gain":0.0,"event_name":"Vampires","player_choice":"Ignored","floor":27.0,"gold_loss":0.0,"damage_taken":0.0},{"damage_healed":0.0,"max_hp_gain":0.0,"max_hp_loss":0.0,"gold_gain":0.0,"event_name":"Cursed Tome","player_choice":"Obtained Book","floor":30.0,"gold_loss":0.0,"damage_taken":21.0},{"damage_healed":0,"gold_gain":0,"player_choice":"Fight","damage_taken":0,"max_hp_gain":0,"max_hp_loss":0,"event_name":"Mysterious Sphere","floor":36,"gold_loss":0},{"cards_removed":["Stack"],"damage_healed":5,"gold_gain":0,"player_choice":"Offered Common","damage_taken":0,"max_hp_gain":0,"max_hp_loss":0,"event_name":"Bonfire Elementals","floor":38,"gold_loss":0},{"cards_removed":["Stack"],"damage_healed":5,"gold_gain":0,"player_choice":"Offered Special","damage_taken":0,"max_hp_gain":0,"max_hp_loss":0,"event_name":"Bonfire Elementals","floor":38,"gold_loss":0},{"damage_healed":0,"gold_gain":0,"player_choice":"Max HP","damage_taken":0,"max_hp_gain":0,"max_hp_loss":3,"event_name":"Winding Halls","floor":39,"gold_loss":0}],"is_beta":false,"boss_relics":[{"not_picked":["Eternal Feather","Inserter"],"picked":"Pandora\u0027s Box"},{"not_picked":["Cursed Key","Empty Cage"],"picked":"Fusion Hammer"}],"items_purged_floors":[37],"is_endless":false,"potions_floor_spawned":[5,6,8,24,28,31,33,35,40,42],"ascension_level":20}