{"gold_per_floor":[110,126,146,161,179,179,210,23,23,23,39,69,30,205,205,301,301,316,336,336,350,350,350,380,380,406,406,422,435,268,280,280,381,381,400,400,148,165,165,192,192,192,192,208,208,218,233,243,243,243],"floor_reached":50,"playtime":7402,"items_purged":["Doubt","Writhe"],"score":496,"play_id":"bce4f1e9-439b-4aac-9872-921d0f8ceb7b","local_time":"20190410230119","daily_mods":["Chimera","Uncertain Future","Night Terrors"],"is_ascension_mode":false,"campfire_choices":[{"data":"Infernal Blade","floor":6.0,"key":"SMITH"},{"floor":10.0,"key":"REST"},{"data":"Apotheosis","floor":15.0,"key":"SMITH"},{"floor":23.0,"key":"REST"},{"floor":25.0,"key":"REST"},{"floor":32.0,"key":"REST"},{"floor":42,"key":"REST"},{"floor":45,"key":"REST"},{"floor":49,"key":"REST"}],"neow_cost":"","seed_source_timestamp":0,"circlet_count":0,"master_deck":["Bash","Survivor","Zap","Strike_R","Strike_G","Strike_B","Defend_R","Defend_G","Defend_B","Entrench","Infernal Blade+1","Cleave","Rampage","Inflame","Rampage","Apotheosis+1","Cleave","Flame Barrier","Juggernaut","Twin Strike+1","Clash","Juggernaut","Bandage Up","Spot Weakness+1","Infernal Blade+1","Whirlwind","Flex"],"special_seed":0,"relics":["Burning Blood","Ancient Tea Set","Kunai","Philosopher\u0027s Stone","Nilry\u0027s Codex","Mango","PreservedInsect","Happy Flower","Runic Cube","Red Skull","Blood Vial","Ornamental Fan"],"potions_floor_usage":[],"damage_taken":[{"damage":0.0,"enemies":"Jaw Worm","floor":1.0,"turns":5.0},{"damage":10.0,"enemies":"Cultist","floor":2.0,"turns":4.0},{"damage":0.0,"enemies":"Small Slimes","floor":3.0,"turns":3.0},{"damage":6.0,"enemies":"2 Fungi Beasts","floor":4.0,"turns":2.0},{"damage":7.0,"enemies":"Blue Slaver","floor":5.0,"turns":3.0},{"damage":22.0,"enemies":"3 Sentries","floor":7.0,"turns":6.0},{"damage":0.0,"enemies":"Large Slime","floor":11.0,"turns":4.0},{"damage":26.0,"enemies":"Hexaghost","floor":16.0,"turns":9.0},{"damage":25.0,"enemies":"Spheric Guardian","floor":18.0,"turns":4.0},{"damage":25.0,"enemies":"Shell Parasite","floor":19.0,"turns":7.0},{"damage":20.0,"enemies":"3 Cultists","floor":21.0,"turns":5.0},{"damage":53.0,"enemies":"Slavers","floor":24.0,"turns":6.0},{"damage":37.0,"enemies":"Shelled Parasite and Fungi","floor":28.0,"turns":3.0},{"damage":23.0,"enemies":"Snake Plant","floor":29.0,"turns":4.0},{"damage":19.0,"enemies":"Cultist and Chosen","floor":31.0,"turns":4.0},{"damage":77.0,"enemies":"Collector","floor":33.0,"turns":9.0},{"damage":11,"enemies":"3 Shapes","floor":35,"turns":8},{"damage":12,"enemies":"Orb Walker","floor":38,"turns":5},{"damage":38,"enemies":"Reptomancer","floor":40,"turns":4},{"damage":26,"enemies":"Jaw Worm Horde","floor":44,"turns":4},{"damage":10,"enemies":"4 Shapes","floor":46,"turns":6},{"damage":28,"enemies":"Spire Growth","floor":47,"turns":4},{"damage":34,"enemies":"3 Darklings","floor":48,"turns":3},{"damage":76,"enemies":"Time Eater","floor":50,"turns":5}],"seed_played":"7843966003246081468","potions_obtained":[{"floor":2.0,"key":"Energy Potion"},{"floor":3.0,"key":"Weak Potion"},{"floor":5.0,"key":"Dexterity Potion"},{"floor":16.0,"key":"LiquidBronze"},{"floor":29.0,"key":"SteroidPotion"},{"floor":31.0,"key":"GamblersBrew"},{"floor":33.0,"key":"FearPotion"},{"floor":38,"key":"Ancient Potion"},{"floor":44,"key":"AttackPotion"}],"is_trial":true,"path_per_floor":["M","M","M","M","M","R","E","$","T","R","M","?","$","?","R","B",null,"M","M","?","M","?","R","E","R","T","?","M","M","$","M","R","B",null,"M","?","$","M","?","E","?","R","T","M","R","M","M","M","R","B"],"character_chosen":"IRONCLAD","items_purchased":["Apotheosis","Flame Barrier","Bandage Up","Red Skull"],"campfire_rested":7,"item_purchase_floors":[8,13,30,37],"current_hp_per_floor":[80,76,80,80,79,79,63,63,63,75,75,75,75,75,75,55,75,56,37,21,7,32,70,37,79,79,79,48,31,31,24,74,15,74,74,74,74,68,68,40,40,69,69,49,64,60,46,20,59,0],"gold":243,"neow_bonus":"","is_prod":false,"is_daily":false,"chose_seed":false,"campfire_upgraded":2,"win_rate":0,"timestamp":1554933679,"path_taken":["M","M","M","M","M","R","E","?","T","R","M","?","$","?","R","BOSS","M","M","?","M","?","R","E","R","T","?","M","M","$","M","R","BOSS","M","?","$","M","?","E","?","R","T","M","R","M","M","M","R","BOSS"],"build_version":"2019-01-23","purchased_purges":2,"victory":false,"max_hp_per_floor":[80,80,80,80,80,80,80,80,80,75,75,75,75,75,75,75,75,75,75,75,75,75,70,84,79,79,79,79,79,79,79,74,74,74,74,74,74,74,74,74,74,69,69,69,64,64,64,64,59,59],"card_choices":[{"not_picked":["Headbutt","Twin Strike"],"picked":"Entrench","floor":1.0},{"not_picked":["Heavy Blade","Warcry"],"picked":"Infernal Blade","floor":2.0},{"not_picked":["Twin Strike","Wild Strike"],"picked":"Cleave","floor":3.0},{"not_picked":["Iron Wave","Searing Blow"],"picked":"Rampage","floor":4.0},{"not_picked":["Body Slam","Flex"],"picked":"Inflame","floor":5.0},{"not_picked":["Sever Soul","Pummel"],"picked":"Rampage","floor":7.0},{"not_picked":["Heavy Blade","Clothesline"],"picked":"Cleave","floor":11.0},{"not_picked":["Immolate","Dark Embrace"],"picked":"Juggernaut","floor":16.0},{"not_picked":["Pommel Strike","Clothesline","Flame Barrier"],"picked":"SKIP","floor":18.0},{"not_picked":["Sentinel+1","Hemokinesis"],"picked":"Twin Strike+1","floor":19.0},{"not_picked":["Cleave","Pommel Strike"],"picked":"Clash","floor":21.0},{"not_picked":["Warcry","Heavy Blade"],"picked":"Juggernaut","floor":24.0},{"not_picked":["Iron Wave","Corruption","Headbutt"],"picked":"SKIP","floor":28.0},{"not_picked":["Dropkick","Clash","Heavy Blade"],"picked":"SKIP","floor":29.0},{"not_picked":["Cleave","Wild Strike"],"picked":"Spot Weakness+1","floor":31.0},{"not_picked":["Dark Embrace","Brutality"],"picked":"Reaper","floor":33.0},{"not_picked":["Havoc+1","Headbutt","Flex"],"picked":"SKIP","floor":35},{"not_picked":["Armaments","Perfected Strike+1","Searing Blow"],"picked":"SKIP","floor":38},{"not_picked":["Flame Barrier","True Grit","Pommel Strike+1"],"picked":"SKIP","floor":40},{"not_picked":["Havoc+1","Carnage+1"],"picked":"Infernal Blade+1","floor":44},{"not_picked":["Flex","True Grit"],"picked":"Whirlwind","floor":46},{"not_picked":["Wild Strike+1","Sever Soul","Reckless Charge+1"],"picked":"SKIP","floor":47},{"not_picked":["Cleave+1","Havoc+1"],"picked":"Flex","floor":48}],"player_experience":557570,"relics_obtained":[{"floor":7.0,"key":"Ancient Tea Set"},{"floor":9.0,"key":"Kunai"},{"floor":20.0,"key":"Nilry\u0027s Codex"},{"floor":24.0,"key":"Mango"},{"floor":26.0,"key":"PreservedInsect"},{"floor":40,"key":"Blood Vial"},{"floor":43,"key":"Ornamental Fan"}],"event_choices":[{"damage_healed":0.0,"max_hp_gain":0.0,"max_hp_loss":0.0,"gold_gain":30.0,"event_name":"Dead Adventurer","player_choice":"Searched \u00272\u0027 times","floor":12.0,"gold_loss":0.0,"damage_taken":0.0},{"damage_healed":0.0,"max_hp_gain":0.0,"max_hp_loss":0.0,"gold_gain":175.0,"event_name":"Liars Game","player_choice":"AGREE","floor":14.0,"gold_loss":0.0,"damage_taken":0.0,"cards_obtained":["Doubt"]},{"damage_healed":0.0,"max_hp_gain":0.0,"max_hp_loss":0.0,"gold_gain":0.0,"event_name":"Cursed Tome","player_choice":"Obtained Book","floor":20.0,"gold_loss":0.0,"damage_taken":16.0},{"damage_healed":25.0,"max_hp_gain":0.0,"max_hp_loss":0.0,"gold_gain":0.0,"event_name":"The Library","player_choice":"Heal","floor":22.0,"gold_loss":0.0,"damage_taken":0.0},{"damage_healed":0.0,"max_hp_gain":0.0,"max_hp_loss":0.0,"gold_gain":0.0,"event_name":"The Mausoleum","player_choice":"Opened","floor":27.0,"gold_loss":0.0,"damage_taken":0.0,"relics_obtained":["Happy Flower"],"cards_obtained":["Writhe"]},{"damage_healed":0,"gold_gain":0,"player_choice":"Ignored","damage_taken":0,"max_hp_gain":0,"max_hp_loss":0,"event_name":"Mysterious Sphere","floor":36,"gold_loss":0},{"cards_removed":["Reaper"],"damage_healed":0,"gold_gain":0,"player_choice":"Removed Attack","damage_taken":0,"max_hp_gain":0,"max_hp_loss":0,"event_name":"Falling","floor":39,"gold_loss":0},{"damage_healed":0,"gold_gain":0,"player_choice":"Ignored","damage_taken":0,"max_hp_gain":0,"max_hp_loss":0,"event_name":"Tomb of Lord Red Mask","floor":41,"gold_loss":0}],"is_beta":false,"boss_relics":[{"not_picked":["Eternal Feather","Velvet Choker"],"picked":"Philosopher\u0027s Stone"},{"not_picked":["Runic Dome","Astrolabe"],"picked":"Runic Cube"}],"items_purged_floors":[30,37],"is_endless":false,"potions_floor_spawned":[2,3,5,16,18,29,31,33,38,40,44],"killed_by":"Time Eater","ascension_level":0}