{"gold_per_floor":[115,115,125,125,138,138,149,149,149,174,21,96,96,47,47,150,150,166,265,285,296,296,296,324,324,324,649,63,77,90,15,15,113,113,125,125,135,147,51,77,77,111,134,169,189,222,244,268,280,292],"floor_reached":51,"playtime":3666,"items_purged":["Strike_G","Strike_G"],"score":1152,"play_id":"e9fe9326-98c4-443e-95cb-d44a121812a9","local_time":"20180814201210","is_ascension_mode":true,"campfire_choices":[{"data":"Caltrops","floor":6,"key":"SMITH"},{"data":"Dagger Spray","floor":8,"key":"SMITH"},{"data":"Noxious Fumes","floor":13,"key":"SMITH"},{"data":"Adrenaline","floor":15,"key":"SMITH"},{"data":"Leg Sweep","floor":23,"key":"SMITH"},{"floor":32,"key":"REST"},{"data":"Glass Knife","floor":41,"key":"SMITH"},{"data":"Malaise","floor":49,"key":"SMITH"}],"neow_cost":"NONE","seed_source_timestamp":160516861318013,"circlet_count":0,"master_deck":["Defend_G","Defend_G","Defend_G","Defend_G+1","Defend_G","Strike_G","Survivor","Neutralize","Adrenaline+1","Backstab+1","Dagger Spray+1","Caltrops+1","Poisoned Stab+1","Noxious Fumes+1","PiercingWail","Malaise+1","Deadly Poison+1","Poisoned Stab+1","Leg Sweep+1","After Image","Adrenaline+1","Infinite Blades","Escape Plan+1","Well Laid Plans","Glass Knife+1","Poisoned Stab+1","PiercingWail+1","Finesse","Clumsy","Escape Plan+1","Deadly Poison+1"],"relics":["Ring of the Snake","Paper Crane","Mango","Black Star","Anchor","Whetstone","StoneCalendar","Pantograph","Old Coin","Bird Faced Urn","DollysMirror","Ice Cream","Cursed Key","Tingsha","Dead Branch","Gambling Chip","Ginger","War Paint","Matryoshka","Frozen Egg 2","Juzu Bracelet","MawBank"],"potions_floor_usage":[16,16,33,42,50,50,50],"damage_taken":[{"damage":12,"enemies":"Jaw Worm","floor":1,"turns":6},{"damage":0,"enemies":"Small Slimes","floor":3,"turns":4},{"damage":0,"enemies":"2 Louse","floor":5,"turns":3},{"damage":8,"enemies":"Large Slime","floor":7,"turns":7},{"damage":15,"enemies":"3 Sentries","floor":10,"turns":6},{"damage":2,"enemies":"Hexaghost","floor":16,"turns":7},{"damage":2,"enemies":"Chosen","floor":18,"turns":5},{"damage":4,"enemies":"Shell Parasite","floor":20,"turns":6},{"damage":16,"enemies":"Snecko","floor":21,"turns":6},{"damage":11,"enemies":"Gremlin Leader","floor":24,"turns":6},{"damage":22,"enemies":"Slavers","floor":27,"turns":7},{"damage":0,"enemies":"Centurion and Healer","floor":29,"turns":7},{"damage":0,"enemies":"Cultist and Chosen","floor":30,"turns":6},{"damage":17,"enemies":"Automaton","floor":33,"turns":11},{"damage":27,"enemies":"3 Darklings","floor":35,"turns":6},{"damage":4,"enemies":"3 Shapes","floor":37,"turns":6},{"damage":0,"enemies":"Transient","floor":38,"turns":5},{"damage":10,"enemies":"Giant Head","floor":40,"turns":9},{"damage":4,"enemies":"2 Orb Walkers","floor":42,"turns":3},{"damage":0,"enemies":"Giant Head","floor":44,"turns":7},{"damage":0,"enemies":"Spire Growth","floor":45,"turns":5},{"damage":0,"enemies":"Nemesis","floor":46,"turns":6},{"damage":0,"enemies":"3 Darklings","floor":47,"turns":4},{"damage":5,"enemies":"Maw","floor":48,"turns":7},{"damage":33,"enemies":"Awakened One","floor":50,"turns":15}],"seed_played":"-3616054558258292333","potions_obtained":[{"floor":5,"key":"FearPotion"},{"floor":10,"key":"LiquidBronze"},{"floor":16,"key":"FearPotion"},{"floor":21,"key":"Energy Potion"},{"floor":29,"key":"Ancient Potion"},{"floor":30,"key":"EssenceOfSteel"},{"floor":40,"key":"PowerPotion"},{"floor":42,"key":"Block Potion"}],"is_trial":false,"path_per_floor":["M","?","M","?","M","R","M","R","T","E","$","?","R","$","R","B",null,"M","?","M","M","?","R","E","?","T","E","$","M","M","$","R","B",null,"M","?","M","M","$","E","R","E","T","E","M","E","M","M","R","B"],"character_chosen":"THE_SILENT","items_purchased":["Noxious Fumes","PiercingWail","DollysMirror","Ice Cream","Well Laid Plans","Finesse"],"campfire_rested":1,"item_purchase_floors":[11,14,28,28,31,39],"current_hp_per_floor":[51,44,44,44,44,44,36,36,36,35,35,24,24,24,24,22,69,67,67,63,47,39,39,28,28,28,6,6,12,20,20,45,63,79,62,62,68,76,76,74,74,78,78,84,84,84,84,84,84,59],"gold":304,"neow_bonus":"ONE_RANDOM_RARE_CARD","is_prod":false,"is_daily":false,"chose_seed":false,"campfire_upgraded":7,"win_rate":0,"timestamp":1534270330,"path_taken":["M","?","M","?","M","R","M","R","T","E","?","?","R","$","R","BOSS","M","?","?","M","?","R","E","?","T","E","$","?","M","?","R","BOSS","M","?","M","?","$","E","R","E","T","E","M","E","M","M","R","BOSS"],"build_version":"2018-08-09","purchased_purges":2,"victory":true,"max_hp_per_floor":[70,70,70,70,70,70,70,70,70,84,84,84,84,84,84,84,84,84,84,84,84,84,84,84,84,84,84,84,84,84,84,84,84,84,84,84,84,84,84,84,84,84,84,84,84,84,84,84,84,84],"card_choices":[{"not_picked":["Quick Slash","Skewer"],"picked":"Backstab","floor":1},{"not_picked":["Underhanded Strike","Backflip"],"picked":"Dagger Spray","floor":3},{"not_picked":["Poisoned Stab","Underhanded Strike"],"picked":"Caltrops","floor":5},{"not_picked":["Quick Slash","Infinite Blades"],"picked":"Poisoned Stab","floor":7},{"not_picked":["Blade Dance","Choke","Backflip"],"picked":"SKIP","floor":10},{"not_picked":["Storm of Steel","A Thousand Cuts"],"picked":"Malaise","floor":16},{"not_picked":["Dagger Throw","Backflip"],"picked":"Deadly Poison","floor":18},{"not_picked":["Flechettes","Deflect"],"picked":"Poisoned Stab+1","floor":20},{"not_picked":["Deflect+1","Blade Dance"],"picked":"Leg Sweep","floor":21},{"not_picked":["Sucker Punch","Bane+1","Flechettes"],"picked":"SKIP","floor":24},{"not_picked":["Riddle With Holes","Deadly Poison"],"picked":"After Image","floor":27},{"not_picked":["Deflect","Cloak And Dagger"],"picked":"Infinite Blades","floor":29},{"not_picked":["Blade Dance","Setup+1"],"picked":"Escape Plan+1","floor":30},{"not_picked":["Wraith Form v2","Malaise"],"picked":"Glass Knife","floor":33},{"not_picked":["Dodge and Roll+1","Blade Dance","Heel Hook"],"picked":"SKIP","floor":35},{"not_picked":["Sucker Punch","Quick Slash"],"picked":"Poisoned Stab+1","floor":37},{"not_picked":["Blade Dance+1","Underhanded Strike"],"picked":"PiercingWail+1","floor":38},{"not_picked":["Backflip+1","Bane+1","Grand Finale"],"picked":"SKIP","floor":40},{"not_picked":["Dagger Throw","Flechettes","All Out Attack"],"picked":"SKIP","floor":42},{"not_picked":["Prepared+1","Bouncing Flask+1","Grand Finale"],"picked":"SKIP","floor":44},{"not_picked":["Slice","Dagger Throw"],"picked":"Escape Plan+1","floor":45},{"not_picked":["Blade Dance+1","Masterful Stab","Flying Knee+1"],"picked":"SKIP","floor":46},{"not_picked":["Concentrate+1","Masterful Stab","Backflip"],"picked":"SKIP","floor":47},{"not_picked":["Dash","Doppelganger"],"picked":"Deadly Poison+1","floor":48}],"player_experience":238347,"relics_obtained":[{"floor":9,"key":"Paper Crane"},{"floor":10,"key":"Mango"},{"floor":24,"key":"Anchor"},{"floor":24,"key":"Whetstone"},{"floor":26,"key":"Pantograph"},{"floor":27,"key":"Old Coin"},{"floor":27,"key":"Bird Faced Urn"},{"floor":40,"key":"Tingsha"},{"floor":40,"key":"Dead Branch"},{"floor":42,"key":"Gambling Chip"},{"floor":42,"key":"Ginger"},{"floor":43,"key":"War Paint"},{"floor":44,"key":"Matryoshka"},{"floor":44,"key":"Frozen Egg 2"},{"floor":46,"key":"Juzu Bracelet"},{"floor":46,"key":"MawBank"}],"event_choices":[{"event_name":"Golden Wing","player_choice":"Card Removal","floor":2,"damage_taken":0},{"event_name":"Living Wall","player_choice":"Forget","floor":4,"damage_taken":0},{"event_name":"World of Goop","player_choice":"Gather Gold","floor":12,"damage_taken":0},{"event_name":"Nest","player_choice":"Stole From Cult","floor":19,"damage_taken":0},{"event_name":"Knowing Skull","player_choice":"","floor":22,"damage_taken":0},{"event_name":"The Mausoleum","player_choice":"Yes","floor":25,"damage_taken":0},{"event_name":"Fountain of Cleansing","player_choice":"Removed Curse","floor":36,"damage_taken":0}],"is_beta":false,"boss_relics":[{"not_picked":["Snecko Eye","Coffee Dripper"],"picked":"Black Star"},{"not_picked":["Calling Bell","Velvet Choker"],"picked":"Cursed Key"}],"items_purged_floors":[11,28],"is_endless":false,"potions_floor_spawned":[5,10,16,21,29,30,40,42,44,46,47,48],"ascension_level":8}