{"gold_per_floor":[109,122,122,137,197,229,248,323,348,380,380,395,420,420,420,497,497,517,517,517,517,72,72,101,101,128,128,160,172,205,221,221,295,295,309,324,324,83,0,32,32,64,64,92,107,117,464,39,39,39],"floor_reached":51,"playtime":2397,"items_purged":["Parasite"],"score":1647,"play_id":"9ff7adcb-adb0-4b14-b065-5f4085d27e61","local_time":"20190327115746","is_ascension_mode":true,"campfire_choices":[{"floor":11.0,"key":"REST"},{"data":"Armaments","floor":15.0,"key":"SMITH"},{"data":"Flame Barrier","floor":23.0,"key":"SMITH"},{"floor":25.0,"key":"REST"},{"data":"Bite","floor":32.0,"key":"SMITH"},{"data":"Limit Break","floor":41,"key":"SMITH"},{"data":"Metallicize","floor":49,"key":"SMITH"}],"neow_cost":"NONE","seed_source_timestamp":14605016757211,"circlet_count":0,"master_deck":["AscendersBane","Defend_R","Defend_R","Defend_R","Defend_R","Bash+1","Clothesline","Armaments+1","Uppercut+1","Shrug It Off","Anger","Impervious","Limit Break+1","Burning Pact+1","Bite+1","Bite","Bite","Bite+1","Flame Barrier+1","Iron Wave","Shrug It Off","Corruption","Reaper","Dark Embrace","Battle Trance","Barricade","Inflame","Headbutt+1","Battle Trance","Shrug It Off+1","Fiend Fire","Metallicize+1"],"special_seed":0,"relics":["Burning Blood","Lantern","Red Skull","Regal Pillow","Incense Burner","Philosopher\u0027s Stone","Whetstone","Omamori","Ice Cream","Bag of Preparation","Pen Nib","Mummified Hand","Calling Bell","Orichalcum","Ornamental Fan","FossilizedHelix","Sling","Red Mask","Vajra","Bronze Scales","Mercury Hourglass","Smiling Mask","Old Coin","Shuriken"],"potions_floor_usage":[40,50,50,50],"damage_taken":[{"damage":5.0,"enemies":"Small Slimes","floor":1.0,"turns":5.0},{"damage":14.0,"enemies":"Jaw Worm","floor":2.0,"turns":4.0},{"damage":2.0,"enemies":"2 Louse","floor":4.0,"turns":4.0},{"damage":35.0,"enemies":"Lagavulin","floor":6.0,"turns":9.0},{"damage":8.0,"enemies":"Blue Slaver","floor":7.0,"turns":3.0},{"damage":17.0,"enemies":"3 Sentries","floor":10.0,"turns":6.0},{"damage":12.0,"enemies":"Exordium Wildlife","floor":12.0,"turns":4.0},{"damage":6.0,"enemies":"Gremlin Nob","floor":13.0,"turns":4.0},{"damage":18.0,"enemies":"Hexaghost","floor":16.0,"turns":9.0},{"damage":13.0,"enemies":"3 Byrds","floor":18.0,"turns":6.0},{"damage":48.0,"enemies":"Gremlin Leader","floor":24.0,"turns":6.0},{"damage":31.0,"enemies":"Slavers","floor":28.0,"turns":10.0},{"damage":0.0,"enemies":"Chosen","floor":29.0,"turns":5.0},{"damage":11.0,"enemies":"Book of Stabbing","floor":30.0,"turns":5.0},{"damage":12.0,"enemies":"Shelled Parasite and Fungi","floor":31.0,"turns":5.0},{"damage":74.0,"enemies":"Champ","floor":33.0,"turns":14.0},{"damage":0,"enemies":"Orb Walker","floor":35,"turns":4},{"damage":0,"enemies":"3 Shapes","floor":36,"turns":6},{"damage":0,"enemies":"Nemesis","floor":40,"turns":9},{"damage":0,"enemies":"Reptomancer","floor":42,"turns":6},{"damage":0,"enemies":"Nemesis","floor":44,"turns":5},{"damage":1,"enemies":"Spire Growth","floor":45,"turns":4},{"damage":0,"enemies":"Transient","floor":46,"turns":5},{"damage":0,"enemies":"2 Orb Walkers","floor":47,"turns":4},{"damage":0,"enemies":"Donu and Deca","floor":50,"turns":8}],"seed_played":"-3817422135397069125","potions_obtained":[{"floor":6.0,"key":"SkillPotion"},{"floor":12.0,"key":"SkillPotion"},{"floor":13.0,"key":"SkillPotion"},{"floor":18.0,"key":"Dexterity Potion"},{"floor":31.0,"key":"EssenceOfSteel"},{"floor":33.0,"key":"Fruit Juice"},{"floor":40,"key":"Energy Potion"},{"floor":44,"key":"Regen Potion"},{"floor":45,"key":"SpeedPotion"},{"floor":46,"key":"EntropicBrew"}],"is_trial":false,"path_per_floor":["M","M","?","M","?","E","M","?","T","E","R","M","E","?","R","B",null,"M","?","?","?","$","R","E","R","T","$","E","M","E","M","R","B",null,"M","M","?","$","?","E","R","E","T","E","M","M","?","$","R","B",null],"character_chosen":"IRONCLAD","items_purchased":["Flame Barrier","Whetstone","Omamori","Iron Wave","Explosive Potion","Sling","Energy Potion","Shuriken","Metallicize","PowerPotion"],"campfire_rested":2,"item_purchase_floors":[22,22,22,22,22,38,38,48,48,48],"current_hp_per_floor":[69,61,61,65,65,36,34,23,23,12,49,43,43,20,20,8,58,51,51,51,51,51,51,22,52,52,52,46,52,51,52,52,32,47,52,52,52,52,52,57,57,57,57,57,57,57,57,54,54,54],"gold":39,"neow_bonus":"UPGRADE_CARD","is_prod":false,"is_daily":false,"chose_seed":false,"campfire_upgraded":5,"win_rate":0,"timestamp":1553713066,"path_taken":["M","M","?","M","?","E","M","?","T","E","R","M","E","?","R","BOSS","M","?","?","?","$","R","E","R","T","?","E","M","E","M","R","BOSS","M","M","?","$","?","E","R","E","T","E","M","M","?","$","R","BOSS"],"build_version":"2019-01-23","purchased_purges":1,"victory":true,"max_hp_per_floor":[75,75,75,75,75,75,75,75,75,75,75,75,75,75,75,75,75,75,75,52,52,52,52,52,52,52,52,52,52,52,52,52,52,52,52,52,52,52,52,57,57,57,57,57,57,57,57,54,54,54],"card_choices":[{"not_picked":["Pommel Strike","Dropkick"],"picked":"Clothesline","floor":1.0},{"not_picked":["Blood for Blood","Warcry"],"picked":"Armaments","floor":2.0},{"not_picked":["Perfected Strike","Havoc"],"picked":"Uppercut","floor":4.0},{"not_picked":["True Grit","Whirlwind"],"picked":"Shrug It Off","floor":6.0},{"not_picked":["Armaments","Wild Strike"],"picked":"Anger","floor":7.0},{"not_picked":["True Grit","Infernal Blade","Heavy Blade"],"picked":"SKIP","floor":10.0},{"not_picked":["Rupture","Clothesline","Bludgeon"],"picked":"SKIP","floor":12.0},{"not_picked":["Heavy Blade","True Grit"],"picked":"Impervious","floor":13.0},{"not_picked":["Exhume","Double Tap"],"picked":"Limit Break","floor":16.0},{"not_picked":["Armaments","Heavy Blade"],"picked":"Burning Pact+1","floor":18.0},{"not_picked":["Reckless Charge","Wild Strike+1"],"picked":"Shrug It Off","floor":24.0},{"not_picked":["Battle Trance","Flame Barrier"],"picked":"Corruption","floor":28.0},{"not_picked":["Wild Strike","Cleave"],"picked":"Reaper","floor":29.0},{"not_picked":["Sever Soul","Perfected Strike"],"picked":"Dark Embrace","floor":30.0},{"not_picked":["Anger","Shockwave"],"picked":"Battle Trance","floor":31.0},{"not_picked":["Dark Embrace","Bludgeon"],"picked":"Barricade","floor":33.0},{"not_picked":["Wild Strike+1","Combust","Cleave"],"picked":"SKIP","floor":35},{"not_picked":["Twin Strike","Entrench","Warcry"],"picked":"SKIP","floor":36},{"not_picked":["Pommel Strike","Battle Trance"],"picked":"Inflame","floor":40},{"not_picked":["Perfected Strike+1","Infernal Blade"],"picked":"Headbutt+1","floor":42},{"not_picked":["Clash","Cleave","Havoc"],"picked":"SKIP","floor":44},{"not_picked":["Sword Boomerang","Headbutt+1"],"picked":"Battle Trance","floor":45},{"not_picked":["Cleave","Dropkick"],"picked":"Shrug It Off+1","floor":46},{"not_picked":["Perfected Strike+1","True Grit"],"picked":"Fiend Fire","floor":47}],"player_experience":2382334,"relics_obtained":[{"floor":6.0,"key":"Lantern"},{"floor":9.0,"key":"Red Skull"},{"floor":10.0,"key":"Regal Pillow"},{"floor":13.0,"key":"Incense Burner"},{"floor":24.0,"key":"Ice Cream"},{"floor":26.0,"key":"Bag of Preparation"},{"floor":28.0,"key":"Pen Nib"},{"floor":30.0,"key":"Mummified Hand"},{"floor":34,"key":"Orichalcum"},{"floor":34,"key":"Ornamental Fan"},{"floor":34,"key":"FossilizedHelix"},{"floor":40,"key":"Vajra"},{"floor":42,"key":"Bronze Scales"},{"floor":43,"key":"Mercury Hourglass"},{"floor":44,"key":"Smiling Mask"},{"floor":47,"key":"Old Coin"}],"event_choices":[{"damage_healed":0.0,"max_hp_gain":0.0,"max_hp_loss":0.0,"gold_gain":0.0,"event_name":"The Cleric","player_choice":"Leave","floor":3.0,"gold_loss":0.0,"damage_taken":0.0},{"damage_healed":0.0,"max_hp_gain":0.0,"max_hp_loss":0.0,"gold_gain":60.0,"event_name":"Golden Wing","player_choice":"Gained Gold","floor":5.0,"gold_loss":0.0,"damage_taken":0.0},{"damage_healed":0.0,"max_hp_gain":0.0,"max_hp_loss":0.0,"gold_gain":75.0,"event_name":"World of Goop","player_choice":"Gather Gold","floor":8.0,"gold_loss":0.0,"damage_taken":11.0},{"damage_healed":0.0,"max_hp_gain":0.0,"max_hp_loss":0.0,"gold_gain":0.0,"event_name":"Shining Light","player_choice":"Entered Light","floor":14.0,"gold_loss":0.0,"damage_taken":23.0,"cards_upgraded":["Strike_R","Uppercut"]},{"damage_healed":0.0,"max_hp_gain":0.0,"max_hp_loss":0.0,"gold_gain":0.0,"event_name":"The Mausoleum","player_choice":"Ignored","floor":19.0,"gold_loss":0.0,"damage_taken":0.0},{"damage_healed":0.0,"max_hp_gain":0.0,"max_hp_loss":23.0,"gold_gain":0.0,"event_name":"Vampires","player_choice":"Became a vampire","floor":20.0,"gold_loss":0.0,"damage_taken":0.0,"cards_obtained":["Bite","Bite","Bite","Bite","Bite"]},{"damage_healed":0.0,"max_hp_gain":0.0,"max_hp_loss":0.0,"gold_gain":0.0,"event_name":"Ghosts","player_choice":"Ignored","floor":21.0,"gold_loss":0.0,"damage_taken":0.0},{"cards_removed":["Bite"],"damage_healed":0,"gold_gain":0,"player_choice":"Removed Attack","damage_taken":0,"max_hp_gain":0,"max_hp_loss":0,"event_name":"Falling","floor":37,"gold_loss":0},{"damage_healed":0,"gold_gain":0,"player_choice":"Paid","damage_taken":0,"relics_obtained":["Red Mask"],"max_hp_gain":0,"max_hp_loss":0,"event_name":"Tomb of Lord Red Mask","floor":39,"gold_loss":83},{"damage_healed":0,"gold_gain":0,"player_choice":"Fight","damage_taken":0,"max_hp_gain":0,"max_hp_loss":0,"event_name":"Mysterious Sphere","floor":47,"gold_loss":0}],"is_beta":false,"boss_relics":[{"not_picked":["Lizard Tail","Empty Cage"],"picked":"Philosopher\u0027s Stone"},{"not_picked":["Cursed Key","Pandora\u0027s Box"],"picked":"Calling Bell"}],"items_purged_floors":[48],"is_endless":false,"potions_floor_spawned":[6,12,13,18,31,33,40,44,45,46,47],"ascension_level":15}