{"gold_per_floor":[119,294,16,33,33,58,74,99,123,123,123,141,141,159,159,278,278,291,306,221,221,241,241,309,309,388,402,302,302,315,315,315,435,435,460,314,327,352,352,352,477,477,477,477,142,155,155,171,171,171],"floor_reached":51,"playtime":17685,"items_purged":["Doubt","Pain","Doubt"],"score":738,"play_id":"7638718b-5737-4fea-ba86-c25933c709aa","local_time":"20190408171640","is_ascension_mode":true,"campfire_choices":[{"floor":11.0,"key":"REST"},{"data":"Whirlwind","floor":15.0,"key":"SMITH"},{"floor":23.0,"key":"REST"},{"floor":25.0,"key":"REST"},{"floor":29.0,"key":"REST"},{"floor":32.0,"key":"REST"},{"floor":40.0,"key":"REST"},{"floor":42.0,"key":"REST"},{"data":"Limit Break","floor":44.0,"key":"SMITH"},{"floor":49,"key":"REST"}],"neow_cost":"NONE","seed_source_timestamp":7999123755147,"circlet_count":0,"master_deck":["Strike_R+1","Strike_R+1","Strike_R+1","Strike_R+1","Defend_R+1","Defend_R+1","Defend_R+1","Defend_R+1","Bash+1","Clothesline+1","Flex","Whirlwind+1","Entrench","Berserk","Demon Form","Second Wind+1","Shrug It Off","Limit Break+1","Shockwave","Metamorphosis","Flex"],"special_seed":0,"relics":["Burning Blood","Bag of Marbles","Orichalcum","Anchor","Blood Vial","Golden Idol","Cursed Key","Darkstone Periapt","Tiny Chest","Blue Candle","Busted Crown","Whetstone","Girya","Ancient Tea Set"],"potions_floor_usage":[],"damage_taken":[{"damage":2.0,"enemies":"Jaw Worm","floor":1.0,"turns":3.0},{"damage":2.0,"enemies":"2 Louse","floor":4.0,"turns":3.0},{"damage":38.0,"enemies":"Lagavulin","floor":6.0,"turns":8.0},{"damage":0.0,"enemies":"Cultist","floor":7.0,"turns":3.0},{"damage":17.0,"enemies":"3 Sentries","floor":8.0,"turns":7.0},{"damage":3.0,"enemies":"3 Louse","floor":12.0,"turns":3.0},{"damage":0.0,"enemies":"Large Slime","floor":14.0,"turns":4.0},{"damage":35.0,"enemies":"Slime Boss","floor":16.0,"turns":7.0},{"damage":11.0,"enemies":"Shell Parasite","floor":18.0,"turns":3.0},{"damage":0.0,"enemies":"Chosen","floor":19.0,"turns":3.0},{"damage":23.0,"enemies":"Snecko","floor":22.0,"turns":5.0},{"damage":61.0,"enemies":"Book of Stabbing","floor":24.0,"turns":8.0},{"damage":4.0,"enemies":"Centurion and Healer","floor":27.0,"turns":3.0},{"damage":27.0,"enemies":"Shelled Parasite and Fungi","floor":30.0,"turns":5.0},{"damage":56.0,"enemies":"Champ","floor":33.0,"turns":11.0},{"damage":10.0,"enemies":"Orb Walker","floor":35.0,"turns":4.0},{"damage":7.0,"enemies":"3 Shapes","floor":37.0,"turns":2.0},{"damage":35.0,"enemies":"Jaw Worm Horde","floor":38.0,"turns":4.0},{"damage":40.0,"enemies":"Mind Bloom Boss Battle","floor":41.0,"turns":6.0},{"damage":23.0,"enemies":"Spire Growth","floor":46.0,"turns":5.0},{"damage":26,"enemies":"Maw","floor":48,"turns":6},{"damage":91,"enemies":"Awakened One","floor":50,"turns":11}],"seed_played":"2205539398920888505","potions_obtained":[{"floor":6.0,"key":"SkillPotion"},{"floor":7.0,"key":"SteroidPotion"},{"floor":12.0,"key":"Regen Potion"},{"floor":14.0,"key":"PowerPotion"},{"floor":18.0,"key":"SkillPotion"},{"floor":33.0,"key":"FearPotion"},{"floor":38.0,"key":"Ancient Potion"},{"floor":41.0,"key":"Fruit Juice"}],"is_trial":false,"path_per_floor":["M","?","$","M","?","E","M","E","T","?","R","M","?","M","R","B",null,"M","M","?","?","M","R","E","R","T","M","$","R","M","?","R","B",null,"M","$","M","M","?","R","?","R","T","R","$","M","?","M","R","B",null],"character_chosen":"IRONCLAD","items_purchased":["Bag of Marbles","Flex","Whetstone","Metamorphosis","Flex"],"campfire_rested":8,"item_purchase_floors":[3,3,36,45,45],"current_hp_per_floor":[88,88,88,88,88,56,62,51,51,51,77,82,60,77,77,50,88,83,88,88,88,71,88,33,59,65,69,69,94,73,73,94,44,94,90,90,91,64,64,92,60,88,94,94,94,84,84,66,97,14],"gold":171,"neow_bonus":"TEN_PERCENT_HP_BONUS","is_prod":false,"is_daily":false,"chose_seed":false,"campfire_upgraded":2,"win_rate":0,"timestamp":1554740200,"path_taken":["M","?","$","M","?","E","M","E","T","?","R","?","?","M","R","BOSS","M","M","?","?","M","R","E","R","T","M","?","R","M","?","R","BOSS","M","$","M","M","?","R","?","R","T","R","$","M","?","M","R","BOSS"],"build_version":"2019-01-23","purchased_purges":3,"victory":true,"max_hp_per_floor":[88,88,88,88,88,88,88,88,88,88,88,88,88,88,88,88,88,88,88,88,88,88,88,88,88,94,94,94,94,94,94,94,94,94,94,94,94,94,94,94,94,94,100,100,100,105,105,105,105,105],"card_choices":[{"not_picked":["Twin Strike","Warcry"],"picked":"Clothesline","floor":1.0},{"not_picked":["Pommel Strike","Anger"],"picked":"Whirlwind","floor":4.0},{"not_picked":["Body Slam","Dual Wield","Corruption"],"picked":"SKIP","floor":6.0},{"not_picked":["Wild Strike","Twin Strike","Clash"],"picked":"SKIP","floor":7.0},{"not_picked":["Clothesline","Shrug It Off"],"picked":"Entrench","floor":8.0},{"not_picked":["Headbutt","Perfected Strike"],"picked":"Berserk","floor":12.0},{"not_picked":["Burning Pact","Bloodletting","Blood for Blood"],"picked":"SKIP","floor":14.0},{"not_picked":["Bludgeon","Feed"],"picked":"Demon Form","floor":16.0},{"not_picked":["Infernal Blade","Cleave+1"],"picked":"Spot Weakness","floor":18.0},{"not_picked":["Havoc","Anger"],"picked":"Second Wind+1","floor":19.0},{"not_picked":["Dual Wield","Thunderclap"],"picked":"Shrug It Off","floor":22.0},{"not_picked":["Sword Boomerang","Pommel Strike","Power Through"],"picked":"SKIP","floor":24.0},{"not_picked":["Warcry","Hemokinesis","Clothesline+1"],"picked":"SKIP","floor":27.0},{"not_picked":["Warcry","Disarm","Pommel Strike"],"picked":"SKIP","floor":30.0},{"not_picked":["Impervious","Demon Form"],"picked":"Limit Break","floor":33.0},{"not_picked":["Pommel Strike"],"picked":"SKIP","floor":35.0},{"not_picked":["Body Slam"],"picked":"SKIP","floor":37.0},{"not_picked":["Warcry"],"picked":"SKIP","floor":38.0},{"not_picked":[],"picked":"Shockwave","floor":41.0},{"not_picked":["Wild Strike"],"picked":"SKIP","floor":46.0},{"not_picked":["Dropkick+1"],"picked":"SKIP","floor":48}],"player_experience":527857,"relics_obtained":[{"floor":6.0,"key":"Orichalcum"},{"floor":8.0,"key":"Anchor"},{"floor":9.0,"key":"Blood Vial"},{"floor":24.0,"key":"Tiny Chest"},{"floor":26.0,"key":"Blue Candle"},{"floor":41.0,"key":"Girya"},{"floor":43.0,"key":"Ancient Tea Set"}],"event_choices":[{"damage_healed":0.0,"max_hp_gain":0.0,"max_hp_loss":0.0,"gold_gain":175.0,"event_name":"Liars Game","player_choice":"AGREE","floor":2.0,"gold_loss":0.0,"damage_taken":0.0,"cards_obtained":["Doubt"]},{"damage_healed":0.0,"max_hp_gain":0.0,"max_hp_loss":0.0,"gold_gain":0.0,"event_name":"Shining Light","player_choice":"Ignored","floor":5.0,"gold_loss":0.0,"damage_taken":0.0},{"cards_removed":["Strike_R"],"damage_healed":0.0,"max_hp_gain":0.0,"max_hp_loss":0.0,"gold_gain":0.0,"event_name":"Purifier","player_choice":"Purged","floor":10.0,"gold_loss":0.0,"damage_taken":0.0},{"damage_healed":0.0,"max_hp_gain":0.0,"max_hp_loss":0.0,"gold_gain":0.0,"event_name":"Golden Idol","player_choice":"Take Damage","floor":13.0,"gold_loss":0.0,"damage_taken":22.0,"relics_obtained":["Golden Idol"]},{"damage_healed":0.0,"max_hp_gain":0.0,"max_hp_loss":0.0,"gold_gain":0.0,"event_name":"Addict","player_choice":"Obtained Relic","floor":20.0,"gold_loss":85.0,"damage_taken":0.0,"relics_obtained":["Darkstone Periapt"]},{"damage_healed":0.0,"max_hp_gain":0.0,"max_hp_loss":0.0,"gold_gain":0.0,"event_name":"Ghosts","player_choice":"Ignored","floor":21.0,"gold_loss":0.0,"damage_taken":0.0},{"damage_healed":0.0,"max_hp_gain":0.0,"max_hp_loss":0.0,"gold_gain":0.0,"event_name":"Back to Basics","player_choice":"Simplicity","floor":31.0,"gold_loss":0.0,"damage_taken":0.0,"cards_upgraded":["Strike_R","Strike_R","Strike_R","Strike_R","Defend_R","Defend_R","Defend_R","Defend_R"]},{"cards_removed":["Spot Weakness"],"damage_healed":0.0,"max_hp_gain":0.0,"max_hp_loss":0.0,"gold_gain":0.0,"event_name":"Falling","player_choice":"Removed Skill","floor":39.0,"gold_loss":0.0,"damage_taken":0.0},{"damage_healed":0.0,"max_hp_gain":0.0,"max_hp_loss":0.0,"gold_gain":0.0,"event_name":"MindBloom","player_choice":"Fight","floor":41.0,"gold_loss":0.0,"damage_taken":0.0},{"damage_healed":0.0,"max_hp_gain":0.0,"max_hp_loss":0.0,"gold_gain":0.0,"event_name":"Mysterious Sphere","player_choice":"Ignored","floor":47.0,"gold_loss":0.0,"damage_taken":0.0}],"is_beta":false,"boss_relics":[{"not_picked":["Mark of Pain","Calling Bell"],"picked":"Cursed Key"},{"not_picked":["Coffee Dripper","Runic Pyramid"],"picked":"Busted Crown"}],"items_purged_floors":[3,28,45],"is_endless":false,"potions_floor_spawned":[6,7,12,14,18,33,38,41],"ascension_level":2}