{"gold_per_floor":[118,128,146,159,159,186,206,222,267,285,347,347,522,541,541,541],"floor_reached":16,"playtime":496,"items_purged":[],"score":159,"play_id":"c8126b1a-7512-41da-92fa-3ead483355cc","local_time":"20181107010129","is_ascension_mode":true,"campfire_choices":[{"floor":12,"key":"REST"},{"data":"Defragment","floor":15,"key":"SMITH"}],"neow_cost":"NONE","seed_source_timestamp":97666136341001,"circlet_count":0,"master_deck":["AscendersBane","Strike_B","Strike_B","Strike_B","Strike_B","Defend_B","Defend_B","Defend_B","Defend_B","Zap","Dualcast","Defragment+1","Reinforced Body","Ball Lightning","Cold Snap","Pain","Electrodynamics","Ball Lightning","Turbo","Loop","Auto Shields","Doubt","Capacitor","Capacitor"],"relics":["Cracked Core","Happy Flower","WarpedTongs","Girya","Bag of Preparation","Prayer Wheel"],"potions_floor_usage":[8,11],"damage_taken":[{"damage":3,"enemies":"Small Slimes","floor":1,"turns":3},{"damage":1,"enemies":"Cultist","floor":2,"turns":4},{"damage":0,"enemies":"Jaw Worm","floor":3,"turns":3},{"damage":8,"enemies":"Large Slime","floor":4,"turns":5},{"damage":23,"enemies":"Gremlin Nob","floor":6,"turns":4},{"damage":4,"enemies":"2 Fungi Beasts","floor":7,"turns":4},{"damage":3,"enemies":"Exordium Wildlife","floor":8,"turns":2},{"damage":16,"enemies":"Gremlin Gang","floor":10,"turns":2},{"damage":5,"enemies":"Gremlin Nob","floor":11,"turns":3},{"damage":2,"enemies":"Looter","floor":14,"turns":4},{"damage":40,"enemies":"The Guardian","floor":16,"turns":2}],"seed_played":"-89726067712688641","potions_obtained":[{"floor":3,"key":"SpeedPotion"},{"floor":7,"key":"Block Potion"},{"floor":8,"key":"Dexterity Potion"},{"floor":10,"key":"SpeedPotion"},{"floor":14,"key":"Ancient Potion"}],"is_trial":false,"path_per_floor":["M","M","M","M","?","E","M","M","T","M","?","R","?","M","R","B"],"character_chosen":"DEFECT","items_purchased":[],"campfire_rested":1,"item_purchase_floors":[],"current_hp_per_floor":[65,64,64,56,56,33,29,26,26,10,5,27,27,25,25,0],"gold":541,"neow_bonus":"RANDOM_COMMON_RELIC","is_prod":false,"is_daily":false,"chose_seed":false,"campfire_upgraded":1,"win_rate":0,"timestamp":1541548889,"path_taken":["M","M","M","M","?","E","?","M","T","M","?","R","?","M","R","BOSS"],"build_version":"2018-11-01","purchased_purges":0,"victory":false,"max_hp_per_floor":[75,75,75,75,75,75,75,75,75,75,75,75,75,75,75,75],"card_choices":[{"not_picked":["Hologram","Capacitor"],"picked":"Defragment","floor":1},{"not_picked":["Compile Driver","Scrape"],"picked":"Reinforced Body","floor":2},{"not_picked":["Go for the Eyes","Stack"],"picked":"Ball Lightning","floor":3},{"not_picked":["Skim","Consume"],"picked":"Cold Snap","floor":4},{"not_picked":["Hologram","Darkness"],"picked":"Electrodynamics","floor":6},{"not_picked":["Hologram","Doom and Gloom"],"picked":"Ball Lightning","floor":7},{"not_picked":["Hologram","Compile Driver"],"picked":"Turbo","floor":8},{"not_picked":["Beam Cell","Melter"],"picked":"Loop","floor":10},{"not_picked":["All For One","Ball Lightning"],"picked":"Auto Shields","floor":11},{"not_picked":["Conserve Battery","Reprogram"],"picked":"Capacitor","floor":14},{"not_picked":["Sunder","Streamline"],"picked":"Capacitor","floor":14}],"player_experience":316747,"relics_obtained":[{"floor":6,"key":"Girya"},{"floor":9,"key":"Bag of Preparation"},{"floor":11,"key":"Prayer Wheel"}],"event_choices":[{"damage_healed":0,"gold_gain":0,"player_choice":"Rummage","damage_taken":0,"relics_obtained":["WarpedTongs"],"max_hp_gain":0,"max_hp_loss":0,"event_name":"Accursed Blacksmith","floor":5,"gold_loss":0,"cards_obtained":["Pain"]},{"damage_healed":0,"gold_gain":0,"player_choice":"Searched \u00272\u0027 times","damage_taken":0,"max_hp_gain":0,"max_hp_loss":0,"event_name":"Dead Adventurer","floor":11,"gold_loss":0},{"damage_healed":0,"gold_gain":175,"player_choice":"AGREE","damage_taken":0,"max_hp_gain":0,"max_hp_loss":0,"event_name":"Liars Game","floor":13,"gold_loss":0,"cards_obtained":["Doubt"]}],"is_beta":false,"boss_relics":[],"items_purged_floors":[],"is_endless":false,"potions_floor_spawned":[3,7,8,10,14],"killed_by":"The Guardian","ascension_level":10}