{"gold_per_floor":[114,124,124,124,134,134,146,146,170,21,52,72,106,119,119,190,190,207,32,49,49,149,149,182,182,182,215,232,232,250,265,265,342,342,354,61,81,81,81,81,115,129,181,197,197,254,287,55,55,55],"floor_reached":51,"playtime":2229,"items_purged":["Strike_B","Strike_B","Regret","Defend_B"],"score":1309,"play_id":"fa1b9874-2bb0-4a02-8aff-7cd37c90c86d","local_time":"20180927192059","is_ascension_mode":true,"campfire_choices":[{"data":"Dualcast","floor":6.0,"key":"SMITH"},{"data":"Streamline","floor":8.0,"key":"SMITH"},{"floor":15.0,"key":"REST"},{"data":"FTL","floor":23.0,"key":"SMITH"},{"floor":25.0,"key":"REST"},{"data":"Biased Cognition","floor":29.0,"key":"SMITH"},{"data":"Hologram","floor":32.0,"key":"SMITH"},{"floor":40.0,"key":"REST"},{"floor":49.0,"key":"REST"}],"neow_cost":"NONE","seed_source_timestamp":0,"circlet_count":0,"master_deck":["Strike_B+1","Strike_B+1","Defend_B","Defend_B","Defend_B","Zap+1","Dualcast+1","AscendersBane","Hologram+1","Genetic Algorithm","Cold Snap","Streamline+1","FTL+1","Electrodynamics+1","Conserve Battery","Leap","Compile Driver","Biased Cognition+1","Ball Lightning","Reinforced Body","Auto Shields","Conserve Battery","Machine Learning","Discovery","Self Repair+1","Fission","Stack+1","Static Discharge+1"],"special_seed":0,"relics":["Cracked Core","Regal Pillow","Whetstone","Anchor","Omamori","Velvet Choker","Mango","Dodecahedron","Bronze Scales","Matryoshka","Meat on the Bone","Calling Bell","Bag of Marbles","Frozen Egg 2","Prayer Wheel","Incense Burner","Vajra","Shuriken","Smiling Mask","Tiny Chest","Blood Vial","Pear"],"potions_floor_usage":[50],"damage_taken":[{"damage":4.0,"enemies":"Jaw Worm","floor":1.0,"turns":4.0},{"damage":0.0,"enemies":"Cultist","floor":2.0,"turns":3.0},{"damage":0.0,"enemies":"2 Louse","floor":5.0,"turns":3.0},{"damage":8.0,"enemies":"Red Slaver","floor":7.0,"turns":3.0},{"damage":16.0,"enemies":"3 Sentries","floor":11.0,"turns":7.0},{"damage":0.0,"enemies":"Exordium Wildlife","floor":12.0,"turns":3.0},{"damage":24.0,"enemies":"Lagavulin","floor":13.0,"turns":4.0},{"damage":0.0,"enemies":"Looter","floor":14.0,"turns":3.0},{"damage":19.0,"enemies":"Hexaghost","floor":16.0,"turns":9.0},{"damage":0.0,"enemies":"Shell Parasite","floor":18.0,"turns":4.0},{"damage":0.0,"enemies":"3 Byrds","floor":20.0,"turns":2.0},{"damage":6.0,"enemies":"Colosseum Slavers","floor":22.0,"turns":3.0},{"damage":0.0,"enemies":"Colosseum Nobs","floor":22.0,"turns":3.0},{"damage":23.0,"enemies":"Gremlin Leader","floor":24.0,"turns":5.0},{"damage":4.0,"enemies":"Slavers","floor":27.0,"turns":4.0},{"damage":0.0,"enemies":"Snake Plant","floor":28.0,"turns":2.0},{"damage":0.0,"enemies":"Shelled Parasite and Fungi","floor":30.0,"turns":4.0},{"damage":0.0,"enemies":"3 Cultists","floor":31.0,"turns":3.0},{"damage":62.0,"enemies":"Collector","floor":33.0,"turns":13.0},{"damage":0.0,"enemies":"Orb Walker","floor":35.0,"turns":3.0},{"damage":2.0,"enemies":"3 Shapes","floor":37.0,"turns":4.0},{"damage":26.0,"enemies":"Mind Bloom Boss Battle","floor":39.0,"turns":7.0},{"damage":44.0,"enemies":"2 Orb Walkers","floor":41.0,"turns":5.0},{"damage":0.0,"enemies":"Maw","floor":42.0,"turns":8.0},{"damage":48.0,"enemies":"Transient","floor":44.0,"turns":5.0},{"damage":13.0,"enemies":"Giant Head","floor":47.0,"turns":9.0},{"damage":80,"enemies":"Time Eater","floor":50,"turns":12}],"seed_played":"248347921102451338","potions_obtained":[{"floor":2.0,"key":"GamblersBrew"},{"floor":3.0,"key":"FocusPotion"},{"floor":3.0,"key":"Dexterity Potion"},{"floor":27.0,"key":"Dexterity Potion"},{"floor":33.0,"key":"SkillPotion"},{"floor":39.0,"key":"Ancient Potion"}],"is_trial":false,"path_per_floor":["M","M","?","?","M","R","M","R","T","$","E","M","E","M","R","B",null,"M","$","M","?","?","R","E","R","T","E","M","R","M","M","R","B",null,"M","$","M","?","?","R","E","M","T","M","?","T","E","$","R","B"],"character_chosen":"DEFECT","items_purchased":["FTL","Reinforced Body","FocusPotion","Discovery","AttackPotion","Block Potion","Static Discharge+1"],"campfire_rested":4,"item_purchase_floors":[10,19,36,36,48,48,48],"current_hp_per_floor":[60,60,60,60,60,60,52,52,52,52,36,36,12,12,48,29,61,61,61,61,61,69,69,46,85,85,81,81,81,81,81,81,31,72,72,72,70,70,54,81,59,69,69,43,43,43,64,64,91,33],"gold":55,"neow_bonus":"RANDOM_COMMON_RELIC","is_prod":false,"is_daily":false,"chose_seed":false,"campfire_upgraded":5,"win_rate":0,"timestamp":1538101259,"path_taken":["M","M","?","?","M","R","M","R","T","$","E","M","E","M","R","BOSS","M","$","M","?","?","R","E","R","T","E","M","R","?","M","R","BOSS","M","$","M","?","?","R","E","?","T","M","?","?","E","$","R","BOSS"],"build_version":"2018-09-27","purchased_purges":4,"victory":true,"max_hp_per_floor":[71,71,71,71,71,71,71,71,71,71,71,71,71,71,71,71,71,71,71,71,71,85,85,85,85,85,85,85,85,85,85,85,85,85,85,85,85,81,81,81,81,81,81,81,81,81,91,91,91,91],"card_choices":[{"not_picked":["Steam","Melter"],"picked":"Hologram","floor":1.0},{"not_picked":["Skim","Hologram"],"picked":"Genetic Algorithm","floor":2.0},{"not_picked":["Barrage","FTL"],"picked":"Cold Snap","floor":5.0},{"not_picked":["Sweeping Beam","Rebound"],"picked":"Streamline","floor":7.0},{"not_picked":["Compile Driver","Steam"],"picked":"Electrodynamics","floor":11.0},{"not_picked":["Leap","Beam Cell"],"picked":"Conserve Battery","floor":12.0},{"not_picked":["Electrodynamics","Go for the Eyes"],"picked":"Leap","floor":13.0},{"not_picked":["Sweeping Beam","Barrage"],"picked":"Compile Driver","floor":14.0},{"not_picked":["Amplify","Multi-Cast"],"picked":"Biased Cognition","floor":16.0},{"not_picked":["Force Field","Double Energy"],"picked":"Ball Lightning","floor":18.0},{"not_picked":["Reprogram+1","Cold Snap"],"picked":"Auto Shields","floor":20.0},{"not_picked":["Redo","Hologram"],"picked":"Conserve Battery","floor":24.0},{"not_picked":["Stack","Rip and Tear","Recycle"],"picked":"SKIP","floor":27.0},{"not_picked":["Conserve Battery","Compile Driver","Doom and Gloom"],"picked":"SKIP","floor":28.0},{"not_picked":["Blizzard","Turbo","Steam"],"picked":"SKIP","floor":30.0},{"not_picked":["Stack","Steam","Beam Cell"],"picked":"SKIP","floor":31.0},{"not_picked":["All For One","Electrodynamics"],"picked":"Machine Learning","floor":33.0},{"not_picked":["Rebound","Coolheaded","Redo+1"],"picked":"SKIP","floor":35.0},{"not_picked":["Doom and Gloom","Lockon","Gash+1"],"picked":"SKIP","floor":35.0},{"not_picked":["Barrage+1","Lockon"],"picked":"Self Repair+1","floor":37.0},{"not_picked":["Cold Snap","Leap","Recycle+1"],"picked":"SKIP","floor":37.0},{"not_picked":["Gash","Amplify"],"picked":"Fission","floor":41.0},{"not_picked":["Rebound","Auto Shields","Chill"],"picked":"SKIP","floor":42.0},{"not_picked":["Sweeping Beam","Conserve Battery","Double Energy"],"picked":"SKIP","floor":42.0},{"not_picked":["Barrage+1","Rip and Tear","Cold Snap"],"picked":"SKIP","floor":44.0},{"not_picked":["Darkness","Barrage","Leap"],"picked":"SKIP","floor":44.0},{"not_picked":["Beam Cell","Chaos"],"picked":"Stack+1","floor":47.0}],"player_experience":1208461,"relics_obtained":[{"floor":9.0,"key":"Whetstone"},{"floor":11.0,"key":"Anchor"},{"floor":13.0,"key":"Omamori"},{"floor":22.0,"key":"Mango"},{"floor":22.0,"key":"Dodecahedron"},{"floor":24.0,"key":"Bronze Scales"},{"floor":26.0,"key":"Matryoshka"},{"floor":27.0,"key":"Meat on the Bone"},{"floor":34.0,"key":"Bag of Marbles"},{"floor":34.0,"key":"Frozen Egg 2"},{"floor":34.0,"key":"Prayer Wheel"},{"floor":39.0,"key":"Incense Burner"},{"floor":41.0,"key":"Vajra"},{"floor":43.0,"key":"Shuriken"},{"floor":43.0,"key":"Smiling Mask"},{"floor":46.0,"key":"Tiny Chest"},{"floor":46.0,"key":"Blood Vial"},{"floor":47.0,"key":"Pear"}],"event_choices":[{"event_name":"The Lab","player_choice":"Got Potions","floor":3.0,"damage_taken":0.0},{"event_name":"Upgrade Shrine","player_choice":"Upgraded","floor":4.0,"damage_taken":0.0},{"event_name":"Upgrade Shrine","player_choice":"Upgraded","floor":21.0,"damage_taken":0.0},{"event_name":"Colosseum","player_choice":"Fight","floor":22.0,"damage_taken":0.0},{"event_name":"Colosseum","player_choice":"Fought Nobs","floor":22.0,"damage_taken":0.0},{"event_name":"Winding Halls","player_choice":"Max HP","floor":38.0,"damage_taken":0.0},{"event_name":"MindBloom","player_choice":"Fight","floor":39.0,"damage_taken":0.0},{"event_name":"Tomb of Lord Red Mask","player_choice":"Ignored","floor":45.0,"damage_taken":0.0}],"is_beta":false,"boss_relics":[{"not_picked":["Tiny House","Empty Cage"],"picked":"Velvet Choker"},{"not_picked":["Lizard Tail","Black Star"],"picked":"Calling Bell"}],"items_purged_floors":[10,19,36,48],"is_endless":false,"potions_floor_spawned":[2,7,13,14,18,27,28,30,33,35,39,42],"ascension_level":15}