{"gold_per_floor":[361,361,252,252,266,266,283,317,396,396,412,424,424,449,449,548,548,563,574,574,233,308,335,335],"floor_reached":24,"playtime":1411,"items_purged":["Strike_G"],"score":419,"play_id":"f4176a7c-3bc6-44af-a5a6-ca78e74739d4","local_time":"20181231052940","is_ascension_mode":true,"campfire_choices":[{"data":"Noxious Fumes","floor":6.0,"key":"SMITH"},{"data":"Catalyst","floor":10.0,"key":"SMITH"},{"data":"Neutralize","floor":13.0,"key":"SMITH"},{"data":"Footwork","floor":15.0,"key":"SMITH"}],"neow_cost":"CURSE","seed_source_timestamp":222515345100258,"circlet_count":0,"master_deck":["Defend_G","Defend_G","Defend_G","Defend_G","Defend_G","Strike_G","Strike_G","Strike_G","Survivor","Neutralize+1","Footwork+1","Noxious Fumes+1","Distraction","Poisoned Stab","Catalyst+1","Noxious Fumes","Night Terror","PiercingWail+1","Bouncing Flask","Setup","Footwork"],"special_seed":0,"relics":["Ring of the Snake","Vajra","Darkstone Periapt","Paper Crane","Runic Pyramid","Orichalcum","Mercury Hourglass"],"potions_floor_usage":[],"damage_taken":[{"damage":4.0,"enemies":"Jaw Worm","floor":1.0,"turns":7.0},{"damage":0.0,"enemies":"2 Louse","floor":5.0,"turns":5.0},{"damage":3.0,"enemies":"Cultist","floor":7.0,"turns":5.0},{"damage":9.0,"enemies":"Lagavulin","floor":8.0,"turns":6.0},{"damage":0.0,"enemies":"Large Slime","floor":11.0,"turns":4.0},{"damage":1.0,"enemies":"3 Louse","floor":12.0,"turns":4.0},{"damage":10.0,"enemies":"3 Sentries","floor":14.0,"turns":2.0},{"damage":0.0,"enemies":"Hexaghost","floor":16.0,"turns":7.0},{"damage":0.0,"enemies":"Chosen","floor":18.0,"turns":4.0},{"damage":0.0,"enemies":"Spheric Guardian","floor":19.0,"turns":4.0},{"damage":51.0,"enemies":"Slavers","floor":23.0,"turns":7.0},{"damage":30,"enemies":"3 Cultists","floor":24,"turns":4}],"seed_played":"-6816256469759768138","potions_obtained":[{"floor":7.0,"key":"GamblersBrew"},{"floor":16.0,"key":"Energy Potion"}],"is_trial":false,"path_per_floor":["M","?","$","?","R","M","T","R","M","R","E","R",null,"M","?","$","?","E"],"character_chosen":"THE_SILENT","items_purchased":["Noxious Fumes","Setup","Orichalcum","Regen Potion","Footwork"],"campfire_rested":0,"item_purchase_floors":[3,21,21,21,21],"current_hp_per_floor":[59,52,52,52,52,52,49,40,40,40,40,39,39,29,29,29,60,60,60,60,60,53,17,0],"gold":335,"neow_bonus":"TWO_FIFTY_GOLD","is_prod":false,"is_daily":false,"chose_seed":false,"campfire_upgraded":4,"win_rate":0,"timestamp":1546230580,"path_taken":["M","?","$","?","M","R","M","E","T","R","M","M","R","E","R","BOSS","M","M","?","$","?","E","?"],"build_version":"2018-12-25","purchased_purges":1,"victory":false,"max_hp_per_floor":[70,70,70,70,70,70,70,70,70,70,70,70,70,70,70,70,70,70,70,70,70,70,70,70],"card_choices":[{"not_picked":["Prepared","Underhanded Strike"],"picked":"Footwork","floor":1.0},{"not_picked":["Accuracy","Dash"],"picked":"Poisoned Stab","floor":5.0},{"not_picked":["Well Laid Plans","Quick Slash","Reflex"],"picked":"SKIP","floor":7.0},{"not_picked":["Concentrate","Adrenaline"],"picked":"Catalyst","floor":8.0},{"not_picked":["Underhanded Strike","Sucker Punch","Slice"],"picked":"SKIP","floor":11.0},{"not_picked":["Infinite Blades","Prepared","Endless Agony"],"picked":"SKIP","floor":12.0},{"not_picked":["Crippling Poison","Dodge and Roll"],"picked":"Noxious Fumes","floor":14.0},{"not_picked":["Doppelganger","Tools of the Trade"],"picked":"Night Terror","floor":16.0},{"not_picked":["Expertise","Choke"],"picked":"PiercingWail+1","floor":18.0},{"not_picked":["Underhanded Strike","Prepared","Flying Knee+1"],"picked":"SKIP","floor":19.0},{"not_picked":["Choke","Terror","Quick Slash"],"picked":"SKIP","floor":23.0}],"player_experience":345521,"relics_obtained":[{"floor":8.0,"key":"Vajra"},{"floor":9.0,"key":"Darkstone Periapt"},{"floor":14.0,"key":"Paper Crane"},{"floor":23.0,"key":"Mercury Hourglass"}],"event_choices":[{"cards_removed":["Decay"],"damage_healed":0.0,"max_hp_gain":0.0,"max_hp_loss":0.0,"gold_gain":0.0,"event_name":"Golden Wing","player_choice":"Card Removal","floor":2.0,"gold_loss":0.0,"damage_taken":7.0},{"damage_healed":0.0,"max_hp_gain":0.0,"max_hp_loss":0.0,"gold_gain":0.0,"cards_transformed":["Strike_G"],"event_name":"Living Wall","player_choice":"Change","floor":4.0,"gold_loss":0.0,"damage_taken":0.0,"cards_obtained":["Distraction"]},{"damage_healed":0.0,"max_hp_gain":0.0,"max_hp_loss":0.0,"gold_gain":0.0,"event_name":"The Library","player_choice":"Read","floor":20.0,"gold_loss":0.0,"damage_taken":0.0,"cards_obtained":["Bouncing Flask"]},{"damage_healed":0.0,"max_hp_gain":0.0,"max_hp_loss":0.0,"gold_gain":75.0,"event_name":"FaceTrader","player_choice":"Touch","floor":22.0,"gold_loss":0.0,"damage_taken":7.0}],"is_beta":true,"boss_relics":[{"not_picked":["Cursed Key","Astrolabe"],"picked":"Runic Pyramid"}],"items_purged_floors":[3],"is_endless":false,"potions_floor_spawned":[7,16],"killed_by":"3 Cultists","ascension_level":8}