{"gold_per_floor":[114,133,133,58,75,104,104,23,23,33,33,59,4,23,23,100,100,118,148,148,148,166,166,199,199,199,227,239,265,283,283,283,357,357,368,2,17,17,29,55,55,82,151,180,180,180,180,207,207,207,207,207,207,42,76,76],"floor_reached":57,"playtime":4139,"items_purged":["Strike_G","Setup+1"],"score":3778,"play_id":"f1420cb1-d130-47d6-951a-29b26c988003","local_time":"20181226190752","is_ascension_mode":true,"campfire_choices":[{"data":"Neutralize","floor":7.0,"key":"SMITH"},{"data":"Terror","floor":11.0,"key":"SMITH"},{"data":"Blade Dance","floor":15.0,"key":"SMITH"},{"data":"Venomology","floor":23.0,"key":"SMITH"},{"data":"Concentrate","floor":25.0,"key":"SMITH"},{"data":"Distraction","floor":32.0,"key":"SMITH"},{"data":"Adrenaline","floor":47.0,"key":"SMITH"},{"floor":49.0,"key":"RECALL"},{"data":"Well Laid Plans","floor":53.0,"key":"SMITH"}],"neow_cost":"NONE","seed_source_timestamp":4998544652849,"circlet_count":0,"master_deck":["AscendersBane","Defend_G","Defend_G","Defend_G","Defend_G","Strike_G","Survivor","Neutralize+1","Phantasmal Killer+1","Terror+1","Tools of the Trade","Footwork","Endless Agony","Leg Sweep","Blade Dance+1","Calculated Gamble","Venomology+1","Escape Plan","PiercingWail","Prepared+1","Concentrate+1","Parasite","Distraction+1","Injury","After Image","Adrenaline+1","Panacea","Well Laid Plans+1","Normality","Shame"],"special_seed":0,"relics":["Astrolabe","Gambling Chip","Dead Branch","Molten Egg 2","Cursed Key","Red Mask","Snake Skull","Darkstone Periapt","Shuriken","Singing Bowl","Sundial","Sozu","Bottled Lightning","Boot","Bottled Tornado","Paper Crane","Bag of Preparation","Pocketwatch"],"potions_floor_usage":[],"damage_taken":[{"damage":7.0,"enemies":"Jaw Worm","floor":1.0,"turns":3.0},{"damage":0.0,"enemies":"Cultist","floor":2.0,"turns":3.0},{"damage":0.0,"enemies":"Small Slimes","floor":5.0,"turns":2.0},{"damage":7.0,"enemies":"Lagavulin","floor":6.0,"turns":6.0},{"damage":4.0,"enemies":"Looter","floor":10.0,"turns":3.0},{"damage":23.0,"enemies":"3 Sentries","floor":12.0,"turns":6.0},{"damage":3.0,"enemies":"Gremlin Gang","floor":14.0,"turns":2.0},{"damage":0.0,"enemies":"The Guardian","floor":16.0,"turns":10.0},{"damage":0.0,"enemies":"Spheric Guardian","floor":18.0,"turns":3.0},{"damage":0.0,"enemies":"Masked Bandits","floor":19.0,"turns":2.0},{"damage":16.0,"enemies":"Shell Parasite","floor":22.0,"turns":6.0},{"damage":0.0,"enemies":"Book of Stabbing","floor":24.0,"turns":4.0},{"damage":17.0,"enemies":"Slavers","floor":27.0,"turns":7.0},{"damage":0.0,"enemies":"Cultist and Chosen","floor":28.0,"turns":2.0},{"damage":9.0,"enemies":"Book of Stabbing","floor":29.0,"turns":3.0},{"damage":0.0,"enemies":"Snecko","floor":30.0,"turns":3.0},{"damage":0.0,"enemies":"Automaton","floor":33.0,"turns":8.0},{"damage":4.0,"enemies":"3 Darklings","floor":35.0,"turns":3.0},{"damage":0.0,"enemies":"Orb Walker","floor":37.0,"turns":2.0},{"damage":0.0,"enemies":"Jaw Worm Horde","floor":39.0,"turns":4.0},{"damage":7.0,"enemies":"Nemesis","floor":40.0,"turns":7.0},{"damage":0.0,"enemies":"Giant Head","floor":42.0,"turns":2.0},{"damage":16.0,"enemies":"Nemesis","floor":44.0,"turns":5.0},{"damage":0.0,"enemies":"Reptomancer","floor":48.0,"turns":4.0},{"damage":0.0,"enemies":"Donu and Deca","floor":50.0,"turns":7.0},{"damage":46.0,"enemies":"Awakened One","floor":51.0,"turns":12.0},{"damage":0.0,"enemies":"Shield and Spear","floor":55.0,"turns":4.0},{"damage":76,"enemies":"The Heart","floor":56,"turns":10}],"seed_played":"4407333311261421827","potions_obtained":[{"floor":2.0,"key":"EssenceOfSteel"},{"floor":3.0,"key":"FearPotion"},{"floor":3.0,"key":"FairyPotion"},{"floor":6.0,"key":"Dexterity Potion"},{"floor":18.0,"key":"Ancient Potion"},{"floor":22.0,"key":"LiquidBronze"},{"floor":29.0,"key":"Swift Potion"},{"floor":30.0,"key":"Poison Potion"}],"is_trial":false,"path_per_floor":["M","M","?","$","M","E","R","$","T","M","R","E","$","M","R","B",null,"M","?","?","?","M","M","R","E","R","T","E","M","E","M","T","R","B",null,"M","$","M","?","M","E","$","E","T","E","?","$","R","E","R","B","B",null,"R","$","E","B",null],"character_chosen":"THE_SILENT","items_purchased":["Footwork","Blade Dance","Adrenaline","Panacea","Bag of Preparation"],"campfire_rested":0,"item_purchase_floors":[8,13,36,36,54],"current_hp_per_floor":[52,52,52,52,52,45,45,45,45,41,41,18,18,15,15,15,53,53,53,53,53,37,37,37,37,37,20,20,13,15,21,21,21,62,60,60,62,62,62,57,57,59,65,51,57,57,57,59,59,59,13,78,78,78,80,4],"gold":76,"neow_bonus":"BOSS_RELIC","is_prod":false,"is_daily":false,"chose_seed":false,"campfire_upgraded":8,"win_rate":0,"timestamp":1545822472,"path_taken":["M","M","?","$","M","E","R","$","T","M","R","E","?","M","R","BOSS","M","?","?","?","?","R","E","R","T","E","M","E","M","?","R","BOSS","M","?","M","?","M","E","$","E","T","E","?","$","R","E","R","BOSS","BOSS","R","$","E","BOSS"],"build_version":"2018-12-20","purchased_purges":2,"victory":true,"max_hp_per_floor":[66,66,66,66,66,66,66,66,66,66,66,66,66,66,66,66,66,66,66,66,66,66,66,66,66,66,66,66,68,70,76,76,76,76,78,78,80,80,80,82,82,84,90,92,98,98,98,100,100,100,100,100,100,100,102,102],"card_choices":[{"not_picked":["Noxious Fumes","PiercingWail"],"picked":"Terror","floor":1.0},{"not_picked":["Dagger Spray","Quick Slash","Underhanded Strike"],"picked":"SKIP","floor":2.0},{"not_picked":["PiercingWail","Blade Dance","Riddle With Holes"],"picked":"SKIP","floor":5.0},{"not_picked":["Deadly Poison","Backflip"],"picked":"Tools of the Trade","floor":6.0},{"not_picked":["Dagger Spray","Acrobatics"],"picked":"Endless Agony","floor":10.0},{"not_picked":["Choke","Night Terror"],"picked":"Leg Sweep","floor":12.0},{"not_picked":["Blade Dance","Poisoned Stab+1"],"picked":"Calculated Gamble","floor":14.0},{"not_picked":["Envenom","Phantasmal Killer"],"picked":"Venomology","floor":16.0},{"not_picked":["Flechettes+1","Sucker Punch+1"],"picked":"Escape Plan","floor":18.0},{"not_picked":["Footwork","Deflect"],"picked":"PiercingWail","floor":19.0},{"not_picked":["Catalyst","Outmaneuver"],"picked":"Prepared+1","floor":22.0},{"not_picked":["Adrenaline","Underhanded Strike+1"],"picked":"Concentrate","floor":24.0},{"not_picked":["Acrobatics","Deflect"],"picked":"Distraction","floor":27.0},{"not_picked":["Slice+1","Prepared","Flying Knee+1"],"picked":"SKIP","floor":28.0},{"not_picked":["PiercingWail","Dodge and Roll","Backstab+1"],"picked":"Singing Bowl","floor":29.0},{"not_picked":["All Out Attack+1","Deflect","Dodge and Roll+1"],"picked":"Singing Bowl","floor":30.0},{"not_picked":["Venomology","Bullet Time"],"picked":"After Image","floor":33.0},{"not_picked":["Slice+1","Calculated Gamble","Acrobatics"],"picked":"Singing Bowl","floor":35.0},{"not_picked":["Heel Hook+1","Prepared","Blade Dance"],"picked":"Singing Bowl","floor":37.0},{"not_picked":["Dagger Throw+1","PiercingWail+1"],"picked":"Well Laid Plans","floor":39.0},{"not_picked":["Outmaneuver","Skewer+1","PiercingWail"],"picked":"Singing Bowl","floor":40.0},{"not_picked":["Backflip","Dagger Throw+1","Well Laid Plans"],"picked":"Singing Bowl","floor":42.0},{"not_picked":["Quick Slash+1","Masterful Stab+1","Tools of the Trade"],"picked":"Singing Bowl","floor":44.0},{"not_picked":["Slice+1","Poisoned Stab+1","Tools of the Trade"],"picked":"Singing Bowl","floor":48.0},{"not_picked":["Deflect+1","Tactician","Dagger Throw+1"],"picked":"Singing Bowl","floor":55.0}],"player_experience":2452392,"relics_obtained":[{"floor":6.0,"key":"Gambling Chip"},{"floor":9.0,"key":"Dead Branch"},{"floor":12.0,"key":"Molten Egg 2"},{"floor":19.0,"key":"Red Mask"},{"floor":24.0,"key":"Snake Skull"},{"floor":26.0,"key":"Darkstone Periapt"},{"floor":27.0,"key":"Shuriken"},{"floor":29.0,"key":"Singing Bowl"},{"floor":31.0,"key":"Sundial"},{"floor":40.0,"key":"Bottled Lightning"},{"floor":42.0,"key":"Boot"},{"floor":44.0,"key":"Bottled Tornado"},{"floor":48.0,"key":"Paper Crane"},{"floor":55.0,"key":"Pocketwatch"}],"event_choices":[{"damage_healed":0.0,"max_hp_gain":0.0,"max_hp_loss":0.0,"gold_gain":0.0,"event_name":"Lab","player_choice":"Got Potions","floor":3.0,"gold_loss":0.0,"damage_taken":0.0},{"damage_healed":0.0,"max_hp_gain":0.0,"max_hp_loss":0.0,"gold_gain":0.0,"event_name":"Masked Bandits","player_choice":"Fought Bandits","floor":19.0,"gold_loss":0.0,"damage_taken":0.0},{"damage_healed":0.0,"max_hp_gain":0.0,"max_hp_loss":0.0,"gold_gain":0.0,"event_name":"The Mausoleum","player_choice":"Ignored","floor":20.0,"gold_loss":0.0,"damage_taken":0.0},{"cards_removed":["Strike_G"],"damage_healed":0.0,"max_hp_gain":0.0,"max_hp_loss":0.0,"gold_gain":0.0,"event_name":"Purifier","player_choice":"Purged","floor":21.0,"gold_loss":0.0,"damage_taken":0.0},{"cards_removed":["All Out Attack"],"damage_healed":0.0,"max_hp_gain":0.0,"max_hp_loss":0.0,"gold_gain":0.0,"event_name":"Falling","player_choice":"Removed Attack","floor":38.0,"gold_loss":0.0,"damage_taken":0.0},{"damage_healed":0.0,"max_hp_gain":0.0,"max_hp_loss":0.0,"gold_gain":0.0,"event_name":"Match and Keep!","player_choice":"1 cards matched","floor":45.0,"gold_loss":0.0,"damage_taken":0.0,"cards_obtained":["Shame"]},{"damage_healed":0.0,"max_hp_gain":0.0,"max_hp_loss":0.0,"gold_gain":0.0,"event_name":"Match and Keep!","player_choice":"1 cards matched","floor":45.0,"gold_loss":0.0,"damage_taken":0.0,"cards_obtained":["Shame"]}],"is_beta":false,"boss_relics":[{"not_picked":["Runic Pyramid","Lizard Tail"],"picked":"Cursed Key"},{"not_picked":["White Beast Statue","Snecko Eye"],"picked":"Sozu"}],"items_purged_floors":[4,36],"is_endless":false,"potions_floor_spawned":[2,6,10,18,22,29,30,39,40,55],"ascension_level":20}