{"gold_per_floor":[116,116,116,136,153,184,184,194,248,265,265,280,306,256,256,353,353,372,372,372,384,397,397,426,426,426,443,443,443,443,456,456,456],"floor_reached":33,"playtime":2990,"items_purged":[],"score":429,"play_id":"4d66b052-f3fd-4c58-bbbd-bcbb8060a841","local_time":"20190415211637","is_ascension_mode":true,"campfire_choices":[{"floor":7,"key":"REST"},{"data":"Inflame","floor":11,"key":"SMITH"},{"data":"Body Slam","floor":15,"key":"SMITH"},{"floor":23,"key":"RECALL"},{"floor":25,"key":"REST"},{"data":"Uppercut","floor":29,"key":"SMITH"},{"floor":32,"key":"REST"}],"neow_cost":"NONE","seed_source_timestamp":0,"circlet_count":0,"master_deck":["AscendersBane","Strike_R","Strike_R","Strike_R","Defend_R","Defend_R","Defend_R","Defend_R+1","Bash","True Grit+1","Enlightenment","Fiend Fire","Uppercut+1","Body Slam+1","Inflame+1","Bludgeon","Impervious","Ghostly Armor","Shrug It Off","Heavy Blade+1","Shrug It Off","Disarm+1"],"special_seed":0,"relics":["Burning Blood","Lantern","Meat on the Bone","War Paint","Vajra","Orrery","NlothsMask","Magic Flower"],"potions_floor_usage":[10,12,13,18,22,24,31,31],"damage_taken":[{"damage":12.0,"enemies":"Small Slimes","floor":1.0,"turns":3.0},{"damage":4,"enemies":"Jaw Worm","floor":4,"turns":4},{"damage":1,"enemies":"Cultist","floor":5,"turns":3},{"damage":63,"enemies":"3 Sentries","floor":6,"turns":15},{"damage":3,"enemies":"3 Louse","floor":8,"turns":4},{"damage":2,"enemies":"2 Fungi Beasts","floor":10,"turns":2},{"damage":4,"enemies":"Blue Slaver","floor":12,"turns":2},{"damage":26,"enemies":"Lagavulin","floor":13,"turns":5},{"damage":31,"enemies":"Hexaghost","floor":16,"turns":9},{"damage":8,"enemies":"Spheric Guardian","floor":18,"turns":5},{"damage":5,"enemies":"2 Thieves","floor":21,"turns":4},{"damage":1,"enemies":"Snake Plant","floor":22,"turns":4},{"damage":63,"enemies":"Gremlin Leader","floor":24,"turns":9},{"damage":0,"enemies":"Snecko","floor":27,"turns":3},{"damage":15,"enemies":"Centurion and Healer","floor":31,"turns":5},{"damage":91,"enemies":"Collector","floor":33,"turns":10}],"seed_played":"1473868552105791201","potions_obtained":[{"floor":4,"key":"FearPotion"},{"floor":8,"key":"Explosive Potion"},{"floor":10,"key":"Energy Potion"},{"floor":16,"key":"EssenceOfSteel"},{"floor":18,"key":"GamblersBrew"},{"floor":21,"key":"GamblersBrew"},{"floor":30,"key":"Block Potion"},{"floor":30,"key":"Explosive Potion"}],"is_trial":false,"path_per_floor":["M","?","?","M","M","E","R","M","T","M","R","M","E","?","R","B",null,"M","?","?","M","M","R","E","R","T","M","?","R","?","M","R","B"],"character_chosen":"IRONCLAD","items_purchased":[],"campfire_rested":3,"item_purchase_floors":[],"current_hp_per_floor":[66,66,66,68,73,16,40,55,55,59,59,61,53,53,53,40,70,68,68,68,69,74,74,29,53,53,62,62,62,62,56,80,0],"gold":456,"neow_bonus":"RANDOM_COMMON_RELIC","is_prod":false,"is_daily":false,"chose_seed":false,"campfire_upgraded":3,"win_rate":0,"timestamp":1555352197,"path_taken":["M","?","?","?","M","E","R","M","T","M","R","M","E","?","R","BOSS","M","?","?","?","M","R","E","R","T","M","?","R","?","M","R","BOSS"],"build_version":"2019-01-23","purchased_purges":0,"victory":false,"max_hp_per_floor":[80,80,80,80,80,80,80,80,80,80,80,80,80,80,80,80,80,80,80,80,80,80,80,80,80,80,80,80,80,80,80,80,80],"card_choices":[{"not_picked":["Clothesline","Twin Strike"],"picked":"True Grit","floor":1.0},{"not_picked":["Cleave","Armaments"],"picked":"Uppercut","floor":4},{"not_picked":["Headbutt","Havoc"],"picked":"Body Slam","floor":5},{"not_picked":["Rage","Spot Weakness"],"picked":"Inflame","floor":6},{"not_picked":["Anger","Warcry","Clash"],"picked":"SKIP","floor":8},{"not_picked":["Headbutt","Sever Soul","Iron Wave"],"picked":"SKIP","floor":10},{"not_picked":["Demon Form","Seeing Red","Flex"],"picked":"SKIP","floor":12},{"not_picked":["Iron Wave","Metallicize"],"picked":"Bludgeon","floor":13},{"not_picked":["Double Tap","Demon Form"],"picked":"Impervious","floor":16},{"not_picked":["Intimidate","Pommel Strike"],"picked":"Ghostly Armor","floor":17},{"not_picked":["Dropkick","Cleave","Twin Strike"],"picked":"SKIP","floor":18},{"not_picked":["Warcry","Sword Boomerang","Berserk"],"picked":"SKIP","floor":21},{"not_picked":["Clothesline","Perfected Strike"],"picked":"Heavy Blade+1","floor":22},{"not_picked":["Iron Wave","Juggernaut"],"picked":"Shrug It Off","floor":24},{"not_picked":["Thunderclap","Fire Breathing+1"],"picked":"Disarm+1","floor":27},{"not_picked":["Hemokinesis+1","Headbutt","Pommel Strike"],"picked":"SKIP","floor":31}],"player_experience":260005,"relics_obtained":[{"floor":6,"key":"Meat on the Bone"},{"floor":9,"key":"War Paint"},{"floor":13,"key":"Vajra"},{"floor":24,"key":"Magic Flower"}],"event_choices":[{"damage_healed":0.0,"max_hp_gain":0.0,"max_hp_loss":0.0,"gold_gain":0.0,"event_name":"Liars Game","player_choice":"Ignored","floor":2.0,"gold_loss":0.0,"damage_taken":0.0},{"damage_healed":0,"gold_gain":0,"player_choice":"2 cards matched","damage_taken":0,"max_hp_gain":0,"max_hp_loss":0,"event_name":"Match and Keep!","floor":3,"gold_loss":0,"cards_obtained":["Enlightenment","Fiend Fire"]},{"damage_healed":0,"gold_gain":0,"player_choice":"2 cards matched","damage_taken":0,"max_hp_gain":0,"max_hp_loss":0,"event_name":"Match and Keep!","floor":3,"gold_loss":0,"cards_obtained":["Enlightenment","Fiend Fire"]},{"cards_removed":["Strike_R"],"damage_healed":0,"gold_gain":0,"player_choice":"Card Removal","damage_taken":0,"max_hp_gain":0,"max_hp_loss":0,"event_name":"The Cleric","floor":14,"gold_loss":50},{"damage_healed":0,"gold_gain":0,"player_choice":"Read","damage_taken":0,"max_hp_gain":0,"max_hp_loss":0,"event_name":"The Library","floor":19,"gold_loss":0,"cards_obtained":["Shrug It Off"]},{"damage_healed":0,"gold_gain":0,"player_choice":"Trade","damage_taken":0,"relics_obtained":["NlothsMask"],"max_hp_gain":0,"max_hp_loss":0,"event_name":"FaceTrader","floor":20,"gold_loss":0},{"cards_removed":["Strike_R"],"damage_healed":0,"gold_gain":0,"player_choice":"Elegance","damage_taken":0,"max_hp_gain":0,"max_hp_loss":0,"event_name":"Back to Basics","floor":28,"gold_loss":0},{"damage_healed":0,"gold_gain":0,"player_choice":"Got Potions","damage_taken":0,"max_hp_gain":0,"max_hp_loss":0,"event_name":"Lab","floor":30,"gold_loss":0}],"is_beta":false,"boss_relics":[{"not_picked":["Astrolabe","Tiny House"],"picked":"Orrery"}],"items_purged_floors":[],"is_endless":false,"potions_floor_spawned":[4,8,10,16,18,21],"killed_by":"Collector","ascension_level":11}