{"gold_per_floor":[118,137,68,85,102,102,118,118,118,128,138,169,12,42,42,137,137,156,1,1,14,30,30],"floor_reached":23,"playtime":808,"items_purged":[],"score":230,"play_id":"22518a21-dab5-4858-a492-b890c756caa9","local_time":"20181116014947","is_ascension_mode":false,"campfire_choices":[{"data":"Corruption","floor":6,"key":"SMITH"},{"data":"Carnage","floor":8,"key":"SMITH"},{"data":"Bludgeon","floor":15,"key":"SMITH"}],"neow_cost":"NONE","seed_source_timestamp":151156747772692,"circlet_count":0,"master_deck":["Strike_R","Strike_R","Strike_R","Strike_R","Strike_R","Defend_R+1","Defend_R+1","Defend_R","Defend_R","Bash","Heavy Blade","Warcry","Carnage+1","Warcry","Corruption+1","Sword Boomerang","Sever Soul","Rupture","Bludgeon+1","Rupture","Brutality","Headbutt","Battle Trance","Metallicize","Brutality","Pommel Strike+1","Flame Barrier+1"],"relics":["Burning Blood","NeowsBlessing","Blue Candle","Bottled Lightning","War Paint","Kunai","Sozu"],"potions_floor_usage":[11,14,14],"damage_taken":[{"damage":0,"enemies":"Cultist","floor":1,"turns":1},{"damage":0,"enemies":"Small Slimes","floor":2,"turns":1},{"damage":0,"enemies":"2 Louse","floor":4,"turns":1},{"damage":0,"enemies":"Large Slime","floor":5,"turns":4},{"damage":5,"enemies":"3 Louse","floor":7,"turns":4},{"damage":10,"enemies":"Looter","floor":10,"turns":2},{"damage":0,"enemies":"Gremlin Gang","floor":11,"turns":1},{"damage":35,"enemies":"3 Sentries","floor":12,"turns":7},{"damage":0,"enemies":"Gremlin Nob","floor":14,"turns":2},{"damage":39,"enemies":"Slime Boss","floor":16,"turns":11},{"damage":33,"enemies":"3 Byrds","floor":18,"turns":6},{"damage":24,"enemies":"2 Thieves","floor":21,"turns":4},{"damage":34,"enemies":"Centurion and Healer","floor":22,"turns":6},{"damage":8,"enemies":"Snake Plant","floor":23,"turns":2}],"seed_played":"9222371399200125906","potions_obtained":[{"floor":5,"key":"Poison Potion"},{"floor":7,"key":"AttackPotion"},{"floor":10,"key":"Energy Potion"}],"is_trial":false,"path_per_floor":["M","M","$","M","M","R","M","R","T","M","M","E","$","E","R","B",null,"M","$","?","M","M","M"],"character_chosen":"IRONCLAD","items_purchased":["Carnage","War Paint","Battle Trance","Metallicize"],"campfire_rested":0,"item_purchase_floors":[3,13,19,19],"current_hp_per_floor":[80,80,80,80,80,80,80,80,80,76,80,51,51,57,57,24,80,53,53,53,35,7,0],"gold":30,"neow_bonus":"THREE_ENEMY_KILL","is_prod":false,"is_daily":false,"chose_seed":false,"campfire_upgraded":3,"win_rate":0,"timestamp":1542329387,"path_taken":["M","M","$","M","M","R","?","R","T","M","M","E","?","E","R","BOSS","M","$","?","?","M","M"],"build_version":"2018-11-15","purchased_purges":0,"victory":false,"max_hp_per_floor":[80,80,80,80,80,80,80,80,80,80,80,80,80,80,80,80,80,80,80,80,80,80,80],"card_choices":[{"not_picked":["Thunderclap","Headbutt"],"picked":"Heavy Blade","floor":1},{"not_picked":["Armaments","Rage"],"picked":"Warcry","floor":2},{"not_picked":["Shrug It Off","Body Slam"],"picked":"Warcry","floor":4},{"not_picked":["Clash","Uppercut"],"picked":"Corruption","floor":5},{"not_picked":["Heavy Blade","Twin Strike"],"picked":"Sword Boomerang","floor":7},{"not_picked":["Twin Strike","Hemokinesis"],"picked":"Sever Soul","floor":10},{"not_picked":["Anger","Pommel Strike"],"picked":"Rupture","floor":11},{"not_picked":["Infernal Blade","Dropkick"],"picked":"Bludgeon","floor":12},{"not_picked":["Warcry","Perfected Strike"],"picked":"Rupture","floor":14},{"not_picked":["Feed","Bludgeon"],"picked":"Brutality","floor":16},{"not_picked":["Twin Strike","Corruption+1"],"picked":"Headbutt","floor":18},{"not_picked":["Armaments","Clothesline"],"picked":"Pommel Strike+1","floor":21},{"not_picked":["Ghostly Armor","Clothesline"],"picked":"Flame Barrier+1","floor":22}],"player_experience":335646,"relics_obtained":[{"floor":9,"key":"Blue Candle"},{"floor":12,"key":"Bottled Lightning"},{"floor":14,"key":"Kunai"}],"event_choices":[{"damage_healed":0,"gold_gain":0,"player_choice":"Copied","damage_taken":0,"max_hp_gain":0,"max_hp_loss":0,"event_name":"Duplicator","floor":20,"gold_loss":0,"cards_obtained":["Brutality"]}],"is_beta":false,"boss_relics":[{"not_picked":["Orrery","Snecko Eye"],"picked":"Sozu"}],"items_purged_floors":[],"is_endless":false,"potions_floor_spawned":[5,7,10,21],"killed_by":"Snake Plant","ascension_level":0}