{"gold_per_floor":[114,114,114,126,126,152,152,184,211,211,230,230,180,105,105,105],"floor_reached":16,"playtime":399,"items_purged":["Defend_G"],"score":133,"play_id":"79b13e41-1339-4c26-97e2-286ecfdaeee1","local_time":"25610806231258","is_ascension_mode":true,"campfire_choices":[{"floor":7.0,"key":"REST"},{"floor":12.0,"key":"REST"},{"data":"Riddle With Holes","floor":15.0,"key":"SMITH"}],"neow_cost":"","seed_source_timestamp":0,"circlet_count":0,"master_deck":["Defend_G","Defend_G","Defend_G","Defend_G","Strike_G","Strike_G","Strike_G","Strike_G","Survivor","Neutralize+1","Riddle With Holes+1","Cloak And Dagger","Die Die Die","Expertise","Flying Knee"],"special_seed":0,"relics":["Ring of the Snake","Regal Pillow","Singing Bowl","Dream Catcher","Juzu Bracelet"],"potions_floor_usage":[16],"damage_taken":[{"damage":0.0,"enemies":"2 Louse","floor":1.0,"turns":2.0},{"damage":8.0,"enemies":"Jaw Worm","floor":4.0,"turns":4.0},{"damage":33.0,"enemies":"Lagavulin","floor":6.0,"turns":7.0},{"damage":44.0,"enemies":"Gremlin Nob","floor":8.0,"turns":5.0},{"damage":0.0,"enemies":"Small Slimes","floor":11.0,"turns":2.0},{"damage":52,"enemies":"The Guardian","floor":16,"turns":15}],"seed_played":"-738605946331576831","potions_obtained":[{"floor":1.0,"key":"Poison Potion"},{"floor":8.0,"key":"SkillPotion"}],"is_trial":false,"path_per_floor":["M","?","?","M","?","E","R","E","T","?","M","R","?","$","R"],"character_chosen":"THE_SILENT","items_purchased":[],"campfire_rested":2,"item_purchase_floors":[],"current_hp_per_floor":[70,70,70,62,55,22,58,14,14,14,16,52,52,52,52,0],"gold":105,"neow_bonus":"","is_prod":false,"is_daily":false,"chose_seed":false,"campfire_upgraded":1,"win_rate":0,"timestamp":1533571978,"path_taken":["M","?","?","M","?","E","R","E","T","?","M","R","?","$","R","BOSS"],"build_version":"2018-08-02","purchased_purges":1,"victory":false,"max_hp_per_floor":[70,70,70,70,70,70,70,70,70,70,72,72,72,72,72,72],"card_choices":[{"not_picked":["PiercingWail","Prepared"],"picked":"Riddle With Holes","floor":1.0},{"not_picked":["Underhanded Strike","Flechettes"],"picked":"Cloak And Dagger","floor":4.0},{"not_picked":["Deflect","A Thousand Cuts"],"picked":"Die Die Die","floor":6.0},{"not_picked":["Setup","Choke"],"picked":"Blade Dance","floor":8.0},{"not_picked":["Slice","Poisoned Stab","Blade Dance"],"picked":"Singing Bowl","floor":11.0},{"not_picked":["Backflip","Acrobatics"],"picked":"Flying Knee","floor":12.0}],"player_experience":213061,"relics_obtained":[{"floor":6.0,"key":"Singing Bowl"},{"floor":8.0,"key":"Dream Catcher"},{"floor":9.0,"key":"Juzu Bracelet"}],"event_choices":[{"event_name":"Living Wall","player_choice":"Grow","floor":2.0,"damage_taken":0.0},{"event_name":"Big Fish","player_choice":"Box","floor":3.0,"damage_taken":0.0},{"event_name":"Golden Wing","player_choice":"Card Removal","floor":5.0,"damage_taken":0.0},{"event_name":"Transmorgrifier","player_choice":"Transform","floor":10.0,"damage_taken":0.0},{"event_name":"The Cleric","player_choice":"Card Removal","floor":13.0,"damage_taken":0.0}],"is_beta":false,"boss_relics":[],"items_purged_floors":[14],"is_endless":false,"potions_floor_spawned":[1,8],"killed_by":"The Guardian","ascension_level":5}