{"gold_per_floor":[367,367,382,332,65,65,88,88,161,190,40,57,57,72,72,177,177,194,211,65,15,27,27,37,37,37,37,37,37,37,56,56,160,160,175,175,191,291,302,302,321,321],"floor_reached":42,"playtime":1689,"items_purged":["Strike_R"],"score":634,"play_id":"d28e921a-53f6-425c-b153-8c59c9817e5f","local_time":"20190416233402","is_ascension_mode":true,"campfire_choices":[{"floor":6,"key":"REST"},{"data":"Flame Barrier","floor":8,"key":"SMITH"},{"floor":13,"key":"REST"},{"data":"Whirlwind","floor":15,"key":"SMITH"},{"data":"Demon Form","floor":23,"key":"SMITH"},{"floor":25,"key":"REST"},{"floor":28,"key":"RECALL"},{"floor":32,"key":"REST"},{"floor":40,"key":"REST"}],"neow_cost":"PERCENT_DAMAGE","seed_source_timestamp":396432018600300,"circlet_count":0,"master_deck":["AscendersBane","Strike_R+1","Defend_R","Defend_R","Defend_R","Defend_R","Bash+1","Flame Barrier+1","Spot Weakness","Headbutt","Whirlwind+1","Offering","Demon Form+1","Heavy Blade","Double Tap","Shrug It Off"],"relics":["Burning Blood","Happy Flower","Odd Mushroom","Mercury Hourglass","Matryoshka","Omamori","Cursed Key","Whetstone","Juzu Bracelet","Anchor","Velvet Choker"],"potions_floor_usage":[10,16,16,22,31,33,42],"damage_taken":[{"damage":4,"enemies":"2 Louse","floor":1,"turns":4},{"damage":10,"enemies":"Cultist","floor":3,"turns":5},{"damage":25,"enemies":"The Mushroom Lair","floor":7,"turns":5},{"damage":35,"enemies":"Gremlin Nob","floor":10,"turns":4},{"damage":0,"enemies":"Small Slimes","floor":12,"turns":3},{"damage":9,"enemies":"Blue Slaver","floor":14,"turns":4},{"damage":37,"enemies":"Slime Boss","floor":16,"turns":8},{"damage":22,"enemies":"2 Thieves","floor":18,"turns":4},{"damage":7,"enemies":"3 Byrds","floor":19,"turns":2},{"damage":17,"enemies":"Centurion and Healer","floor":22,"turns":4},{"damage":19,"enemies":"Snecko","floor":24,"turns":5},{"damage":21,"enemies":"Chosen and Byrds","floor":31,"turns":4},{"damage":37,"enemies":"Collector","floor":33,"turns":7},{"damage":32,"enemies":"3 Darklings","floor":35,"turns":3},{"damage":10,"enemies":"3 Shapes","floor":37,"turns":1},{"damage":6,"enemies":"3 Darklings","floor":39,"turns":2},{"damage":26,"enemies":"Maw","floor":41,"turns":5},{"damage":41,"enemies":"Nemesis","floor":42,"turns":2}],"seed_played":"-8399666191032236892","potions_obtained":[{"floor":7,"key":"Fire Potion"},{"floor":10,"key":"LiquidBronze"},{"floor":14,"key":"SteroidPotion"},{"floor":19,"key":"Fire Potion"},{"floor":22,"key":"Dexterity Potion"},{"floor":24,"key":"SkillPotion"},{"floor":39,"key":"LiquidBronze"}],"is_trial":false,"path_per_floor":["M","?","M","?","$","R","?","R","T","E","$","M","R","M","R","B",null,"M","M","$","?","M","R","M","R","T","?","R","?","?","M","R","B",null,"M","?","M","?","M","R","M","E"],"character_chosen":"IRONCLAD","items_purchased":["Happy Flower","Headbutt","Omamori","Whetstone"],"campfire_rested":5,"item_purchase_floors":[5,5,11,20],"current_hp_per_floor":[53,53,49,49,49,73,54,54,54,25,25,31,55,52,52,21,65,49,48,48,48,37,37,24,48,48,48,48,48,48,33,57,26,67,41,41,37,37,37,61,41,0],"gold":321,"neow_bonus":"TWO_FIFTY_GOLD","is_prod":false,"is_daily":false,"chose_seed":false,"campfire_upgraded":3,"win_rate":0,"timestamp":1555446842,"path_taken":["M","?","?","?","$","R","?","R","T","E","?","M","R","M","R","BOSS","M","M","$","?","?","R","M","R","T","?","R","?","?","M","R","BOSS","M","?","M","?","M","R","M","E"],"build_version":"2019-01-23","purchased_purges":1,"victory":false,"max_hp_per_floor":[80,80,80,80,80,80,80,80,80,80,80,80,80,80,80,80,80,80,80,80,80,80,80,80,80,80,80,80,80,80,80,80,80,80,80,80,80,80,80,80,80,80],"card_choices":[{"not_picked":["Body Slam","Warcry"],"picked":"Flame Barrier","floor":1},{"not_picked":["Shrug It Off","Twin Strike"],"picked":"Spot Weakness","floor":3},{"not_picked":["Clothesline","Heavy Blade"],"picked":"Whirlwind","floor":10},{"not_picked":["Twin Strike","Cleave"],"picked":"Offering","floor":12},{"not_picked":["Headbutt","Sword Boomerang","Armaments"],"picked":"SKIP","floor":14},{"not_picked":["Juggernaut","Feed"],"picked":"Demon Form","floor":16},{"not_picked":["Dropkick","Blood for Blood","Perfected Strike"],"picked":"SKIP","floor":18},{"not_picked":["Clash+1","Combust","Sword Boomerang"],"picked":"SKIP","floor":19},{"not_picked":["Burning Pact","Inflame","Corruption"],"picked":"SKIP","floor":22},{"not_picked":["Cleave","Wild Strike","Iron Wave"],"picked":"SKIP","floor":24},{"not_picked":["Combust","Carnage"],"picked":"Heavy Blade","floor":31},{"not_picked":["Offering","Brutality"],"picked":"Double Tap","floor":33},{"not_picked":["Clash+1","Pommel Strike","Combust"],"picked":"SKIP","floor":35},{"not_picked":["Infernal Blade","Rage","Havoc"],"picked":"SKIP","floor":37},{"not_picked":["Corruption","Perfected Strike","Sever Soul+1"],"picked":"SKIP","floor":39},{"not_picked":["Seeing Red","Armaments+1"],"picked":"Shrug It Off","floor":41}],"player_experience":280392,"relics_obtained":[{"floor":7,"key":"Odd Mushroom"},{"floor":9,"key":"Mercury Hourglass"},{"floor":10,"key":"Matryoshka"},{"floor":26,"key":"Juzu Bracelet"},{"floor":26,"key":"Anchor"}],"event_choices":[{"cards_removed":["Strike_R"],"damage_healed":0,"gold_gain":0,"player_choice":"Offered Basic","damage_taken":0,"max_hp_gain":0,"max_hp_loss":0,"event_name":"Bonfire Elementals","floor":2,"gold_loss":0},{"cards_removed":["Strike_R"],"damage_healed":0,"gold_gain":0,"player_choice":"Card Removal","damage_taken":0,"max_hp_gain":0,"max_hp_loss":0,"event_name":"The Cleric","floor":4,"gold_loss":50},{"damage_healed":0,"gold_gain":0,"player_choice":"Fought Mushrooms","damage_taken":0,"max_hp_gain":0,"max_hp_loss":0,"event_name":"Mushrooms","floor":7,"gold_loss":0},{"damage_healed":0,"gold_gain":0,"player_choice":"Bet on Murderer","damage_taken":0,"max_hp_gain":0,"max_hp_loss":0,"event_name":"The Joust","floor":21,"gold_loss":50},{"cards_removed":["Strike_R"],"damage_healed":0,"gold_gain":0,"player_choice":"Purged","damage_taken":0,"max_hp_gain":0,"max_hp_loss":0,"event_name":"Purifier","floor":27,"gold_loss":0},{"damage_healed":0,"gold_gain":0,"player_choice":"Ignored","damage_taken":0,"max_hp_gain":0,"max_hp_loss":0,"event_name":"Ghosts","floor":29,"gold_loss":0},{"damage_healed":0,"gold_gain":0,"player_choice":"Ignored","damage_taken":0,"max_hp_gain":0,"max_hp_loss":0,"event_name":"Vampires","floor":30,"gold_loss":0},{"damage_healed":0,"gold_gain":0,"player_choice":"0 cards matched","damage_taken":0,"max_hp_gain":0,"max_hp_loss":0,"event_name":"Match and Keep!","floor":36,"gold_loss":0,"cards_obtained":[]},{"damage_healed":0,"gold_gain":100,"player_choice":"Pray","damage_taken":0,"max_hp_gain":0,"max_hp_loss":0,"event_name":"Golden Shrine","floor":38,"gold_loss":0}],"is_beta":false,"boss_relics":[{"not_picked":["Orrery","Lizard Tail"],"picked":"Cursed Key"},{"not_picked":["Busted Crown","Black Star"],"picked":"Velvet Choker"}],"items_purged_floors":[5],"is_endless":false,"potions_floor_spawned":[7,10,14,19,22,24,39],"killed_by":"Nemesis","ascension_level":12}