{"gold_per_floor":[113,128,74,84,102,132,132,164,164,176,204,216,248,260,272,360,372,396,358,389,13,33,33,59,59,59,73,105,123,123,138,138,212,212,225,243,262,262],"floor_reached":38,"playtime":3613,"items_purged":[],"score":860,"play_id":"fd9d801c-4999-4957-8544-b355c428d9be","local_time":"20190416075753","is_ascension_mode":true,"campfire_choices":[{"floor":7.0,"key":"REST"},{"data":"Bash","floor":10.0,"key":"SMITH"},{"data":"Hemokinesis","floor":12.0,"key":"SMITH"},{"data":"Combust","floor":15,"key":"SMITH"},{"data":"Whirlwind","floor":23,"key":"SMITH"},{"data":"Armaments","floor":25,"key":"SMITH"},{"data":"Immolate","floor":32,"key":"SMITH"}],"neow_cost":"NONE","seed_source_timestamp":2334945409923100,"circlet_count":0,"master_deck":["AscendersBane","Bash+1","Combust+1","Iron Wave","Burning Pact","Carnage","Headbutt","Reaper","Armaments+1","Immolate+1","Limit Break","Warcry","Pummel","Reaper+1","Flame Barrier","Pummel","Whirlwind+1","Clash","Pommel Strike","True Grit+1","Reckless Charge","Shrug It Off","Corruption","Immolate+1","Dual Wield","Thunderclap","Ghostly Armor","Dark Embrace","Warcry","Inflame"],"special_seed":0,"relics":["Burning Blood","Charon\u0027s Ashes","Centennial Puzzle","Ornamental Fan","MawBank","Vajra","Pandora\u0027s Box","PreservedInsect","Whetstone","Potion Belt","Paper Frog","FossilizedHelix","Runic Pyramid"],"potions_floor_usage":[16,22,24,33,33,33,33,33,33,33],"damage_taken":[{"damage":9.0,"enemies":"Small Slimes","floor":1.0,"turns":5.0},{"damage":1.0,"enemies":"Cultist","floor":2.0,"turns":3.0},{"damage":12.0,"enemies":"Jaw Worm","floor":4.0,"turns":4.0},{"damage":35.0,"enemies":"Exordium Thugs","floor":5.0,"turns":5.0},{"damage":34.0,"enemies":"3 Sentries","floor":6.0,"turns":5.0},{"damage":13.0,"enemies":"Gremlin Nob","floor":8.0,"turns":3.0},{"damage":9.0,"enemies":"Red Slaver","floor":11.0,"turns":2.0},{"damage":8,"enemies":"Lots of Slimes","floor":13,"turns":2},{"damage":40,"enemies":"Hexaghost","floor":16,"turns":9},{"damage":7,"enemies":"Chosen","floor":18,"turns":3},{"damage":12,"enemies":"2 Thieves","floor":20,"turns":3},{"damage":7,"enemies":"Snecko","floor":22,"turns":3},{"damage":21,"enemies":"Slavers","floor":24,"turns":3},{"damage":6,"enemies":"3 Cultists","floor":27,"turns":3},{"damage":12,"enemies":"Gremlin Leader","floor":28,"turns":4},{"damage":20,"enemies":"Sentry and Sphere","floor":29,"turns":5},{"damage":25,"enemies":"Snake Plant","floor":31,"turns":5},{"damage":80,"enemies":"Automaton","floor":33,"turns":10},{"damage":0,"enemies":"3 Darklings","floor":35,"turns":2},{"damage":0,"enemies":"Orb Walker","floor":36,"turns":2},{"damage":27,"enemies":"Maw","floor":37,"turns":8},{"damage":86,"enemies":"Transient","floor":38,"turns":6}],"seed_played":"6576046904593389910","potions_obtained":[{"floor":1.0,"key":"FearPotion"},{"floor":4.0,"key":"EssenceOfSteel"},{"floor":8.0,"key":"Block Potion"},{"floor":22,"key":"EntropicBrew"},{"floor":27,"key":"Fruit Juice"},{"floor":28,"key":"LiquidBronze"},{"floor":31,"key":"Swift Potion"},{"floor":35,"key":"EssenceOfSteel"}],"is_trial":false,"path_per_floor":["M","M","?","M","M","E","R","E","T","R","M","R","M","?","R","B",null,"M","?","M","$","M","R","E","R","T","M","E","M","?","M","R","B",null,"M","M","M","M"],"character_chosen":"IRONCLAD","items_purchased":["PreservedInsect","Whetstone","Explosive Potion"],"campfire_rested":1,"item_purchase_floors":[21,21,21],"current_hp_per_floor":[72,77,77,71,42,14,38,31,31,31,28,28,38,38,38,11,64,63,63,57,57,56,56,58,58,58,64,65,57,82,70,70,25,72,78,84,85,0],"gold":262,"neow_bonus":"TEN_PERCENT_HP_BONUS","is_prod":false,"is_daily":false,"chose_seed":false,"campfire_upgraded":6,"win_rate":0,"timestamp":1555397873,"path_taken":["M","M","?","M","M","E","R","E","T","R","?","R","M","?","R","BOSS","M","?","M","$","?","R","E","R","T","M","E","?","?","?","R","BOSS","M","M","M","M"],"build_version":"2019-01-23","purchased_purges":0,"victory":false,"max_hp_per_floor":[82,82,82,82,82,82,82,82,82,82,82,82,82,82,82,82,82,82,82,82,82,82,82,82,82,82,82,82,82,82,82,82,87,87,87,87,87,87],"card_choices":[{"not_picked":["Sever Soul","Spot Weakness"],"picked":"Combust","floor":1.0},{"not_picked":["Clash","Heavy Blade"],"picked":"Iron Wave","floor":2.0},{"not_picked":["Fire Breathing","Twin Strike"],"picked":"Hemokinesis","floor":4.0},{"not_picked":["Heavy Blade","Searing Blow"],"picked":"Burning Pact","floor":5.0},{"not_picked":["Twin Strike","Evolve"],"picked":"Carnage","floor":6.0},{"not_picked":["Perfected Strike","Thunderclap"],"picked":"Headbutt","floor":8.0},{"not_picked":["Sword Boomerang","Anger"],"picked":"Reaper","floor":11.0},{"not_picked":["Pommel Strike","Warcry"],"picked":"Armaments","floor":13},{"not_picked":["Juggernaut","Double Tap"],"picked":"Immolate","floor":16},{"not_picked":["Flex+1","Cleave"],"picked":"True Grit","floor":18},{"not_picked":["Entrench","Warcry"],"picked":"Reckless Charge","floor":20},{"not_picked":["Pummel","Pommel Strike"],"picked":"Shrug It Off","floor":22},{"not_picked":["Dual Wield","Thunderclap+1"],"picked":"Corruption","floor":24},{"not_picked":["Clothesline","Heavy Blade"],"picked":"Immolate","floor":27},{"not_picked":["Cleave","Headbutt"],"picked":"Dual Wield","floor":28},{"not_picked":["Anger","Heavy Blade"],"picked":"Thunderclap","floor":29},{"not_picked":["Body Slam","Havoc"],"picked":"Ghostly Armor","floor":31},{"not_picked":["Exhume","Reaper"],"picked":"Dark Embrace","floor":33},{"not_picked":["Body Slam+1","Sword Boomerang+1","Flame Barrier"],"picked":"SKIP","floor":35},{"not_picked":["Anger","Corruption"],"picked":"Warcry","floor":36},{"not_picked":["Clash","Sword Boomerang"],"picked":"Inflame","floor":37}],"player_experience":2754762,"relics_obtained":[{"floor":6.0,"key":"Centennial Puzzle"},{"floor":8.0,"key":"Ornamental Fan"},{"floor":9.0,"key":"MawBank"},{"floor":14,"key":"Vajra"},{"floor":24,"key":"Potion Belt"},{"floor":26,"key":"Paper Frog"},{"floor":28,"key":"FossilizedHelix"}],"event_choices":[{"damage_healed":0.0,"max_hp_gain":0.0,"max_hp_loss":0.0,"gold_gain":0.0,"event_name":"WeMeetAgain","player_choice":"Paid Gold","floor":3.0,"gold_loss":54.0,"damage_taken":0.0,"relics_obtained":["Charon\u0027s Ashes"]},{"damage_healed":0,"gold_gain":0,"player_choice":"Relic","damage_taken":0,"max_hp_gain":0,"max_hp_loss":0,"event_name":"Wheel of Change","floor":14,"gold_loss":0},{"damage_healed":0,"gold_gain":0,"player_choice":"Upgrade","damage_taken":0,"max_hp_gain":0,"max_hp_loss":0,"event_name":"Designer","floor":19,"gold_loss":50,"cards_upgraded":["True Grit"]},{"cards_removed":["Hemokinesis"],"damage_healed":25,"gold_gain":0,"player_choice":"Offered Uncommon","damage_taken":0,"max_hp_gain":0,"max_hp_loss":0,"event_name":"Bonfire Elementals","floor":30,"gold_loss":0}],"is_beta":false,"boss_relics":[{"not_picked":["Lizard Tail","Philosopher\u0027s Stone"],"picked":"Pandora\u0027s Box"},{"not_picked":["Cursed Key","Eternal Feather"],"picked":"Runic Pyramid"}],"items_purged_floors":[],"is_endless":false,"potions_floor_spawned":[1,4,8,13,22,27,28,31,35],"killed_by":"Transient","ascension_level":20}