{"gold_per_floor":[114,127,87,87,100,100,100,79,79,79,113,127,127,147,147,147],"floor_reached":16,"playtime":854,"items_purged":[],"score":207,"play_id":"37a9f1c2-1be9-4adb-9c6d-8cde38083301","local_time":"20190118025145","is_ascension_mode":true,"campfire_choices":[{"floor":7.0,"key":"REST"},{"floor":10,"key":"REST"},{"data":"Zap","floor":13,"key":"SMITH"},{"data":"Multi-Cast","floor":15,"key":"SMITH"}],"neow_cost":"PERCENT_DAMAGE","seed_source_timestamp":89868745579010,"circlet_count":0,"master_deck":["AscendersBane","Strike_B","Strike_B","Strike_B","Defend_B","Defend_B","Defend_B","Defend_B","Zap+1","Dualcast","Multi-Cast+1","Ball Lightning","Loop","Genetic Algorithm","Conserve Battery","Reinforced Body","Redo","Leap","Hologram"],"special_seed":0,"relics":["Cracked Core","Blue Candle","Strawberry"],"potions_floor_usage":[],"damage_taken":[{"damage":2.0,"enemies":"Cultist","floor":1.0,"turns":4.0},{"damage":14.0,"enemies":"Jaw Worm","floor":2.0,"turns":4.0},{"damage":9.0,"enemies":"Small Slimes","floor":5.0,"turns":3.0},{"damage":0.0,"enemies":"Gremlin Nob","floor":6.0,"turns":1.0},{"damage":18,"enemies":"Exordium Thugs","floor":8,"turns":4},{"damage":27,"enemies":"Lagavulin","floor":11,"turns":7},{"damage":1,"enemies":"3 Louse","floor":12,"turns":3},{"damage":1,"enemies":"Blue Slaver","floor":14,"turns":3},{"damage":24,"enemies":"Hexaghost","floor":16,"turns":10}],"seed_played":"6517798045500738620","potions_obtained":[{"floor":2.0,"key":"SmokeBomb"},{"floor":14,"key":"Ancient Potion"}],"is_trial":false,"path_per_floor":["M","M","$","?","M","E","R","M","T","R","E","M","R","M","R","B"],"character_chosen":"DEFECT","items_purchased":["Genetic Algorithm"],"campfire_rested":2,"item_purchase_floors":[3],"current_hp_per_floor":[44,30,30,30,21,21,42,24,24,45,25,24,24,23,23,0],"gold":147,"neow_bonus":"THREE_RARE_CARDS","is_prod":false,"is_daily":false,"chose_seed":false,"campfire_upgraded":2,"win_rate":0,"timestamp":1547776305,"path_taken":["M","M","$","?","?","E","R","M","T","R","E","M","R","M","R","BOSS"],"build_version":"2019-01-17","purchased_purges":0,"victory":false,"max_hp_per_floor":[71,71,71,71,71,71,71,71,71,71,78,78,78,78,78,78],"card_choices":[{"not_picked":["Amplify","Biased Cognition"],"picked":"Multi-Cast","floor":0.0},{"not_picked":["Stack","Gash"],"picked":"Ball Lightning","floor":1.0},{"not_picked":["Coolheaded","Chill"],"picked":"Loop","floor":2.0},{"not_picked":["Force Field","Compile Driver"],"picked":"Conserve Battery","floor":5.0},{"not_picked":["Leap","Go for the Eyes"],"picked":"Reinforced Body","floor":8},{"not_picked":["Leap","Lockon"],"picked":"Redo","floor":11},{"not_picked":["Melter","Ball Lightning"],"picked":"Leap","floor":12},{"not_picked":["Steam","Barrage"],"picked":"Hologram","floor":14}],"player_experience":495192,"relics_obtained":[{"floor":9,"key":"Blue Candle"},{"floor":11,"key":"Strawberry"}],"event_choices":[{"cards_removed":["Strike_B"],"damage_healed":0.0,"max_hp_gain":0.0,"max_hp_loss":0.0,"gold_gain":0.0,"event_name":"Purifier","player_choice":"Purged","floor":4.0,"gold_loss":0.0,"damage_taken":0.0}],"is_beta":false,"boss_relics":[],"items_purged_floors":[],"is_endless":false,"potions_floor_spawned":[2,6,14],"killed_by":"Hexaghost","ascension_level":17}