{"gold_per_floor":[113,126,126,51,51,51,70,101,101,101,113,190,190,217,217,317,317,331,1,21,21,21,47,47,67,148,148],"floor_reached":27,"playtime":757,"items_purged":["Strike_R","Strike_R"],"score":343,"play_id":"e1346b08-1fd1-41ed-acb1-b326464cbaf9","local_time":"25610725001047","is_ascension_mode":true,"campfire_choices":[{"data":"Cleave","floor":6,"key":"SMITH"},{"data":"Demon Form","floor":13,"key":"SMITH"},{"data":"Armaments","floor":15,"key":"SMITH"},{"data":"Bash","floor":24,"key":"SMITH"}],"neow_cost":"NONE","seed_source_timestamp":44955685252653,"circlet_count":0,"master_deck":["Strike_R","Strike_R","Strike_R","Defend_R","Defend_R","Defend_R","Defend_R+1","Bash+1","Cleave+1","Infernal Blade+1","Armaments+1","Demon Form+1","Sword Boomerang+1","Immolate+1","Iron Wave+1","Blood for Blood+1","Iron Wave+1","RitualDagger+1","Thunderclap+1","Cleave+1"],"relics":["Burning Blood","Art of War","Question Card","Pantograph","Molten Egg 2","Centennial Puzzle","Black Star","War Paint","Bag of Preparation","Potion Belt","The Courier"],"potions_floor_usage":[7,8,16,16,23,23,25],"damage_taken":[{"damage":1,"enemies":"Cultist","floor":1,"turns":3},{"damage":14,"enemies":"Jaw Worm","floor":2,"turns":3},{"damage":6,"enemies":"Small Slimes","floor":7,"turns":2},{"damage":34,"enemies":"3 Sentries","floor":8,"turns":7},{"damage":1,"enemies":"Exordium Wildlife","floor":11,"turns":3},{"damage":3,"enemies":"Lagavulin","floor":14,"turns":4},{"damage":21,"enemies":"Hexaghost","floor":16,"turns":7},{"damage":19,"enemies":"Shell Parasite","floor":18,"turns":3},{"damage":1,"enemies":"Spheric Guardian","floor":20,"turns":3},{"damage":19,"enemies":"Gremlin Leader","floor":23,"turns":4},{"damage":52,"enemies":"Snake Plant","floor":25,"turns":5},{"damage":14,"enemies":"Slaver and Parasite","floor":27,"turns":1}],"seed_played":"-3059252985037613831","potions_obtained":[{"floor":3,"key":"Poison Potion"},{"floor":3,"key":"SkillPotion"},{"floor":3,"key":"Fruit Juice"},{"floor":7,"key":"LiquidBronze"},{"floor":8,"key":"Weak Potion"},{"floor":11,"key":"Explosive Potion"},{"floor":16,"key":"LiquidBronze"},{"floor":20,"key":"Poison Potion"}],"is_trial":false,"path_per_floor":["M","M","?","$","?","R","M","E","T","?","M","?","R","E","R","B",null,"M","$","M","?","?","E","R","M","T"],"character_chosen":"IRONCLAD","items_purchased":["War Paint","Blood for Blood+1"],"campfire_rested":0,"item_purchase_floors":[19,19],"current_hp_per_floor":[77,69,69,69,69,69,74,46,46,43,51,51,51,54,54,64,82,69,69,74,68,68,55,55,13,13,0],"gold":148,"neow_bonus":"RANDOM_COMMON_RELIC","is_prod":false,"is_daily":false,"chose_seed":false,"campfire_upgraded":4,"win_rate":0,"timestamp":1532452247,"path_taken":["M","M","?","$","?","R","M","E","T","?","?","?","R","E","R","BOSS","M","$","M","?","?","E","R","M","T","M"],"build_version":"2018-07-19v2","purchased_purges":2,"victory":false,"max_hp_per_floor":[80,80,80,80,80,80,85,85,85,85,88,88,88,88,88,88,88,88,88,88,88,88,88,88,88,88,88],"card_choices":[{"not_picked":["Twin Strike","Headbutt"],"picked":"Cleave","floor":1},{"not_picked":["Anger","Ghostly Armor"],"picked":"Infernal Blade","floor":2},{"not_picked":["Heavy Blade","Iron Wave","Wild Strike"],"picked":"SKIP","floor":7},{"not_picked":["True Grit","Pummel"],"picked":"Armaments","floor":8},{"not_picked":["Havoc","Entrench","Shrug It Off"],"picked":"Demon Form","floor":11},{"not_picked":["Flex","Barricade","Combust"],"picked":"Sword Boomerang+1","floor":14},{"not_picked":["Berserk","Feed+1","Offering"],"picked":"Immolate+1","floor":16},{"not_picked":["Body Slam+1","Combust","Intimidate"],"picked":"Iron Wave+1","floor":18},{"not_picked":["Cleave+1","Clash+1","Flex"],"picked":"Iron Wave+1","floor":20},{"not_picked":["Anger+1","Shrug It Off","Fire Breathing"],"picked":"Thunderclap+1","floor":23},{"not_picked":["Brutality","Clash+1","Dual Wield"],"picked":"Cleave+1","floor":25}],"player_experience":133723,"relics_obtained":[{"floor":8,"key":"Question Card"},{"floor":9,"key":"Pantograph"},{"floor":14,"key":"Centennial Puzzle"},{"floor":23,"key":"Bag of Preparation"},{"floor":23,"key":"Potion Belt"},{"floor":26,"key":"The Courier"}],"event_choices":[{"event_name":"The Lab","player_choice":"Got Potions","floor":3,"damage_taken":0},{"event_name":"Liars Game","player_choice":"disagreed","floor":5,"damage_taken":0},{"event_name":"Scrap Ooze","player_choice":"success","floor":10,"damage_taken":3},{"event_name":"Golden Wing","player_choice":"Gained Gold","floor":12,"damage_taken":0},{"event_name":"Nest","player_choice":"Joined the Cult","floor":21,"damage_taken":0},{"event_name":"Ghosts","player_choice":"Ignored","floor":22,"damage_taken":0}],"is_beta":false,"boss_relics":[{"not_picked":["White Beast Statue","Lizard Tail"],"picked":"Black Star"}],"items_purged_floors":[4,19],"is_endless":false,"potions_floor_spawned":[7,8,11,16,20],"killed_by":"Slaver and Parasite","ascension_level":6}