{"gold_per_floor":[111,127,12,24,24,24,24,37,37,37,112,112,131,31,31,121,121,134,154,154,8,29,29,42,83,110,110,154,154,173,214,214,310,310,335,65,65,80,98,98,142,142,165,184,218,218,218,218,218,218,218,218,218,112,145,145],"floor_reached":57,"playtime":2570,"items_purged":["Strike_R","Strike_R","Strike_R","Strike_R"],"score":3366,"play_id":"bd86234e-77e6-4a2f-b927-569f452460b6","local_time":"20190415151648","is_ascension_mode":true,"campfire_choices":[{"data":"Armaments","floor":6.0,"key":"SMITH"},{"data":"Body Slam","floor":10.0,"key":"SMITH"},{"data":"Battle Trance","floor":12.0,"key":"SMITH"},{"data":"Shrug It Off","floor":15.0,"key":"SMITH"},{"data":"Barricade","floor":23.0,"key":"SMITH"},{"data":"PanicButton","floor":32.0,"key":"SMITH"},{"data":"Panacea","floor":40.0,"key":"SMITH"},{"data":"Entrench","floor":46.0,"key":"SMITH"},{"floor":49.0,"key":"RECALL"},{"data":"Deep Breath","floor":53.0,"key":"SMITH"}],"neow_cost":"PERCENT_DAMAGE","seed_source_timestamp":5397134145500,"circlet_count":0,"master_deck":["AscendersBane","Defend_R","Defend_R","Defend_R","Defend_R","Bash","Shrug It Off+1","Armaments+1","Metallicize","Body Slam+1","Battle Trance+1","Barricade+1","Evolve","PanicButton+1","Exhume","Panacea+1","Deep Breath+1","Power Through","Second Wind+1","Entrench+1"],"special_seed":0,"relics":["Burning Blood","Golden Idol","Pocketwatch","Coffee Dripper","Prayer Wheel","Art of War","Smiling Mask","Boot","Mark of Pain","TheAbacus","Thread and Needle","Shovel","Champion Belt"],"potions_floor_usage":[55,56],"damage_taken":[{"damage":10.0,"enemies":"Small Slimes","floor":1.0,"turns":3.0},{"damage":7.0,"enemies":"2 Louse","floor":2.0,"turns":5.0},{"damage":2.0,"enemies":"Jaw Worm","floor":4.0,"turns":7.0},{"damage":9.0,"enemies":"Exordium Wildlife","floor":8.0,"turns":7.0},{"damage":0.0,"enemies":"Looter","floor":13.0,"turns":3.0},{"damage":0.0,"enemies":"The Guardian","floor":16.0,"turns":6.0},{"damage":1.0,"enemies":"Chosen","floor":18.0,"turns":7.0},{"damage":0.0,"enemies":"3 Byrds","floor":19.0,"turns":5.0},{"damage":0.0,"enemies":"Snecko","floor":22.0,"turns":7.0},{"damage":7.0,"enemies":"3 Cultists","floor":24.0,"turns":6.0},{"damage":20.0,"enemies":"Book of Stabbing","floor":25.0,"turns":4.0},{"damage":0.0,"enemies":"Gremlin Leader","floor":28.0,"turns":6.0},{"damage":11.0,"enemies":"Snake Plant","floor":30.0,"turns":6.0},{"damage":6.0,"enemies":"Book of Stabbing","floor":31.0,"turns":5.0},{"damage":6.0,"enemies":"Automaton","floor":33.0,"turns":7.0},{"damage":0.0,"enemies":"3 Shapes","floor":35.0,"turns":6.0},{"damage":0.0,"enemies":"Orb Walker","floor":38.0,"turns":3.0},{"damage":0.0,"enemies":"4 Shapes","floor":39.0,"turns":7.0},{"damage":0.0,"enemies":"Nemesis","floor":41.0,"turns":7.0},{"damage":10.0,"enemies":"Transient","floor":44.0,"turns":6.0},{"damage":22.0,"enemies":"Reptomancer","floor":45.0,"turns":8.0},{"damage":2.0,"enemies":"Awakened One","floor":50.0,"turns":6.0},{"damage":0.0,"enemies":"Donu and Deca","floor":51.0,"turns":5.0},{"damage":0,"enemies":"Shield and Spear","floor":55,"turns":6},{"damage":44,"enemies":"The Heart","floor":56,"turns":9}],"seed_played":"4948699549375519552","potions_obtained":[{"floor":13.0,"key":"PowerPotion"},{"floor":16.0,"key":"Swift Potion"},{"floor":22.0,"key":"SpeedPotion"},{"floor":25.0,"key":"AttackPotion"},{"floor":28.0,"key":"FairyPotion"},{"floor":30.0,"key":"GamblersBrew"},{"floor":33.0,"key":"BloodPotion"},{"floor":44.0,"key":"SteroidPotion"},{"floor":55,"key":"Swift Potion"}],"is_trial":false,"path_per_floor":["M","M","$","M","?","R","?","M","T","R","?","R","M","$","R","B",null,"M","M","?","$","M","R","M","E","T","?","E","?","M","E","R","B",null,"M","$","?","M","M","R","E","?","T","M","E","R","?","?","R","B","B",null,"R","$","E","B",null],"character_chosen":"IRONCLAD","items_purchased":["Metallicize","PanicButton","PowerPotion","TheAbacus","SpeedPotion"],"campfire_rested":0,"item_purchase_floors":[3,21,21,36,54],"current_hp_per_floor":[60,59,59,63,63,63,63,60,60,60,49,49,55,55,55,61,76,81,81,81,81,81,81,80,66,66,66,72,67,62,62,62,62,76,81,81,71,81,81,81,81,81,81,77,61,61,61,61,61,65,71,76,76,76,77,39],"gold":145,"neow_bonus":"TWENTY_PERCENT_HP_BONUS","is_prod":false,"is_daily":false,"chose_seed":false,"campfire_upgraded":9,"win_rate":0,"timestamp":1555312608,"path_taken":["M","M","$","M","?","R","?","M","T","R","?","R","M","?","R","BOSS","M","M","?","$","M","R","M","E","T","?","E","?","?","E","R","BOSS","M","$","?","M","M","R","E","?","T","?","E","R","?","?","R","BOSS","BOSS","R","$","E","BOSS"],"build_version":"2019-01-23","purchased_purges":4,"victory":true,"max_hp_per_floor":[89,89,89,89,81,81,81,81,81,81,81,81,81,81,81,81,81,81,81,81,81,81,81,81,81,81,81,81,81,81,81,81,81,81,81,81,81,81,81,81,81,81,81,81,81,81,77,77,77,77,77,77,77,77,77,77],"card_choices":[{"not_picked":["Headbutt","Clothesline"],"picked":"Shrug It Off","floor":1.0},{"not_picked":["Iron Wave","Shrug It Off"],"picked":"Armaments","floor":2.0},{"not_picked":["Entrench","Sever Soul"],"picked":"Body Slam","floor":4.0},{"not_picked":["Hemokinesis","Clash"],"picked":"Battle Trance","floor":8.0},{"not_picked":["Blood for Blood","Carnage","Armaments"],"picked":"SKIP","floor":13.0},{"not_picked":["Bludgeon","Feed"],"picked":"Barricade","floor":16.0},{"not_picked":["Twin Strike","Uppercut","Wild Strike"],"picked":"SKIP","floor":18.0},{"not_picked":["Disarm","Shockwave"],"picked":"Evolve","floor":19.0},{"not_picked":["Clothesline+1","Clash","Headbutt"],"picked":"SKIP","floor":22.0},{"not_picked":["Rupture","Iron Wave","Uppercut"],"picked":"SKIP","floor":24.0},{"not_picked":["Inflame","Pommel Strike","Twin Strike"],"picked":"SKIP","floor":25.0},{"not_picked":["Thunderclap","Sword Boomerang","Shrug It Off"],"picked":"SKIP","floor":28.0},{"not_picked":["Thunderclap","Evolve","Metallicize"],"picked":"SKIP","floor":30.0},{"not_picked":["Infernal Blade","Sever Soul","Headbutt"],"picked":"SKIP","floor":30.0},{"not_picked":["Corruption","Barricade","Cleave+1"],"picked":"SKIP","floor":31.0},{"not_picked":["Bludgeon","Demon Form"],"picked":"Exhume","floor":33.0},{"not_picked":["True Grit","Corruption","Sword Boomerang"],"picked":"SKIP","floor":35.0},{"not_picked":["Thunderclap","Flex","Carnage"],"picked":"SKIP","floor":35.0},{"not_picked":["Swift Strike","Dark Shackles"],"picked":"Panacea","floor":37.0},{"not_picked":["Swift Strike","PanicButton"],"picked":"Deep Breath","floor":37.0},{"not_picked":["Body Slam","Brutality"],"picked":"Power Through","floor":38.0},{"not_picked":["Combust+1","Hemokinesis","Cleave"],"picked":"SKIP","floor":38.0},{"not_picked":["Cleave","Rage"],"picked":"Second Wind","floor":39.0},{"not_picked":["Havoc","Headbutt","Second Wind"],"picked":"SKIP","floor":39.0},{"not_picked":["Evolve","Anger","Shrug It Off"],"picked":"SKIP","floor":41.0},{"not_picked":["Flame Barrier+1","Clothesline"],"picked":"Entrench","floor":44.0},{"not_picked":["Iron Wave","Burning Pact","Clothesline"],"picked":"SKIP","floor":44.0},{"not_picked":["Shrug It Off","Perfected Strike","Battle Trance"],"picked":"SKIP","floor":45.0},{"not_picked":["Demon Form","Dual Wield+1","Armaments"],"picked":"SKIP","floor":55}],"player_experience":2976200,"relics_obtained":[{"floor":9.0,"key":"Pocketwatch"},{"floor":25.0,"key":"Prayer Wheel"},{"floor":26.0,"key":"Art of War"},{"floor":28.0,"key":"Smiling Mask"},{"floor":31.0,"key":"Boot"},{"floor":41.0,"key":"Thread and Needle"},{"floor":45.0,"key":"Shovel"},{"floor":55,"key":"Champion Belt"}],"event_choices":[{"damage_healed":0.0,"max_hp_gain":0.0,"max_hp_loss":8.0,"gold_gain":0.0,"event_name":"Golden Idol","player_choice":"Lose Max HP","floor":5.0,"gold_loss":0.0,"damage_taken":0.0,"relics_obtained":["Golden Idol"]},{"damage_healed":0.0,"max_hp_gain":0.0,"max_hp_loss":0.0,"gold_gain":0.0,"event_name":"Liars Game","player_choice":"Ignored","floor":7.0,"gold_loss":0.0,"damage_taken":0.0},{"damage_healed":0.0,"max_hp_gain":0.0,"max_hp_loss":0.0,"gold_gain":75.0,"event_name":"World of Goop","player_choice":"Gather Gold","floor":11.0,"gold_loss":0.0,"damage_taken":11.0},{"damage_healed":0.0,"max_hp_gain":0.0,"max_hp_loss":0.0,"gold_gain":0.0,"event_name":"Ghosts","player_choice":"Ignored","floor":20.0,"gold_loss":0.0,"damage_taken":0.0},{"cards_removed":["Strike_R"],"damage_healed":0.0,"max_hp_gain":0.0,"max_hp_loss":0.0,"gold_gain":0.0,"event_name":"Back to Basics","player_choice":"Elegance","floor":27.0,"gold_loss":0.0,"damage_taken":0.0},{"damage_healed":0.0,"max_hp_gain":0.0,"max_hp_loss":0.0,"gold_gain":0.0,"event_name":"The Woman in Blue","player_choice":"Bought 0 Potions","floor":29.0,"gold_loss":0.0,"damage_taken":0.0},{"damage_healed":0.0,"max_hp_gain":0.0,"max_hp_loss":0.0,"gold_gain":0.0,"event_name":"SensoryStone","player_choice":"Memory 3","floor":37.0,"gold_loss":0.0,"damage_taken":10.0},{"damage_healed":0.0,"max_hp_gain":0.0,"max_hp_loss":0.0,"gold_gain":0.0,"event_name":"Accursed Blacksmith","player_choice":"Forge","floor":42.0,"gold_loss":0.0,"damage_taken":0.0,"cards_upgraded":["Second Wind"]},{"damage_healed":0.0,"max_hp_gain":0.0,"max_hp_loss":4.0,"gold_gain":0.0,"event_name":"Winding Halls","player_choice":"Max HP","floor":47.0,"gold_loss":0.0,"damage_taken":0.0},{"damage_healed":0.0,"max_hp_gain":0.0,"max_hp_loss":0.0,"gold_gain":0.0,"event_name":"Tomb of Lord Red Mask","player_choice":"Ignored","floor":48.0,"gold_loss":0.0,"damage_taken":0.0}],"is_beta":false,"boss_relics":[{"not_picked":["Runic Dome","Fusion Hammer"],"picked":"Coffee Dripper"},{"not_picked":["Calling Bell","Orrery"],"picked":"Mark of Pain"}],"items_purged_floors":[3,14,36,54],"is_endless":false,"potions_floor_spawned":[13,16,22,25,28,30,33,44,55],"ascension_level":20}