{"gold_per_floor":[118,136,136,153,253,253,266,278,278,295,295,71,89,100,100,205,205,219,239,255,255],"floor_reached":21,"playtime":1866,"items_purged":[],"score":221,"play_id":"1f8c4cfb-1a89-44da-882b-8c2323164ad4","local_time":"20190505163122","is_ascension_mode":true,"campfire_choices":[{"data":"Infinite Blades","floor":6.0,"key":"SMITH"},{"floor":11.0,"key":"REST"},{"floor":15.0,"key":"REST"}],"neow_cost":"TEN_PERCENT_HP_LOSS","seed_source_timestamp":0,"circlet_count":0,"master_deck":["Defend_G","Defend_G","Defend_G","Defend_G","Defend_G","Strike_G","Strike_G","Strike_G","Strike_G","Strike_G","Survivor","Neutralize","Infinite Blades+1","Flying Knee","Quick Slash","Prepared","Dash","Glass Knife","Leg Sweep","Malaise","Blur","Footwork"],"special_seed":0,"relics":["Ring of the Serpent","Ice Cream","Paper Crane","Boot"],"potions_floor_usage":[21],"damage_taken":[{"damage":8.0,"enemies":"Small Slimes","floor":1.0,"turns":6.0},{"damage":0.0,"enemies":"2 Louse","floor":2.0,"turns":4.0},{"damage":0.0,"enemies":"Cultist","floor":4.0,"turns":3.0},{"damage":1.0,"enemies":"Exordium Thugs","floor":7.0,"turns":5.0},{"damage":33.0,"enemies":"Gremlin Gang","floor":8.0,"turns":9.0},{"damage":0.0,"enemies":"Lots of Slimes","floor":10.0,"turns":5.0},{"damage":0.0,"enemies":"Exordium Wildlife","floor":13.0,"turns":3.0},{"damage":0.0,"enemies":"Blue Slaver","floor":14.0,"turns":4.0},{"damage":21.0,"enemies":"The Guardian","floor":16.0,"turns":16.0},{"damage":31.0,"enemies":"Spheric Guardian","floor":18.0,"turns":7.0},{"damage":12.0,"enemies":"Shell Parasite","floor":19.0,"turns":8.0},{"damage":13.0,"enemies":"Snake Plant","floor":20.0,"turns":6.0},{"damage":16,"enemies":"Chosen and Byrds","floor":21,"turns":4}],"seed_played":"-3698410403811621843","potions_obtained":[{"floor":1.0,"key":"SteroidPotion"},{"floor":8.0,"key":"Block Potion"},{"floor":16.0,"key":"Regen Potion"},{"floor":18.0,"key":"Dexterity Potion"},{"floor":20.0,"key":"Fire Potion"}],"is_trial":false,"path_per_floor":["M","M","?","M","?","R","M","M","T","M","R","$","M","M","R","B",null,"M","M","M","M"],"character_chosen":"THE_SILENT","items_purchased":["Glass Knife","Boot"],"campfire_rested":2,"item_purchase_floors":[12,12],"current_hp_per_floor":[55,55,55,55,55,55,54,21,21,21,39,39,39,39,57,36,56,25,28,15,0],"gold":255,"neow_bonus":"ONE_RARE_RELIC","is_prod":false,"is_daily":false,"chose_seed":false,"campfire_upgraded":1,"win_rate":0,"timestamp":1557070282,"path_taken":["M","M","?","M","?","R","M","?","T","M","R","?","M","?","R","BOSS","M","M","?","M"],"build_version":"2019-01-23","purchased_purges":0,"victory":false,"max_hp_per_floor":[63,63,63,63,63,63,63,63,63,63,63,63,63,63,63,63,63,63,63,63,63],"card_choices":[{"not_picked":["Slice","Cloak And Dagger"],"picked":"Infinite Blades","floor":1.0},{"not_picked":["Backflip","Quick Slash"],"picked":"Flying Knee","floor":2.0},{"not_picked":["Outmaneuver","Wraith Form v2"],"picked":"Quick Slash","floor":4.0},{"not_picked":["Blade Dance","Quick Slash"],"picked":"Prepared","floor":7.0},{"not_picked":["PiercingWail","Backflip","Cloak And Dagger"],"picked":"SKIP","floor":8.0},{"not_picked":["Acrobatics","Eviscerate"],"picked":"Dash","floor":10.0},{"not_picked":["Dodge and Roll","Deadly Poison"],"picked":"Leg Sweep","floor":13.0},{"not_picked":["Backstab","Terror","Dagger Spray"],"picked":"SKIP","floor":14.0},{"not_picked":["Envenom","Doppelganger"],"picked":"Malaise","floor":16.0},{"not_picked":["Sucker Punch","Dagger Spray","Acrobatics+1"],"picked":"SKIP","floor":18.0},{"not_picked":["Sucker Punch","Catalyst"],"picked":"Blur","floor":19.0},{"not_picked":["PiercingWail+1","Acrobatics"],"picked":"Footwork","floor":20.0}],"player_experience":745818,"relics_obtained":[{"floor":9.0,"key":"Paper Crane"}],"event_choices":[{"damage_healed":0.0,"max_hp_gain":0.0,"max_hp_loss":0.0,"gold_gain":0.0,"event_name":"Scrap Ooze","player_choice":"Fled","floor":3.0,"gold_loss":0.0,"damage_taken":0.0},{"damage_healed":0.0,"max_hp_gain":0.0,"max_hp_loss":0.0,"gold_gain":100.0,"event_name":"Golden Shrine","player_choice":"Pray","floor":5.0,"gold_loss":0.0,"damage_taken":0.0}],"is_beta":false,"boss_relics":[{"not_picked":["Ectoplasm","Black Star"],"picked":"Ring of the Serpent"}],"items_purged_floors":[],"is_endless":false,"potions_floor_spawned":[1,8,16,18,20],"killed_by":"Chosen and Byrds","ascension_level":5}