{"gold_per_floor":[118,43,43,43,43,71,71,103,115,160,188,200,222,249,261,376,388,410,440,467,579,610,622,188,199,199,231,231,231,246,260,260,260],"floor_reached":33,"playtime":905,"items_purged":["Strike_R","Strike_R"],"score":463,"play_id":"71591b51-b14d-4dba-812d-1035a2a93957","local_time":"25610723033207","is_ascension_mode":true,"campfire_choices":[{"data":"Rampage","floor":7,"key":"SMITH"},{"data":"Spot Weakness","floor":12,"key":"SMITH"},{"data":"Double Tap","floor":15,"key":"SMITH"},{"floor":23,"key":"REST"},{"floor":28,"key":"REST"},{"floor":32,"key":"REST"}],"neow_cost":"NONE","seed_source_timestamp":63455396824964,"circlet_count":0,"master_deck":["Strike_R","Strike_R","Defend_R","Defend_R","Defend_R","Bash","Rampage+1","Clash","Spot Weakness+1","Double Tap+1","Flex","Ghostly Armor","Feed","Thunderclap+1","Ghostly Armor+1"],"relics":["Burning Blood","NeowsBlessing","Orichalcum","Incense Burner","MawBank","Bottled Flame","Pen Nib","Lizard Tail","Bag of Marbles","Lee\u0027s Waffle","Pantograph","Prayer Wheel"],"potions_floor_usage":[10,16,16,16,19,27,27,30],"damage_taken":[{"damage":0,"enemies":"Jaw Worm","floor":1,"turns":1},{"damage":0,"enemies":"3 Sentries","floor":6,"turns":1},{"damage":0,"enemies":"Lagavulin","floor":8,"turns":1},{"damage":22,"enemies":"Gremlin Nob","floor":10,"turns":4},{"damage":0,"enemies":"Cultist","floor":11,"turns":3},{"damage":0,"enemies":"2 Louse","floor":13,"turns":2},{"damage":8,"enemies":"Blue Slaver","floor":14,"turns":2},{"damage":27,"enemies":"Hexaghost","floor":16,"turns":6},{"damage":19,"enemies":"2 Thieves","floor":18,"turns":4},{"damage":6,"enemies":"3 Byrds","floor":19,"turns":5},{"damage":16,"enemies":"Snecko","floor":20,"turns":5},{"damage":37,"enemies":"Snake Plant","floor":22,"turns":4},{"damage":41,"enemies":"Sentry and Sphere","floor":25,"turns":6},{"damage":62,"enemies":"Slavers","floor":27,"turns":9},{"damage":31,"enemies":"Centurion and Healer","floor":30,"turns":5},{"damage":12,"enemies":"3 Cultists","floor":31,"turns":5},{"damage":48,"enemies":"Automaton","floor":33,"turns":8}],"seed_played":"8669826292952770779","potions_obtained":[{"floor":1,"key":"SpeedPotion"},{"floor":3,"key":"SmokeBomb"},{"floor":3,"key":"Regen Potion"},{"floor":10,"key":"AttackPotion"},{"floor":11,"key":"AttackPotion"},{"floor":18,"key":"SteroidPotion"},{"floor":22,"key":"SpeedPotion"},{"floor":25,"key":"Regen Potion"},{"floor":27,"key":"SpeedPotion"}],"is_trial":false,"path_per_floor":["M","$","?","?","?","E","R","E","T","E","M","R","M","M","R","B",null,"M","M","M","?","M","R","$","M","T","E","R","?","M","M","R"],"character_chosen":"IRONCLAD","items_purchased":["Bag of Marbles","Lee\u0027s Waffle"],"campfire_rested":3,"item_purchase_floors":[24,24],"current_hp_per_floor":[78,78,78,78,71,77,77,80,80,64,70,70,76,74,74,65,76,66,69,59,59,28,53,93,61,61,20,48,48,26,20,49,26],"gold":260,"neow_bonus":"THREE_ENEMY_KILL","is_prod":false,"is_daily":false,"chose_seed":false,"campfire_upgraded":3,"win_rate":0,"timestamp":1532291527,"path_taken":["M","$","?","?","?","E","R","E","T","E","?","R","M","M","R","BOSS","M","M","M","?","?","R","$","M","T","E","R","?","M","M","R","BOSS"],"build_version":"2018-07-19v2","purchased_purges":2,"victory":false,"max_hp_per_floor":[80,80,80,80,80,80,80,80,80,80,80,80,80,80,80,80,80,83,86,86,86,86,86,93,96,96,96,96,96,99,99,99,99],"card_choices":[{"not_picked":["Ghostly Armor","Twin Strike"],"picked":"Rampage","floor":1},{"not_picked":["Rupture","Shockwave"],"picked":"Clash","floor":6},{"not_picked":["Twin Strike","Wild Strike"],"picked":"Spot Weakness","floor":8},{"not_picked":["Heavy Blade","Cleave"],"picked":"Double Tap","floor":10},{"not_picked":["Bloodletting","Perfected Strike"],"picked":"Flex","floor":11},{"not_picked":["Rage","Sword Boomerang","Headbutt"],"picked":"SKIP","floor":13},{"not_picked":["Clothesline","Dropkick"],"picked":"Ghostly Armor","floor":14},{"not_picked":["Bludgeon","Dark Embrace"],"picked":"Feed","floor":16},{"not_picked":["Body Slam","Flame Barrier","Rupture"],"picked":"SKIP","floor":18},{"not_picked":["Shrug It Off","Flex","Body Slam"],"picked":"SKIP","floor":19},{"not_picked":["Clothesline","Headbutt","Clash"],"picked":"SKIP","floor":20},{"not_picked":["Warcry","Inflame","Dropkick"],"picked":"SKIP","floor":22},{"not_picked":["Twin Strike","Iron Wave","Armaments"],"picked":"SKIP","floor":25},{"not_picked":["Twin Strike+1","Thunderclap","Offering"],"picked":"SKIP","floor":27},{"not_picked":["Perfected Strike","Havoc","Iron Wave"],"picked":"SKIP","floor":30},{"not_picked":["Sentinel","Searing Blow","Pommel Strike+1"],"picked":"SKIP","floor":30},{"not_picked":["Ghostly Armor","Rupture"],"picked":"Thunderclap+1","floor":31},{"not_picked":["Dual Wield","Warcry"],"picked":"Ghostly Armor+1","floor":31}],"player_experience":126522,"relics_obtained":[{"floor":6,"key":"Incense Burner"},{"floor":8,"key":"MawBank"},{"floor":9,"key":"Bottled Flame"},{"floor":10,"key":"Pen Nib"},{"floor":26,"key":"Pantograph"},{"floor":27,"key":"Prayer Wheel"}],"event_choices":[{"event_name":"The Lab","player_choice":"Got Potions","floor":3,"damage_taken":0},{"event_name":"Living Wall","player_choice":"Forget","floor":4,"damage_taken":0},{"event_name":"Scrap Ooze","player_choice":"success","floor":5,"damage_taken":7},{"event_name":"Golden Shrine","player_choice":"Pray","floor":21,"damage_taken":0},{"event_name":"Back to Basics","player_choice":"Elegance","floor":29,"damage_taken":0}],"is_beta":false,"boss_relics":[{"not_picked":["Runic Cube","White Beast Statue"],"picked":"Lizard Tail"}],"items_purged_floors":[2,24],"is_endless":false,"potions_floor_spawned":[1,10,11,18,22,25,27],"killed_by":"Automaton","ascension_level":6}