{"gold_per_floor":[113,44,44,44,68,108,127,196,270,308,326,364,364,383,383,508,508,533,3,27,50,50,386,386,417,417,458,483,483,483,548,548,676,676,689,203,203,216,216,250,274,287,287,308,321,321,354,99,99,99],"floor_reached":51,"playtime":1764,"items_purged":[],"score":1005,"play_id":"540c6348-150a-4153-a8e5-8d84136decea","local_time":"20181115175404","is_ascension_mode":false,"campfire_choices":[{"data":"Armaments","floor":15,"key":"SMITH"},{"floor":24,"key":"REST"},{"floor":29,"key":"REST"},{"floor":32,"key":"REST"},{"floor":46,"key":"REST"},{"floor":49,"key":"REST"}],"neow_cost":"NONE","seed_source_timestamp":35531071135056,"circlet_count":0,"master_deck":["Strike_R+1","Strike_R","Strike_R+1","Strike_R","Defend_R","Defend_R","Defend_R","Defend_R","Bash","Pommel Strike","Inflame","Heavy Blade","Shockwave","Armaments+1","Iron Wave","Flame Barrier","Metallicize","True Grit","Cleave","Double Tap","Twin Strike","Armaments","Spot Weakness","Perfected Strike+1","Perfected Strike+1","Battle Trance+1","Pommel Strike+1","Necronomicurse","Twin Strike+1","Pommel Strike+1","Immolate+1","Whirlwind+1","Iron Wave","Uppercut+1","Twin Strike+1","Pommel Strike+1","Dropkick+1","Disarm+1","Twin Strike+1","True Grit+1","Discovery+1","Finesse+1"],"relics":["Burning Blood","Golden Idol","PreservedInsect","Gambling Chip","Letter Opener","The Courier","Pen Nib","Fusion Hammer","Molten Egg 2","Whetstone","Gremlin Horn","Old Coin","Dream Catcher","Self Forming Clay","Pantograph","Necronomicon","Tiny Chest","Lizard Tail","Kunai","Potion Belt","ClockworkSouvenir","Pear","Anchor","Toxic Egg 2","MawBank"],"potions_floor_usage":[8,27,33,42,50,50,50,50,50,50,50,50,50],"damage_taken":[{"damage":0,"enemies":"Small Slimes","floor":1,"turns":4},{"damage":1,"enemies":"Jaw Worm","floor":5,"turns":4},{"damage":43,"enemies":"3 Sentries","floor":6,"turns":8},{"damage":0,"enemies":"Cultist","floor":7,"turns":3},{"damage":1,"enemies":"Gremlin Nob","floor":8,"turns":3},{"damage":8,"enemies":"Lagavulin","floor":10,"turns":5},{"damage":10,"enemies":"Exordium Thugs","floor":11,"turns":7},{"damage":9,"enemies":"3 Sentries","floor":12,"turns":6},{"damage":9,"enemies":"Blue Slaver","floor":14,"turns":3},{"damage":34,"enemies":"The Guardian","floor":16,"turns":11},{"damage":5,"enemies":"Spheric Guardian","floor":18,"turns":3},{"damage":10,"enemies":"2 Thieves","floor":20,"turns":5},{"damage":14,"enemies":"Shelled Parasite and Fungi","floor":21,"turns":5},{"damage":3,"enemies":"Book of Stabbing","floor":23,"turns":3},{"damage":0,"enemies":"Gremlin Leader","floor":25,"turns":4},{"damage":12,"enemies":"Slavers","floor":27,"turns":3},{"damage":6,"enemies":"Centurion and Healer","floor":28,"turns":5},{"damage":8,"enemies":"Book of Stabbing","floor":31,"turns":2},{"damage":17,"enemies":"Champ","floor":33,"turns":5},{"damage":2,"enemies":"3 Shapes","floor":35,"turns":2},{"damage":0,"enemies":"Orb Walker","floor":38,"turns":1},{"damage":36,"enemies":"Nemesis","floor":40,"turns":7},{"damage":0,"enemies":"4 Shapes","floor":41,"turns":3},{"damage":12,"enemies":"Maw","floor":42,"turns":4},{"damage":0,"enemies":"3 Darklings","floor":44,"turns":2},{"damage":0,"enemies":"Writhing Mass","floor":45,"turns":2},{"damage":0,"enemies":"Reptomancer","floor":47,"turns":1},{"damage":26,"enemies":"Donu and Deca","floor":50,"turns":4}],"seed_played":"-4835612971414183182","potions_obtained":[{"floor":5,"key":"Swift Potion"},{"floor":7,"key":"Fire Potion"},{"floor":14,"key":"Ancient Potion"},{"floor":16,"key":"Weak Potion"},{"floor":18,"key":"SteroidPotion"},{"floor":27,"key":"Poison Potion"},{"floor":35,"key":"Energy Potion"},{"floor":44,"key":"GamblersBrew"},{"floor":45,"key":"SpeedPotion"}],"is_trial":false,"path_per_floor":["M","$","?","?","M","E","M","?","T","E","M","E","?","M","R","B",null,"M","$","M","M","?","E","R","E","T","E","M","R","?","E","R","B",null,"M","$","?","M","T","E","M","M","T","M","M","R","E","$","R","B",null],"character_chosen":"IRONCLAD","items_purchased":["Inflame","Molten Egg 2","Whetstone","Gremlin Horn","Kunai","Potion Belt","ClockworkSouvenir","PowerPotion","EntropicBrew","Discovery+1","Finesse+1"],"campfire_rested":5,"item_purchase_floors":[2,19,19,19,36,36,36,48,48,48,48],"current_hp_per_floor":[88,88,81,81,81,44,50,55,55,53,49,46,46,43,43,15,81,81,81,77,69,69,72,81,81,81,75,75,81,65,63,81,70,81,81,81,81,81,91,61,67,61,61,67,73,91,91,91,91,71],"gold":99,"neow_bonus":"TEN_PERCENT_HP_BONUS","is_prod":false,"is_daily":false,"chose_seed":false,"campfire_upgraded":1,"win_rate":0,"timestamp":1542333244,"path_taken":["M","$","?","?","M","E","M","?","T","E","M","E","?","M","R","BOSS","M","?","M","?","?","E","R","E","T","E","M","R","?","E","R","BOSS","M","$","?","?","?","E","?","M","T","M","M","R","E","$","R","BOSS"],"build_version":"2018-11-15","purchased_purges":0,"victory":true,"max_hp_per_floor":[88,88,88,81,81,81,81,81,81,81,81,81,81,81,81,81,81,81,81,81,81,81,81,81,81,81,81,81,81,81,81,81,81,81,81,81,81,81,91,91,91,91,91,91,91,91,91,91,91,91],"card_choices":[{"not_picked":["Perfected Strike","True Grit"],"picked":"Pommel Strike","floor":1},{"not_picked":["Power Through","Thunderclap"],"picked":"Heavy Blade","floor":5},{"not_picked":["Sword Boomerang","Armaments"],"picked":"Shockwave","floor":6},{"not_picked":["Second Wind","Hemokinesis"],"picked":"Armaments","floor":7},{"not_picked":["Flex","Armaments"],"picked":"Iron Wave","floor":8},{"not_picked":["Pommel Strike","Body Slam"],"picked":"Flame Barrier","floor":10},{"not_picked":["Flex","Sentinel"],"picked":"Metallicize","floor":11},{"not_picked":["Hemokinesis","Clothesline"],"picked":"True Grit","floor":12},{"not_picked":["Burning Pact","Shockwave"],"picked":"Cleave","floor":14},{"not_picked":["Juggernaut","Berserk"],"picked":"Double Tap","floor":16},{"not_picked":["Shrug It Off","Flex+1"],"picked":"Twin Strike","floor":18},{"not_picked":["Twin Strike+1","Bludgeon+1","Warcry"],"picked":"SKIP","floor":20},{"not_picked":["True Grit","Cleave+1"],"picked":"Armaments","floor":21},{"not_picked":["Clothesline+1","Bloodletting"],"picked":"Perfected Strike+1","floor":23},{"not_picked":["Headbutt+1","Iron Wave+1"],"picked":"Perfected Strike+1","floor":25},{"not_picked":["Wild Strike+1","Warcry"],"picked":"Anger+1","floor":27},{"not_picked":["Metallicize","Armaments"],"picked":"Battle Trance+1","floor":28},{"not_picked":["Shrug It Off","Clothesline+1"],"picked":"Pommel Strike+1","floor":29},{"not_picked":["Rage+1","Heavy Blade+1"],"picked":"Twin Strike+1","floor":31},{"not_picked":["Berserk","Wild Strike+1"],"picked":"Pommel Strike+1","floor":32},{"not_picked":["Offering","Feed+1"],"picked":"Immolate+1","floor":33},{"not_picked":["Sword Boomerang+1","Dropkick+1"],"picked":"Whirlwind+1","floor":35},{"not_picked":["Carnage+1","Warcry+1"],"picked":"Uppercut+1","floor":38},{"not_picked":["Berserk","Anger+1"],"picked":"Twin Strike+1","floor":40},{"not_picked":["Thunderclap+1","Rampage+1"],"picked":"Pommel Strike+1","floor":41},{"not_picked":["Sword Boomerang+1","Burning Pact","Body Slam+1"],"picked":"SKIP","floor":42},{"not_picked":["Flex+1","Iron Wave+1"],"picked":"Dropkick+1","floor":44},{"not_picked":["Body Slam+1","Combust"],"picked":"Disarm+1","floor":45},{"not_picked":["Double Tap+1","Dropkick+1"],"picked":"Twin Strike+1","floor":46},{"not_picked":["Headbutt+1","Rupture+1"],"picked":"True Grit+1","floor":47}],"player_experience":1635552,"relics_obtained":[{"floor":6,"key":"PreservedInsect"},{"floor":8,"key":"Gambling Chip"},{"floor":9,"key":"Letter Opener"},{"floor":10,"key":"The Courier"},{"floor":12,"key":"Pen Nib"},{"floor":23,"key":"Old Coin"},{"floor":25,"key":"Dream Catcher"},{"floor":26,"key":"Self Forming Clay"},{"floor":27,"key":"Pantograph"},{"floor":30,"key":"Necronomicon"},{"floor":31,"key":"Tiny Chest"},{"floor":39,"key":"Pear"},{"floor":40,"key":"Anchor"},{"floor":43,"key":"Toxic Egg 2"},{"floor":47,"key":"MawBank"}],"event_choices":[{"cards_removed":["Strike_R"],"damage_healed":0,"gold_gain":0,"player_choice":"Card Removal","damage_taken":7,"max_hp_gain":0,"max_hp_loss":0,"event_name":"Golden Wing","floor":3,"gold_loss":0},{"damage_healed":0,"gold_gain":0,"player_choice":"Lose Max HP","damage_taken":0,"relics_obtained":["Golden Idol"],"max_hp_gain":0,"max_hp_loss":7,"event_name":"Golden Idol","floor":4,"gold_loss":0},{"damage_healed":0,"gold_gain":30,"player_choice":"Searched \u00272\u0027 times","damage_taken":0,"max_hp_gain":0,"max_hp_loss":0,"event_name":"Dead Adventurer","floor":8,"gold_loss":0},{"damage_healed":0,"gold_gain":0,"player_choice":"0 cards matched","damage_taken":0,"max_hp_gain":0,"max_hp_loss":0,"event_name":"Match and Keep!","floor":13,"gold_loss":0,"cards_obtained":[]},{"damage_healed":0,"gold_gain":0,"player_choice":"Read","damage_taken":0,"max_hp_gain":0,"max_hp_loss":0,"event_name":"The Library","floor":22,"gold_loss":0,"cards_obtained":["Spot Weakness"]},{"damage_healed":0,"gold_gain":0,"player_choice":"Obtained Book","damage_taken":16,"max_hp_gain":0,"max_hp_loss":0,"event_name":"Cursed Tome","floor":30,"gold_loss":0},{"cards_removed":["Anger"],"damage_healed":0,"gold_gain":0,"player_choice":"Took Card","damage_taken":0,"max_hp_gain":0,"max_hp_loss":0,"event_name":"NoteForYourself","floor":37,"gold_loss":0,"cards_obtained":["Iron Wave"]}],"is_beta":false,"boss_relics":[{"not_picked":["Ectoplasm","Runic Pyramid"],"picked":"Fusion Hammer"},{"not_picked":["Runic Cube","Snecko Eye"],"picked":"Lizard Tail"}],"items_purged_floors":[],"is_endless":false,"potions_floor_spawned":[5,7,14,16,18,20,25,27,31,35,44,45],"ascension_level":0}