{"gold_per_floor":[113,38,38,56,56,56,69,69,99,99,130,140,154,186,186,263,263,274,274,289,305,26,26,26,54,106,106,122,153,49,69,69,145,145,161,161,173,173,193,193,71,96,120,140,140,157,174,199,199,199,199,199,199,33,66,66],"floor_reached":57,"playtime":4329,"items_purged":["Strike_B","Strike_B","Strike_B","Defend_B","Defend_B"],"score":3274,"play_id":"516d0f13-270f-43ee-b015-95d8ac97a9b7","local_time":"20190314013439","is_ascension_mode":true,"campfire_choices":[{"data":"Biased Cognition","floor":6.0,"key":"SMITH"},{"data":"Zap","floor":8.0,"key":"SMITH"},{"data":"Turbo","floor":15.0,"key":"SMITH"},{"data":"Coolheaded","floor":23.0,"key":"SMITH"},{"data":"Ghostly","floor":27.0,"key":"SMITH"},{"data":"Echo Form","floor":32.0,"key":"SMITH"},{"data":"Fission","floor":40.0,"key":"SMITH"},{"data":"Forethought","floor":45.0,"key":"SMITH"},{"floor":49.0,"key":"RECALL"},{"data":"Skim","floor":53.0,"key":"SMITH"}],"neow_cost":"TEN_PERCENT_HP_LOSS","seed_source_timestamp":22825876507300,"circlet_count":0,"master_deck":["AscendersBane","Defend_B","Defend_B","Zap+1","Dualcast+1","Core Surge","Beam Cell","Biased Cognition+1","Turbo+1","Skim+1","Cold Snap","Barrage","All For One","Echo Form+1","Ghostly+1","Ghostly","Ghostly","Coolheaded+1","Capacitor","Self Repair","Glacier","Fission+1","Reinforced Body","Hologram+1","Forethought+1","Purity"],"special_seed":0,"relics":["Cracked Core","FaceOfCleric","Tiny Chest","Calipers","Shuriken","Runic Pyramid","Membership Card","Turnip","Orichalcum","Strawberry","Runic Dome","Cables","Thread and Needle","Boot"],"potions_floor_usage":[56,56],"damage_taken":[{"damage":1.0,"enemies":"2 Louse","floor":1.0,"turns":3.0},{"damage":2.0,"enemies":"Jaw Worm","floor":4.0,"turns":3.0},{"damage":6.0,"enemies":"Cultist","floor":7.0,"turns":3.0},{"damage":20.0,"enemies":"Lagavulin","floor":11.0,"turns":5.0},{"damage":7.0,"enemies":"2 Fungi Beasts","floor":12.0,"turns":3.0},{"damage":1.0,"enemies":"Lots of Slimes","floor":13.0,"turns":3.0},{"damage":0.0,"enemies":"Gremlin Nob","floor":14.0,"turns":2.0},{"damage":0.0,"enemies":"Slime Boss","floor":16.0,"turns":5.0},{"damage":16.0,"enemies":"2 Thieves","floor":18.0,"turns":3.0},{"damage":0.0,"enemies":"Chosen","floor":20.0,"turns":4.0},{"damage":0.0,"enemies":"Centurion and Healer","floor":21.0,"turns":5.0},{"damage":8.0,"enemies":"Slavers","floor":25.0,"turns":5.0},{"damage":0.0,"enemies":"3 Cultists","floor":28.0,"turns":6.0},{"damage":12.0,"enemies":"Gremlin Leader","floor":29.0,"turns":6.0},{"damage":4.0,"enemies":"Snake Plant","floor":31.0,"turns":5.0},{"damage":0.0,"enemies":"Champ","floor":33.0,"turns":11.0},{"damage":10.0,"enemies":"Orb Walker","floor":35.0,"turns":6.0},{"damage":15.0,"enemies":"3 Darklings","floor":37.0,"turns":6.0},{"damage":5.0,"enemies":"Maw","floor":39.0,"turns":7.0},{"damage":0.0,"enemies":"Giant Head","floor":42.0,"turns":8.0},{"damage":2.0,"enemies":"Sphere and 2 Shapes","floor":44.0,"turns":6.0},{"damage":2.0,"enemies":"4 Shapes","floor":46.0,"turns":7.0},{"damage":0.0,"enemies":"Writhing Mass","floor":47.0,"turns":7.0},{"damage":0.0,"enemies":"Reptomancer","floor":48.0,"turns":8.0},{"damage":35.0,"enemies":"Awakened One","floor":50.0,"turns":14.0},{"damage":0.0,"enemies":"Time Eater","floor":51.0,"turns":15.0},{"damage":0.0,"enemies":"Shield and Spear","floor":55.0,"turns":8.0},{"damage":44,"enemies":"The Heart","floor":56,"turns":14}],"seed_played":"5251366318498884433","potions_obtained":[{"floor":11.0,"key":"Dexterity Potion"},{"floor":12.0,"key":"GamblersBrew"},{"floor":13.0,"key":"EntropicBrew"},{"floor":20.0,"key":"Fire Potion"},{"floor":25.0,"key":"Explosive Potion"},{"floor":29.0,"key":"Fire Potion"},{"floor":33.0,"key":"Swift Potion"},{"floor":42.0,"key":"Ancient Potion"}],"is_trial":false,"path_per_floor":["M","$","?","M","?","R","M","R","T","?","E","M","M","E","R","B",null,"M","?","M","M","$","R","?","E","T","R","M","E","$","M","R","B",null,"M","?","M","?","M","R","$","E","T","M","R","M","M","E","R","B","B",null,"R","$","E","B",null],"character_chosen":"DEFECT","items_purchased":["Membership Card","Coolheaded","Self Repair","Forethought","Purity","PowerPotion"],"campfire_rested":0,"item_purchase_floors":[22,22,30,41,54,54],"current_hp_per_floor":[63,63,56,54,54,54,49,49,49,49,30,24,24,25,25,26,59,44,35,36,37,37,37,37,30,30,30,31,27,27,38,38,49,49,50,47,47,47,49,49,49,50,50,51,51,52,53,54,54,27,42,53,53,53,57,21],"gold":66,"neow_bonus":"THREE_RARE_CARDS","is_prod":false,"is_daily":false,"chose_seed":true,"campfire_upgraded":9,"win_rate":0,"timestamp":1552498479,"path_taken":["M","$","?","M","?","R","?","R","T","?","E","?","M","E","R","BOSS","M","?","M","M","$","R","?","E","T","R","M","E","?","M","R","BOSS","M","?","M","?","M","R","$","E","T","M","R","M","?","E","R","BOSS","BOSS","R","$","E","BOSS"],"build_version":"2019-01-23","purchased_purges":5,"victory":true,"max_hp_per_floor":[64,64,64,64,64,64,65,65,65,65,66,67,68,69,69,70,70,71,35,36,37,37,37,37,38,38,38,39,47,47,48,48,49,49,50,47,48,48,49,49,49,50,50,51,51,52,53,54,54,55,56,56,56,56,57,58],"card_choices":[{"not_picked":["Reboot","Fission"],"picked":"Core Surge","floor":0.0},{"not_picked":["Go for the Eyes","Gash"],"picked":"Beam Cell","floor":1.0},{"not_picked":["Stack","Go for the Eyes"],"picked":"Biased Cognition","floor":4.0},{"not_picked":["Fusion","Steam"],"picked":"Turbo","floor":7.0},{"not_picked":["Hello World","Recycle"],"picked":"Skim","floor":11.0},{"not_picked":["Leap","Gash"],"picked":"Cold Snap","floor":12.0},{"not_picked":["Beam Cell","Go for the Eyes"],"picked":"Barrage","floor":13.0},{"not_picked":["Scrape","Sweeping Beam"],"picked":"All For One","floor":14.0},{"not_picked":["Biased Cognition","All For One"],"picked":"Echo Form","floor":16.0},{"not_picked":["Stack","Steam+1","Streamline"],"picked":"SKIP","floor":18.0},{"not_picked":["Turbo+1","Gash","Auto Shields"],"picked":"SKIP","floor":20.0},{"not_picked":["Turbo+1","Gash","Auto Shields"],"picked":"SKIP","floor":20.0},{"not_picked":["Compile Driver","Beam Cell","Gash+1"],"picked":"SKIP","floor":21.0},{"not_picked":["Auto Shields","Doom and Gloom","Lockon"],"picked":"SKIP","floor":25.0},{"not_picked":["Reprogram","Hologram"],"picked":"Capacitor","floor":28.0},{"not_picked":["Skim","Hologram","Biased Cognition"],"picked":"SKIP","floor":29.0},{"not_picked":["Stack","Cold Snap"],"picked":"Glacier","floor":31.0},{"not_picked":["Rainbow","Hyperbeam"],"picked":"Fission","floor":33.0},{"not_picked":["Beam Cell+1","Turbo+1","Static Discharge"],"picked":"SKIP","floor":35.0},{"not_picked":["Gash","Steam Power"],"picked":"Reinforced Body","floor":37.0},{"not_picked":["White Noise","Hologram+1","Turbo"],"picked":"SKIP","floor":39.0},{"not_picked":["White Noise","Turbo"],"picked":"Hologram+1","floor":39.0},{"not_picked":["Beam Cell","Rebound+1","Ball Lightning"],"picked":"SKIP","floor":42.0},{"not_picked":["Beam Cell","Rebound+1","Ball Lightning"],"picked":"SKIP","floor":42.0},{"not_picked":["Turbo","Static Discharge","Cold Snap"],"picked":"SKIP","floor":44.0},{"not_picked":["Turbo","Static Discharge","Cold Snap"],"picked":"SKIP","floor":44.0},{"not_picked":["Loop","Biased Cognition","Static Discharge"],"picked":"SKIP","floor":46.0},{"not_picked":["Gash","Conserve Battery","Stack"],"picked":"SKIP","floor":47.0},{"not_picked":["Coolheaded","Fission","Ball Lightning"],"picked":"SKIP","floor":48.0},{"not_picked":["Rebound","Coolheaded","Glacier"],"picked":"SKIP","floor":55.0}],"player_experience":2819334,"relics_obtained":[{"floor":9.0,"key":"Tiny Chest"},{"floor":11.0,"key":"Calipers"},{"floor":14.0,"key":"Shuriken"},{"floor":25.0,"key":"Turnip"},{"floor":26.0,"key":"Orichalcum"},{"floor":29.0,"key":"Strawberry"},{"floor":42.0,"key":"Cables"},{"floor":48.0,"key":"Thread and Needle"},{"floor":55.0,"key":"Boot"}],"event_choices":[{"cards_removed":["Strike_B"],"damage_healed":0.0,"max_hp_gain":0.0,"max_hp_loss":0.0,"gold_gain":0.0,"event_name":"Golden Wing","player_choice":"Card Removal","floor":3.0,"gold_loss":0.0,"damage_taken":7.0},{"damage_healed":0.0,"max_hp_gain":0.0,"max_hp_loss":0.0,"gold_gain":0.0,"event_name":"FaceTrader","player_choice":"Trade","floor":5.0,"gold_loss":0.0,"damage_taken":0.0,"relics_obtained":["FaceOfCleric"]},{"damage_healed":0.0,"max_hp_gain":0.0,"max_hp_loss":0.0,"gold_gain":0.0,"event_name":"Accursed Blacksmith","player_choice":"Forge","floor":10.0,"gold_loss":0.0,"damage_taken":0.0,"cards_upgraded":["Dualcast"]},{"damage_healed":0.0,"max_hp_gain":0.0,"max_hp_loss":36.0,"gold_gain":0.0,"event_name":"Ghosts","player_choice":"Became a Ghost","floor":19.0,"gold_loss":0.0,"damage_taken":0.0,"cards_obtained":["Ghostly","Ghostly","Ghostly"]},{"damage_healed":0.0,"max_hp_gain":0.0,"max_hp_loss":3.0,"gold_gain":0.0,"event_name":"Winding Halls","player_choice":"Max HP","floor":36.0,"gold_loss":0.0,"damage_taken":0.0},{"damage_healed":0.0,"max_hp_gain":0.0,"max_hp_loss":0.0,"gold_gain":0.0,"event_name":"Lab","player_choice":"Got Potions","floor":38.0,"gold_loss":0.0,"damage_taken":0.0}],"is_beta":false,"boss_relics":[{"not_picked":["Inserter","Pandora\u0027s Box"],"picked":"Runic Pyramid"},{"not_picked":["Cursed Key","Busted Crown"],"picked":"Runic Dome"}],"items_purged_floors":[2,22,30,41,54],"is_endless":false,"potions_floor_spawned":[11,12,13,20,25,29,33,42,44,46],"ascension_level":20}