{"gold_per_floor":[111,111,128,128,139,139,168,168,244,276,276,306,7,19,19,93,93,66,85,10,29,29,29,66,78,169,181,212,235,264,307,319,402,414,445,484,506,535,66,101,101,136,436,462,462,492,492,392,392,392,392,392,392,42,73,73],"floor_reached":57,"playtime":3117,"items_purged":["Strike_B","Strike_B"],"score":3602,"play_id":"66679d31-abef-49c9-83ef-3f72b7814b00","local_time":"20190508213226","is_ascension_mode":true,"campfire_choices":[{"data":"Doom and Gloom","floor":6.0,"key":"SMITH"},{"data":"Biased Cognition","floor":8.0,"key":"SMITH"},{"floor":11.0,"key":"DIG"},{"data":"Apotheosis","floor":15.0,"key":"SMITH"},{"floor":23.0,"key":"DIG"},{"floor":25.0,"key":"DIG"},{"floor":27.0,"key":"DIG"},{"floor":32.0,"key":"DIG"},{"data":"Seek","floor":41,"key":"SMITH"},{"data":"Heatsinks","floor":45,"key":"SMITH"},{"floor":47,"key":"DIG"},{"floor":49,"key":"RECALL"},{"floor":53,"key":"DIG"}],"neow_cost":"CURSE","seed_source_timestamp":0,"circlet_count":0,"master_deck":["AscendersBane","Strike_B","Strike_B","Defend_B","Defend_B","Defend_B","Defend_B","Zap","Dualcast","Doom and Gloom+1","Ball Lightning","Conserve Battery","Biased Cognition+1","White Noise","Loop","Apotheosis+1","Self Repair","Force Field","Coolheaded","Core Surge","Redo+1","Turbo","Darkness","Glacier","Coolheaded","Coolheaded","Coolheaded","Capacitor","Seek+1","Blizzard","Heatsinks+1","Aggregate","Turbo+1","Stack+1","Hologram","Skim","All For One"],"special_seed":0,"relics":["Cracked Core","Thread and Needle","Ancient Tea Set","Tiny Chest","Shovel","Turnip","WingedGreaves","Nuclear Battery","MawBank","Letter Opener","FossilizedHelix","Mercury Hourglass","Happy Flower","Boot","Du-Vu Doll","Coffee Dripper","Mummified Hand","OrangePellets","Centennial Puzzle","Potion Belt","Old Coin","Ice Cream","Symbiotic Virus","Bag of Preparation","Shuriken","Frozen Eye","Pantograph"],"potions_floor_usage":[44,46,50,56],"damage_taken":[{"damage":5.0,"enemies":"2 Louse","floor":1.0,"turns":2.0},{"damage":11.0,"enemies":"Jaw Worm","floor":3.0,"turns":4.0},{"damage":0.0,"enemies":"Cultist","floor":5.0,"turns":3.0},{"damage":11.0,"enemies":"Lagavulin","floor":7.0,"turns":7.0},{"damage":22.0,"enemies":"Gremlin Nob","floor":10.0,"turns":4.0},{"damage":2.0,"enemies":"3 Sentries","floor":12.0,"turns":4.0},{"damage":3.0,"enemies":"Exordium Thugs","floor":14.0,"turns":4.0},{"damage":0.0,"enemies":"Hexaghost","floor":16.0,"turns":8.0},{"damage":16.0,"enemies":"2 Thieves","floor":18.0,"turns":4.0},{"damage":0.0,"enemies":"Chosen","floor":19.0,"turns":5.0},{"damage":18.0,"enemies":"Snake Plant","floor":21.0,"turns":5.0},{"damage":25.0,"enemies":"Slavers","floor":24.0,"turns":4.0},{"damage":0.0,"enemies":"Centurion and Healer","floor":28.0,"turns":5.0},{"damage":0.0,"enemies":"3 Cultists","floor":29.0,"turns":3.0},{"damage":0.0,"enemies":"Cultist and Chosen","floor":30.0,"turns":4.0},{"damage":0.0,"enemies":"Book of Stabbing","floor":31.0,"turns":4.0},{"damage":0.0,"enemies":"Champ","floor":33.0,"turns":11.0},{"damage":0,"enemies":"3 Darklings","floor":35,"turns":5},{"damage":0,"enemies":"Orb Walker","floor":37,"turns":3},{"damage":0,"enemies":"Writhing Mass","floor":38,"turns":4},{"damage":0,"enemies":"Giant Head","floor":40,"turns":9},{"damage":0,"enemies":"Reptomancer","floor":42,"turns":5},{"damage":9,"enemies":"Nemesis","floor":44,"turns":5},{"damage":16,"enemies":"Reptomancer","floor":46,"turns":4},{"damage":0,"enemies":"Time Eater","floor":50,"turns":13},{"damage":0,"enemies":"Donu and Deca","floor":51,"turns":6},{"damage":0,"enemies":"Shield and Spear","floor":55,"turns":4},{"damage":25,"enemies":"The Heart","floor":56,"turns":11}],"seed_played":"2462559270813643121","potions_obtained":[{"floor":1.0,"key":"Ancient Potion"},{"floor":7.0,"key":"SpeedPotion"},{"floor":10.0,"key":"EssenceOfSteel"},{"floor":12.0,"key":"Dexterity Potion"},{"floor":14.0,"key":"PowerPotion"},{"floor":16.0,"key":"Swift Potion"},{"floor":18.0,"key":"Fire Potion"},{"floor":21.0,"key":"Dexterity Potion"},{"floor":22.0,"key":"Weak Potion"},{"floor":30.0,"key":"GamblersBrew"},{"floor":33.0,"key":"Fire Potion"},{"floor":35,"key":"Poison Potion"},{"floor":38,"key":"FearPotion"},{"floor":42,"key":"Dexterity Potion"},{"floor":46,"key":"SpeedPotion"}],"is_trial":false,"path_per_floor":["M","?","M","?","M","R","E","R","T","E","R","E","$","M","R","B",null,"M","M","$","M","?","R","E","R","T","R","M","M","M","E","R","B",null,"M","T","M","M","$","E","R","E","T","E","R","E","R","$","R","B","B",null,"R","$","E","B",null],"character_chosen":"DEFECT","items_purchased":["Apotheosis","Self Repair","Force Field","Mummified Hand","OrangePellets","Frozen Eye","Skim","Block Potion"],"campfire_rested":0,"item_purchase_floors":[13,13,13,39,39,54,54,54],"current_hp_per_floor":[59,64,53,46,46,46,35,35,35,13,13,11,11,18,18,38,67,58,68,68,57,57,57,39,39,39,39,59,69,76,76,76,76,76,76,76,76,76,76,76,76,76,76,74,74,68,68,68,68,76,76,76,76,76,76,61],"gold":73,"neow_bonus":"ONE_RARE_RELIC","is_prod":false,"is_daily":false,"chose_seed":false,"campfire_upgraded":5,"win_rate":0,"timestamp":1557322346,"path_taken":["M","?","M","?","M","R","E","R","T","E","R","E","$","M","R","BOSS","M","M","$","M","?","R","E","R","T","R","?","M","M","E","R","BOSS","M","?","M","?","?","E","R","E","T","E","R","E","R","$","R","BOSS","BOSS","R","$","E","BOSS"],"build_version":"2019-05-07","purchased_purges":2,"victory":true,"max_hp_per_floor":[71,76,76,76,76,76,76,76,76,76,76,76,76,76,76,76,76,76,76,76,76,76,76,76,76,76,76,76,76,76,76,76,76,76,76,76,76,76,76,76,76,76,76,76,76,76,76,76,76,76,76,76,76,76,76,76],"card_choices":[{"not_picked":["Go for the Eyes","Hologram"],"picked":"Doom and Gloom","floor":1.0},{"not_picked":["Sweeping Beam","Barrage"],"picked":"Ball Lightning","floor":3.0},{"not_picked":["Hologram","Rip and Tear"],"picked":"Conserve Battery","floor":5.0},{"not_picked":["Cold Snap","FTL"],"picked":"Biased Cognition","floor":7.0},{"not_picked":["FTL","Steam"],"picked":"White Noise","floor":10.0},{"not_picked":["Steam","Reprogram"],"picked":"Loop","floor":12.0},{"not_picked":["Hologram","Streamline"],"picked":"Coolheaded","floor":14.0},{"not_picked":["All For One","Amplify"],"picked":"Core Surge","floor":16.0},{"not_picked":["Beam Cell+1","Sunder"],"picked":"Redo+1","floor":18.0},{"not_picked":["Sunder","Streamline"],"picked":"Turbo","floor":19.0},{"not_picked":["Compile Driver","Sweeping Beam"],"picked":"Darkness","floor":21.0},{"not_picked":["Reinforced Body","Darkness"],"picked":"Glacier","floor":24.0},{"not_picked":["Lockon+1","Rainbow"],"picked":"Coolheaded","floor":28.0},{"not_picked":["Turbo","Gash"],"picked":"Coolheaded","floor":29.0},{"not_picked":["Gash","Go for the Eyes"],"picked":"Coolheaded","floor":30.0},{"not_picked":["Rebound+1","Sunder"],"picked":"Capacitor","floor":31.0},{"not_picked":["Amplify","Machine Learning"],"picked":"Seek","floor":33.0},{"not_picked":["Hello World+1","Tempest"],"picked":"Blizzard","floor":35},{"not_picked":["Hologram","Conserve Battery"],"picked":"Heatsinks","floor":37},{"not_picked":["Ball Lightning","Darkness"],"picked":"Aggregate","floor":38},{"not_picked":["Reprogram","Rebound"],"picked":"Turbo+1","floor":40},{"not_picked":["Gash","Tempest","Redo"],"picked":"SKIP","floor":42},{"not_picked":["Steam","Rip and Tear"],"picked":"Stack+1","floor":44},{"not_picked":["Gash","Sunder+1"],"picked":"Hologram","floor":46},{"not_picked":["Rebound","Gash"],"picked":"All For One","floor":55}],"player_experience":1432943,"relics_obtained":[{"floor":7.0,"key":"Ancient Tea Set"},{"floor":9.0,"key":"Tiny Chest"},{"floor":10.0,"key":"Shovel"},{"floor":11.0,"key":"Turnip"},{"floor":12.0,"key":"WingedGreaves"},{"floor":23.0,"key":"MawBank"},{"floor":24.0,"key":"Letter Opener"},{"floor":25.0,"key":"FossilizedHelix"},{"floor":26.0,"key":"Mercury Hourglass"},{"floor":27.0,"key":"Happy Flower"},{"floor":31.0,"key":"Boot"},{"floor":32.0,"key":"Du-Vu Doll"},{"floor":40,"key":"Centennial Puzzle"},{"floor":42,"key":"Potion Belt"},{"floor":43,"key":"Old Coin"},{"floor":44,"key":"Ice Cream"},{"floor":46,"key":"Symbiotic Virus"},{"floor":47,"key":"Bag of Preparation"},{"floor":53,"key":"Shuriken"},{"floor":55,"key":"Pantograph"}],"event_choices":[{"damage_healed":0.0,"max_hp_gain":5.0,"max_hp_loss":0.0,"gold_gain":0.0,"event_name":"Big Fish","player_choice":"Donut","floor":2.0,"gold_loss":0.0,"damage_taken":0.0},{"cards_removed":["Pain"],"damage_healed":0.0,"max_hp_gain":0.0,"max_hp_loss":0.0,"gold_gain":0.0,"event_name":"Golden Wing","player_choice":"Card Removal","floor":4.0,"gold_loss":0.0,"damage_taken":7.0},{"damage_healed":0.0,"max_hp_gain":0.0,"max_hp_loss":0.0,"gold_gain":0.0,"event_name":"Lab","player_choice":"Got Potions","floor":22.0,"gold_loss":0.0,"damage_taken":0.0}],"is_beta":true,"boss_relics":[{"not_picked":["FrozenCore","Eternal Feather"],"picked":"Nuclear Battery"},{"not_picked":["Inserter","Astrolabe"],"picked":"Coffee Dripper"}],"items_purged_floors":[20,48],"is_endless":false,"potions_floor_spawned":[1,7,10,12,14,16,18,21,30,33,35,38,42,46],"ascension_level":20}