{"gold_per_floor":[118,43,59,14,14,14,72,72,72,72,99,99,115,131,131,208,208,224,224,224],"floor_reached":20,"playtime":616,"items_purged":["Power Through"],"score":540,"play_id":"56fea9d4-1716-40ed-8227-4e5b041e2abe","local_time":"20190420163114","is_ascension_mode":true,"campfire_choices":[{"data":"Dual Wield","floor":6.0,"key":"SMITH"},{"data":"Burning Pact","floor":8.0,"key":"SMITH"},{"data":"Bloodletting","floor":10.0,"key":"SMITH"},{"data":"Bash","floor":12.0,"key":"SMITH"},{"data":"Fire Breathing","floor":15.0,"key":"SMITH"}],"neow_cost":"NONE","seed_source_timestamp":0,"circlet_count":0,"master_deck":["AscendersBane","Bash+1","Fire Breathing+1","Exhume","Dropkick","Flex","Dual Wield+1","Burning Pact+1","Impervious","Bloodletting+1","Writhe","Normality","Writhe"],"special_seed":0,"relics":["Pandora\u0027s Box","Tiny Chest","Happy Flower","Calling Bell","Bronze Scales","Ornamental Fan","Prayer Wheel","Mummified Hand"],"potions_floor_usage":[],"damage_taken":[{"damage":0.0,"enemies":"2 Louse","floor":1.0,"turns":3.0},{"damage":19.0,"enemies":"Jaw Worm","floor":3.0,"turns":4.0},{"damage":0.0,"enemies":"Lagavulin","floor":7.0,"turns":4.0},{"damage":3.0,"enemies":"Cultist","floor":13.0,"turns":2.0},{"damage":19.0,"enemies":"Gremlin Gang","floor":14.0,"turns":3.0},{"damage":3.0,"enemies":"The Guardian","floor":16.0,"turns":2.0},{"damage":27.0,"enemies":"Chosen","floor":18.0,"turns":4.0},{"damage":21,"enemies":"Shell Parasite","floor":20,"turns":3}],"seed_played":"7586097330147813446","potions_obtained":[{"floor":1.0,"key":"Energy Potion"},{"floor":14.0,"key":"GamblersBrew"}],"is_trial":false,"path_per_floor":["M","$","M","?","?","R","E","R","T","R","T","R","M","M","R","B",null,"M","T","M"],"character_chosen":"IRONCLAD","items_purchased":[],"campfire_rested":0,"item_purchase_floors":[],"current_hp_per_floor":[68,68,49,49,49,49,49,49,49,49,49,49,46,27,27,24,62,35,35,14],"gold":224,"neow_bonus":"BOSS_RELIC","is_prod":false,"is_daily":false,"chose_seed":true,"campfire_upgraded":5,"win_rate":0,"timestamp":1555749074,"path_taken":["M","$","M","?","?","R","E","R","T","R","?","R","M","M","R","BOSS","M","?","M"],"build_version":"2019-01-23","purchased_purges":1,"victory":false,"max_hp_per_floor":[75,75,75,75,75,75,75,75,75,75,75,75,75,75,75,75,75,75,75,75],"card_choices":[{"not_picked":["Blood for Blood","Combust","Clash"],"picked":"SKIP","floor":1.0},{"not_picked":["Sword Boomerang","Shrug It Off","Twin Strike"],"picked":"SKIP","floor":3.0},{"not_picked":["Flex","Ghostly Armor"],"picked":"Bloodletting","floor":7.0},{"not_picked":["Infernal Blade","Clash","Thunderclap"],"picked":"SKIP","floor":13.0},{"not_picked":["Clothesline","Twin Strike","Clash"],"picked":"SKIP","floor":14.0},{"not_picked":["Perfected Strike","Anger","Flame Barrier"],"picked":"SKIP","floor":18.0},{"not_picked":["Body Slam","Sword Boomerang+1","Dual Wield"],"picked":"SKIP","floor":18.0}],"player_experience":3031139,"relics_obtained":[{"floor":7.0,"key":"Tiny Chest"},{"floor":11.0,"key":"Happy Flower"},{"floor":17.0,"key":"Bronze Scales"},{"floor":17.0,"key":"Ornamental Fan"},{"floor":17.0,"key":"Prayer Wheel"},{"floor":19.0,"key":"Mummified Hand"}],"event_choices":[{"damage_healed":0.0,"max_hp_gain":0.0,"max_hp_loss":0.0,"gold_gain":0.0,"event_name":"World of Goop","player_choice":"Left Gold","floor":4.0,"gold_loss":45.0,"damage_taken":0.0},{"cards_removed":["Bludgeon"],"damage_healed":0.0,"max_hp_gain":0.0,"max_hp_loss":0.0,"gold_gain":0.0,"event_name":"Living Wall","player_choice":"Forget","floor":5.0,"gold_loss":0.0,"damage_taken":0.0}],"is_beta":false,"boss_relics":[{"not_picked":["Tiny House","Astrolabe"],"picked":"Calling Bell"}],"items_purged_floors":[2],"is_endless":false,"potions_floor_spawned":[1,14,16],"killed_by":"Shell Parasite","ascension_level":20}