{"gold_per_floor":[217,217,15,26,39,74,74,86,86,86,117,176,176,204,204,283,283,297,277,292,292,168,168,62,14,14,27,59,59,76,76,76,148,148,167,167,186,186,200,200,217,43,43,43,59,59,86,86,86,86],"floor_reached":51,"playtime":1870,"items_purged":["Strike_B","Strike_B"],"score":1251,"play_id":"9de65970-3f9f-495a-ba67-021b3037d1e3","local_time":"20181023125157","is_ascension_mode":true,"campfire_choices":[{"data":"Streamline","floor":7.0,"key":"SMITH"},{"floor":10.0,"key":"REST"},{"floor":13.0,"key":"REST"},{"data":"Beam Cell","floor":15.0,"key":"SMITH"},{"floor":23.0,"key":"REST"},{"data":"Hologram","floor":29.0,"key":"SMITH"},{"floor":32.0,"key":"REST"},{"floor":40.0,"key":"REST"},{"data":"Apotheosis","floor":44.0,"key":"SMITH"},{"floor":49,"key":"REST"}],"neow_cost":"NONE","seed_source_timestamp":16854435522919,"circlet_count":0,"master_deck":["Defend_B","Defend_B","Defend_B","Zap+1","Dualcast","AscendersBane","Genetic Algorithm","Streamline+1","Barrage","Coolheaded","Hologram+1","Tempest","Beam Cell+1","Gash","Conserve Battery","Echo Form","FTL","Compile Driver","Steam","Gash","Ball Lightning","Conserve Battery","Reboot","Self Repair+1","Stack+1","Cold Snap","Barrage","Apotheosis+1","Dramatic Entrance"],"special_seed":0,"relics":["Cracked Core","Anchor","Shuriken","Turnip","Pocketwatch","PreservedInsect","Sozu","Question Card","Lantern","Astrolabe","Incense Burner","Mummified Hand"],"potions_floor_usage":[],"damage_taken":[{"damage":7.0,"enemies":"2 Louse","floor":1.0,"turns":2.0},{"damage":0.0,"enemies":"Small Slimes","floor":4.0,"turns":3.0},{"damage":0.0,"enemies":"Cultist","floor":5.0,"turns":3.0},{"damage":30.0,"enemies":"Gremlin Nob","floor":6.0,"turns":4.0},{"damage":0.0,"enemies":"Looter","floor":8.0,"turns":3.0},{"damage":12.0,"enemies":"3 Sentries","floor":11.0,"turns":8.0},{"damage":24.0,"enemies":"Lagavulin Event","floor":12.0,"turns":5.0},{"damage":11.0,"enemies":"Lagavulin","floor":14.0,"turns":5.0},{"damage":23.0,"enemies":"The Guardian","floor":16.0,"turns":7.0},{"damage":11.0,"enemies":"Spheric Guardian","floor":18.0,"turns":6.0},{"damage":13.0,"enemies":"2 Thieves","floor":20.0,"turns":4.0},{"damage":0.0,"enemies":"Centurion and Healer","floor":27.0,"turns":4.0},{"damage":0.0,"enemies":"Book of Stabbing","floor":28.0,"turns":3.0},{"damage":1.0,"enemies":"Snake Plant","floor":30.0,"turns":4.0},{"damage":7.0,"enemies":"Champ","floor":33.0,"turns":9.0},{"damage":10.0,"enemies":"Orb Walker","floor":35.0,"turns":4.0},{"damage":43.0,"enemies":"3 Darklings","floor":37.0,"turns":5.0},{"damage":17.0,"enemies":"Transient","floor":39.0,"turns":5.0},{"damage":19.0,"enemies":"Maw","floor":41.0,"turns":6.0},{"damage":7,"enemies":"4 Shapes","floor":45,"turns":8},{"damage":28,"enemies":"Nemesis","floor":47,"turns":5},{"damage":38,"enemies":"Time Eater","floor":50,"turns":11}],"seed_played":"5247666937494248928","potions_obtained":[{"floor":4.0,"key":"EntropicBrew"},{"floor":8.0,"key":"Weak Potion"},{"floor":16.0,"key":"EntropicBrew"}],"is_trial":false,"path_per_floor":["M","?","$","M","M","E","R","M","T","R","E","?","R","E","R","B",null,"M","?","M","?","$","R","$","$","T","M","E","R","M","?","R","B",null,"M","?","M","?","M","R","M","$","T","R","M","?","E","$","R","B"],"character_chosen":"DEFECT","items_purchased":["Streamline","Regen Potion","Compile Driver","Steam","Gash","Ball Lightning","Apotheosis"],"campfire_rested":6,"item_purchase_floors":[3,3,22,24,24,25,42],"current_hp_per_floor":[57,57,57,57,57,39,39,39,39,60,48,24,45,34,34,11,56,45,45,32,12,12,34,34,34,34,34,34,34,33,33,55,48,69,69,69,36,36,39,61,52,52,52,52,65,65,47,47,69,41],"gold":86,"neow_bonus":"HUNDRED_GOLD","is_prod":false,"is_daily":false,"chose_seed":false,"campfire_upgraded":4,"win_rate":0,"timestamp":1540324317,"path_taken":["M","?","$","M","?","E","R","M","T","R","E","?","R","E","R","BOSS","M","?","M","?","$","R","?","$","T","M","E","R","M","?","R","BOSS","M","?","M","?","M","R","M","$","T","R","M","?","E","$","R","BOSS"],"build_version":"2018-10-18","purchased_purges":2,"victory":true,"max_hp_per_floor":[71,71,71,71,71,71,71,71,71,71,71,71,71,71,71,71,71,71,71,71,76,76,76,76,76,76,76,76,76,76,76,76,76,76,76,76,76,76,76,76,76,76,76,76,76,76,76,76,76,76],"card_choices":[{"not_picked":["Turbo","Stack"],"picked":"Genetic Algorithm","floor":1.0},{"not_picked":["Conserve Battery","Coolheaded"],"picked":"Barrage","floor":4.0},{"not_picked":["Rebound","Hologram"],"picked":"Coolheaded","floor":5.0},{"not_picked":["Conserve Battery","Beam Cell"],"picked":"Hologram","floor":6.0},{"not_picked":["Storm","Reprogram"],"picked":"Tempest","floor":8.0},{"not_picked":["Machine Learning","Coolheaded"],"picked":"Beam Cell","floor":11.0},{"not_picked":["Leap","Stack"],"picked":"Gash","floor":12.0},{"not_picked":["Skim","Reinforced Body"],"picked":"Conserve Battery","floor":14.0},{"not_picked":["Biased Cognition","Seek"],"picked":"Echo Form","floor":16.0},{"not_picked":["Leap","Rebound+1"],"picked":"FTL","floor":18.0},{"not_picked":["Rebound","Conserve Battery","Heatsinks"],"picked":"SKIP","floor":20.0},{"not_picked":["Defragment","Compile Driver","Gash"],"picked":"Conserve Battery","floor":27.0},{"not_picked":["Redo","Compile Driver","Leap","Hologram"],"picked":"SKIP","floor":28.0},{"not_picked":["Steam Power","Steam","Compile Driver","Echo Form"],"picked":"SKIP","floor":30.0},{"not_picked":["Meteor Strike","Buffer","Hyperbeam"],"picked":"Reboot","floor":33.0},{"not_picked":["Doom and Gloom","Skim","FTL"],"picked":"Cold Snap","floor":35.0},{"not_picked":["Conserve Battery+1","Blizzard","Barrage","Scrape+1"],"picked":"SKIP","floor":37.0},{"not_picked":["Conserve Battery+1","Ball Lightning","Steam Power+1","Hologram"],"picked":"SKIP","floor":39.0},{"not_picked":["Streamline+1","Cold Snap","Rainbow"],"picked":"Barrage","floor":41.0},{"not_picked":["Cold Snap","Stack+1","Blizzard","Sunder"],"picked":"SKIP","floor":45},{"not_picked":["Cold Snap","Stack+1","Blizzard","Sunder"],"picked":"SKIP","floor":45},{"not_picked":["Purity","The Bomb","Thinking Ahead"],"picked":"Dramatic Entrance","floor":46},{"not_picked":["Stack","Compile Driver","Sweeping Beam","Beam Cell+1"],"picked":"SKIP","floor":47}],"player_experience":1439991,"relics_obtained":[{"floor":6.0,"key":"Anchor"},{"floor":9.0,"key":"Shuriken"},{"floor":11.0,"key":"Turnip"},{"floor":12.0,"key":"Pocketwatch"},{"floor":14.0,"key":"PreservedInsect"},{"floor":26.0,"key":"Question Card"},{"floor":28.0,"key":"Lantern"},{"floor":43.0,"key":"Incense Burner"},{"floor":47,"key":"Mummified Hand"}],"event_choices":[{"damage_healed":0.0,"max_hp_gain":0.0,"max_hp_loss":0.0,"gold_gain":0.0,"event_name":"Living Wall","player_choice":"Grow","floor":2.0,"gold_loss":0.0,"damage_taken":0.0,"cards_upgraded":["Zap"]},{"damage_healed":0.0,"max_hp_gain":0.0,"max_hp_loss":0.0,"gold_gain":0.0,"event_name":"Dead Adventurer","player_choice":"Searched \u00271\u0027 times","floor":12.0,"gold_loss":0.0,"damage_taken":0.0},{"damage_healed":0.0,"max_hp_gain":0.0,"max_hp_loss":0.0,"gold_gain":0.0,"event_name":"The Woman in Blue","player_choice":"Bought 1 Potion","floor":19.0,"gold_loss":0.0,"damage_taken":0.0},{"damage_healed":0.0,"max_hp_gain":5.0,"max_hp_loss":0.0,"gold_gain":0.0,"event_name":"Forgotten Altar","player_choice":"Shed Blood","floor":21.0,"gold_loss":0.0,"damage_taken":25.0},{"damage_healed":0.0,"max_hp_gain":0.0,"max_hp_loss":0.0,"gold_gain":0.0,"event_name":"Ghosts","player_choice":"Ignored","floor":31.0,"gold_loss":0.0,"damage_taken":0.0},{"cards_removed":["Fusion"],"damage_healed":0.0,"max_hp_gain":0.0,"max_hp_loss":0.0,"gold_gain":0.0,"event_name":"Falling","player_choice":"Removed Skill","floor":36.0,"gold_loss":0.0,"damage_taken":0.0},{"damage_healed":0.0,"max_hp_gain":0.0,"max_hp_loss":0.0,"gold_gain":0.0,"event_name":"The Moai Head","player_choice":"Ignored","floor":38.0,"gold_loss":0.0,"damage_taken":0.0},{"damage_healed":0,"gold_gain":0,"player_choice":"Memory 1","damage_taken":0,"max_hp_gain":0,"max_hp_loss":0,"event_name":"SensoryStone","floor":46,"gold_loss":0}],"is_beta":false,"boss_relics":[{"not_picked":["Black Star","Orrery"],"picked":"Sozu"},{"not_picked":["Runic Dome","Eternal Feather"],"picked":"Astrolabe"}],"items_purged_floors":[3,22],"is_endless":false,"potions_floor_spawned":[4,8,11,16,27,28,30,41,45,47],"ascension_level":15}