{"gold_per_floor":[110,260,50,70,70,101,101,101,101,101,118,128,184,201,201,272,272,288,288,307,321,175,175,205,205,205,205,130,130],"floor_reached":29,"playtime":857,"items_purged":["Doubt","Strike_R+1"],"score":439,"play_id":"cdcc6425-321d-42de-bf53-e896a52bd423","local_time":"20190419091143","is_ascension_mode":true,"campfire_choices":[{"data":"Uppercut","floor":7.0,"key":"SMITH"},{"data":"Armaments","floor":10.0,"key":"SMITH"},{"data":"Fiend Fire","floor":15.0,"key":"SMITH"},{"data":"True Grit","floor":23.0,"key":"SMITH"},{"data":"Corruption","floor":25.0,"key":"SMITH"}],"neow_cost":"NONE","seed_source_timestamp":21583871568167,"circlet_count":0,"master_deck":["AscendersBane","Strike_R+1","Strike_R+1","Strike_R+1","Defend_R+1","Defend_R+1","Defend_R+1","Defend_R+1","Bash","Fiend Fire+1","Cleave","Uppercut+1","Shrug It Off","Pommel Strike","Armaments+1","Infernal Blade","Iron Wave","Impervious","Headbutt","True Grit+1","Corruption+1"],"special_seed":0,"relics":["Burning Blood","Red Skull","Bottled Flame","Tiny Chest","Sozu","Mercury Hourglass","Ornamental Fan","MutagenicStrength"],"potions_floor_usage":[],"damage_taken":[{"damage":7.0,"enemies":"Small Slimes","floor":1.0,"turns":4.0},{"damage":11.0,"enemies":"2 Louse","floor":4.0,"turns":3.0},{"damage":47.0,"enemies":"Lagavulin","floor":6.0,"turns":10.0},{"damage":1.0,"enemies":"Jaw Worm","floor":11.0,"turns":2.0},{"damage":1.0,"enemies":"3 Louse","floor":12.0,"turns":2.0},{"damage":4.0,"enemies":"Gremlin Nob","floor":13.0,"turns":3.0},{"damage":0.0,"enemies":"Large Slime","floor":14.0,"turns":4.0},{"damage":29.0,"enemies":"Hexaghost","floor":16.0,"turns":9.0},{"damage":7.0,"enemies":"3 Byrds","floor":18.0,"turns":5.0},{"damage":10.0,"enemies":"Shell Parasite","floor":20.0,"turns":3.0},{"damage":24.0,"enemies":"Shelled Parasite and Fungi","floor":21.0,"turns":6.0},{"damage":19.0,"enemies":"Slavers","floor":24.0,"turns":5.0},{"damage":28,"enemies":"Book of Stabbing","floor":29,"turns":4}],"seed_played":"1510665074842812614","potions_obtained":[{"floor":12.0,"key":"EntropicBrew"},{"floor":13.0,"key":"EssenceOfSteel"},{"floor":16.0,"key":"Energy Potion"}],"is_trial":false,"path_per_floor":["M","?","$","M","?","E","R","?","T","R","M","M","E","M","R","B",null,"M","?","M","M","$","R","E","R","T","?","?","E"],"character_chosen":"IRONCLAD","items_purchased":["Uppercut","Shrug It Off","True Grit"],"campfire_rested":0,"item_purchase_floors":[3,3,22],"current_hp_per_floor":[67,67,67,62,62,21,21,21,21,21,26,31,33,39,39,16,60,59,59,55,37,37,37,24,24,24,24,24,0],"gold":130,"neow_bonus":"ONE_RANDOM_RARE_CARD","is_prod":false,"is_daily":false,"chose_seed":false,"campfire_upgraded":5,"win_rate":0,"timestamp":1555690303,"path_taken":["M","?","$","M","?","E","R","?","T","R","M","M","E","M","R","BOSS","M","?","M","M","$","R","E","R","T","?","?","E"],"build_version":"2019-01-23","purchased_purges":2,"victory":false,"max_hp_per_floor":[75,75,75,75,75,75,75,75,75,75,75,75,75,75,75,75,75,75,75,75,75,75,75,75,75,75,75,75,75],"card_choices":[{"not_picked":["Shrug It Off","Armaments"],"picked":"Cleave","floor":1.0},{"not_picked":["Sword Boomerang","Flex"],"picked":"Pommel Strike","floor":4.0},{"not_picked":["Iron Wave","Sentinel"],"picked":"Armaments","floor":6.0},{"not_picked":["Body Slam","Cleave"],"picked":"Infernal Blade","floor":11.0},{"not_picked":["Seeing Red","Flex"],"picked":"Iron Wave","floor":12.0},{"not_picked":["Iron Wave","Bloodletting","Pommel Strike"],"picked":"SKIP","floor":13.0},{"not_picked":["Thunderclap","Whirlwind","Pommel Strike"],"picked":"SKIP","floor":14.0},{"not_picked":["Barricade","Demon Form"],"picked":"Impervious","floor":16.0},{"not_picked":["Evolve","Sword Boomerang"],"picked":"Headbutt","floor":18.0},{"not_picked":["Thunderclap","Uppercut","Headbutt"],"picked":"SKIP","floor":20.0},{"not_picked":["Twin Strike","Dropkick","Headbutt+1"],"picked":"SKIP","floor":21.0},{"not_picked":["Whirlwind","Dark Embrace"],"picked":"Corruption","floor":24.0}],"player_experience":2471323,"relics_obtained":[{"floor":6.0,"key":"Red Skull"},{"floor":9.0,"key":"Bottled Flame"},{"floor":13.0,"key":"Tiny Chest"},{"floor":24.0,"key":"Mercury Hourglass"},{"floor":26.0,"key":"Ornamental Fan"}],"event_choices":[{"damage_healed":0.0,"max_hp_gain":0.0,"max_hp_loss":0.0,"gold_gain":150.0,"event_name":"Liars Game","player_choice":"AGREE","floor":2.0,"gold_loss":0.0,"damage_taken":0.0,"cards_obtained":["Doubt"]},{"damage_healed":0.0,"max_hp_gain":0.0,"max_hp_loss":0.0,"gold_gain":0.0,"event_name":"The Cleric","player_choice":"Leave","floor":5.0,"gold_loss":0.0,"damage_taken":0.0},{"damage_healed":0.0,"max_hp_gain":0.0,"max_hp_loss":0.0,"gold_gain":0.0,"event_name":"Shining Light","player_choice":"Ignored","floor":8.0,"gold_loss":0.0,"damage_taken":0.0},{"damage_healed":0.0,"max_hp_gain":0.0,"max_hp_loss":0.0,"gold_gain":0.0,"event_name":"Back to Basics","player_choice":"Simplicity","floor":19.0,"gold_loss":0.0,"damage_taken":0.0,"cards_upgraded":["Strike_R","Strike_R","Strike_R","Strike_R","Strike_R","Defend_R","Defend_R","Defend_R","Defend_R"]},{"damage_healed":0,"gold_gain":0,"player_choice":"Inject Mutagens","damage_taken":0,"relics_obtained":["MutagenicStrength"],"max_hp_gain":0,"max_hp_loss":0,"event_name":"Drug Dealer","floor":27,"gold_loss":0},{"cards_removed":["Strike_R"],"damage_healed":0,"gold_gain":0,"player_choice":"Gave Gold","damage_taken":0,"max_hp_gain":0,"max_hp_loss":0,"event_name":"Beggar","floor":28,"gold_loss":75}],"is_beta":false,"boss_relics":[{"not_picked":["Tiny House","Calling Bell"],"picked":"Sozu"}],"items_purged_floors":[3,22],"is_endless":false,"potions_floor_spawned":[12,13,16,20],"killed_by":"Book of Stabbing","ascension_level":15}