{"gold_per_floor":[111,122,135,12,12,12,47,47,47,47,47,71,85,99,99,228,228,251,112,112,127,161,161,182,206,233,233,286,318,330,366,378,516,528,556,568,645,657,692,704,1049,1061,1073,772,772,294,307,307,307,307],"floor_reached":51,"playtime":1917,"items_purged":[],"score":895,"play_id":"6095a436-3669-460a-883f-a8d5a175fc4f","local_time":"20190116013539","is_ascension_mode":false,"campfire_choices":[{"data":"Perfected Strike","floor":6.0,"key":"SMITH"},{"data":"Seeing Red","floor":8.0,"key":"SMITH"},{"data":"Inflame","floor":10.0,"key":"SMITH"},{"data":"Body Slam","floor":15.0,"key":"SMITH"},{"data":"True Grit","floor":23.0,"key":"SMITH"},{"data":"True Grit","floor":27,"key":"SMITH"},{"floor":32,"key":"REST"},{"data":"Perfected Strike","floor":40,"key":"SMITH"},{"data":"Double Tap","floor":42,"key":"SMITH"},{"data":"Rupture","floor":49,"key":"SMITH"}],"neow_cost":"NONE","seed_source_timestamp":348311305479597,"circlet_count":0,"master_deck":["Strike_R","Strike_R","Strike_R","Strike_R","Strike_R","Defend_R","Defend_R","Defend_R","Defend_R","Bash","Perfected Strike+1","Seeing Red+1","Wild Strike","Inflame+1","Whirlwind","Perfected Strike+1","Seeing Red","True Grit+1","Double Tap+1","Perfected Strike","Thunderclap","True Grit+1","Ghostly Armor","Impervious","Necronomicurse","Ghostly Armor","Dropkick","Twin Strike","Wild Strike","Twin Strike+1","Finesse","Rupture+1"],"special_seed":0,"relics":["Runic Pyramid","Sundial","Centennial Puzzle","Meat on the Bone","Orrery","Necronomicon","Red Mask","Bronze Scales","MawBank","Sozu","Champion Belt","Blue Candle","Pen Nib","Art of War","Happy Flower","Kunai"],"potions_floor_usage":[50],"damage_taken":[{"damage":12.0,"enemies":"2 Louse","floor":1.0,"turns":3.0},{"damage":5.0,"enemies":"Small Slimes","floor":2.0,"turns":3.0},{"damage":3.0,"enemies":"Jaw Worm","floor":3.0,"turns":3.0},{"damage":14.0,"enemies":"Gremlin Nob","floor":7.0,"turns":3.0},{"damage":0.0,"enemies":"2 Fungi Beasts","floor":12.0,"turns":2.0},{"damage":8.0,"enemies":"3 Louse","floor":13.0,"turns":3.0},{"damage":0.0,"enemies":"Large Slime","floor":14.0,"turns":2.0},{"damage":40.0,"enemies":"Hexaghost","floor":16.0,"turns":8.0},{"damage":20.0,"enemies":"2 Thieves","floor":18.0,"turns":3.0},{"damage":5.0,"enemies":"Shell Parasite","floor":21.0,"turns":3.0},{"damage":9.0,"enemies":"Masked Bandits","floor":22.0,"turns":3.0},{"damage":0.0,"enemies":"Snake Plant","floor":24.0,"turns":2.0},{"damage":9,"enemies":"Shelled Parasite and Fungi","floor":25,"turns":4},{"damage":0,"enemies":"Snecko","floor":29,"turns":3},{"damage":0,"enemies":"Chosen and Byrds","floor":31,"turns":3},{"damage":56,"enemies":"Automaton","floor":33,"turns":8},{"damage":0,"enemies":"Orb Walker","floor":35,"turns":2},{"damage":8,"enemies":"2 Orb Walkers","floor":37,"turns":3},{"damage":7,"enemies":"3 Shapes","floor":39,"turns":3},{"damage":1,"enemies":"3 Darklings","floor":47,"turns":4},{"damage":58,"enemies":"Awakened One","floor":50,"turns":10}],"seed_played":"6720706077860855082","potions_obtained":[{"floor":1.0,"key":"Ancient Potion"},{"floor":7.0,"key":"Swift Potion"},{"floor":22.0,"key":"SteroidPotion"},{"floor":29,"key":"FearPotion"}],"is_trial":false,"path_per_floor":["M","M","M","$","?","R","E","R","T","R","?","M","M","M","R","B",null,"M","$","?","M","?","R","M","M","T","R","T","M","$","M","R","B",null,"M","$","?","?","M","R","?","R","T","$","?","$","M","?","R","B",null],"character_chosen":"IRONCLAD","items_purchased":["Wild Strike","Inflame","Impervious","Pen Nib","Art of War","Happy Flower","Kunai","Rupture"],"campfire_rested":1,"item_purchase_floors":[4,4,19,44,44,46,46,46],"current_hp_per_floor":[68,63,60,60,60,60,46,46,46,46,43,43,47,47,47,19,74,54,54,38,45,48,48,48,39,39,39,39,39,39,39,61,17,74,74,74,66,66,59,59,59,59,59,59,64,64,63,63,63,17],"gold":307,"neow_bonus":"BOSS_RELIC","is_prod":false,"is_daily":false,"chose_seed":false,"campfire_upgraded":9,"win_rate":0,"timestamp":1547598939,"path_taken":["M","M","M","$","?","R","E","R","T","R","?","M","M","M","R","BOSS","M","$","?","M","?","R","M","M","T","R","?","M","$","M","R","BOSS","M","$","?","?","M","R","?","R","T","$","?","$","?","?","R","BOSS"],"build_version":"2019-01-10","purchased_purges":0,"victory":true,"max_hp_per_floor":[80,80,80,80,74,74,74,74,74,74,74,74,74,74,74,74,74,74,74,74,74,74,74,74,74,74,74,74,74,74,74,74,74,74,74,74,74,74,74,74,74,74,74,74,74,74,74,70,70,70],"card_choices":[{"not_picked":["Disarm","Intimidate"],"picked":"Perfected Strike","floor":1.0},{"not_picked":["Second Wind","Headbutt"],"picked":"Seeing Red","floor":2.0},{"not_picked":["Heavy Blade","Clash"],"picked":"Body Slam","floor":3.0},{"not_picked":["Exhume","Pommel Strike"],"picked":"Whirlwind","floor":7.0},{"not_picked":["Clothesline","Metallicize"],"picked":"Perfected Strike","floor":12.0},{"not_picked":["Clothesline","Rampage"],"picked":"Seeing Red","floor":13.0},{"not_picked":["Anger","Disarm"],"picked":"True Grit","floor":14.0},{"not_picked":["Demon Form","Dark Embrace"],"picked":"Double Tap","floor":16.0},{"not_picked":["Pummel","Ghostly Armor"],"picked":"Perfected Strike","floor":17.0},{"not_picked":["Heavy Blade","Rampage"],"picked":"Thunderclap","floor":17.0},{"not_picked":["Clothesline","Headbutt"],"picked":"True Grit","floor":17.0},{"not_picked":["Havoc","Seeing Red"],"picked":"Ghostly Armor","floor":17.0},{"not_picked":["Clothesline","Warcry","Iron Wave"],"picked":"SKIP","floor":18.0},{"not_picked":["Cleave","Feel No Pain"],"picked":"Ghostly Armor","floor":21.0},{"not_picked":["Combust","Shockwave"],"picked":"Dropkick","floor":22.0},{"not_picked":["Thunderclap","Demon Form","Havoc"],"picked":"SKIP","floor":24.0},{"not_picked":["Blood for Blood","Inflame+1"],"picked":"Twin Strike","floor":25},{"not_picked":["Armaments+1","Reckless Charge","Second Wind"],"picked":"SKIP","floor":29},{"not_picked":["Warcry","Clash+1"],"picked":"Wild Strike","floor":31},{"not_picked":["Anger","Rage"],"picked":"Twin Strike+1","floor":35},{"not_picked":["Swift Strike","Discovery"],"picked":"Finesse","floor":38},{"not_picked":["Clothesline","Iron Wave","Armaments+1"],"picked":"SKIP","floor":39},{"not_picked":["Thunderclap+1","Clothesline","Wild Strike"],"picked":"SKIP","floor":47}],"player_experience":471519,"relics_obtained":[{"floor":7.0,"key":"Sundial"},{"floor":9.0,"key":"Centennial Puzzle"},{"floor":20.0,"key":"Necronomicon"},{"floor":22.0,"key":"Red Mask"},{"floor":26,"key":"Bronze Scales"},{"floor":28,"key":"MawBank"},{"floor":37,"key":"Champion Belt"},{"floor":43,"key":"Blue Candle"}],"event_choices":[{"damage_healed":0.0,"max_hp_gain":0.0,"max_hp_loss":6.0,"gold_gain":0.0,"event_name":"Golden Idol","player_choice":"Lose Max HP","floor":5.0,"gold_loss":0.0,"damage_taken":0.0,"relics_obtained":["Golden Idol"]},{"damage_healed":0.0,"max_hp_gain":0.0,"max_hp_loss":0.0,"gold_gain":0.0,"event_name":"Scrap Ooze","player_choice":"Success","floor":11.0,"gold_loss":0.0,"damage_taken":3.0,"relics_obtained":["Meat on the Bone"]},{"damage_healed":0.0,"max_hp_gain":0.0,"max_hp_loss":0.0,"gold_gain":0.0,"event_name":"Cursed Tome","player_choice":"Obtained Book","floor":20.0,"gold_loss":0.0,"damage_taken":16.0},{"damage_healed":0.0,"max_hp_gain":0.0,"max_hp_loss":0.0,"gold_gain":0.0,"event_name":"Masked Bandits","player_choice":"Fought Bandits","floor":22.0,"gold_loss":0.0,"damage_taken":0.0},{"damage_healed":0,"gold_gain":0,"player_choice":"Fight","damage_taken":0,"max_hp_gain":0,"max_hp_loss":0,"event_name":"Mysterious Sphere","floor":37,"gold_loss":0},{"damage_healed":0,"gold_gain":0,"player_choice":"Memory 1","damage_taken":0,"max_hp_gain":0,"max_hp_loss":0,"event_name":"SensoryStone","floor":38,"gold_loss":0},{"damage_healed":0,"gold_gain":333,"player_choice":"Gave Idol","damage_taken":0,"max_hp_gain":0,"max_hp_loss":0,"event_name":"The Moai Head","floor":41,"relics_lost":["Golden Idol"],"gold_loss":0},{"cards_removed":["Body Slam"],"damage_healed":5,"gold_gain":0,"player_choice":"Offered Common","damage_taken":0,"max_hp_gain":0,"max_hp_loss":0,"event_name":"Bonfire Elementals","floor":45,"gold_loss":0},{"cards_removed":["Body Slam"],"damage_healed":5,"gold_gain":0,"player_choice":"Offered Special","damage_taken":0,"max_hp_gain":0,"max_hp_loss":0,"event_name":"Bonfire Elementals","floor":45,"gold_loss":0},{"damage_healed":0,"gold_gain":0,"player_choice":"Max HP","damage_taken":0,"max_hp_gain":0,"max_hp_loss":4,"event_name":"Winding Halls","floor":48,"gold_loss":0}],"is_beta":false,"boss_relics":[{"not_picked":["Mark of Pain","Eternal Feather"],"picked":"Orrery"},{"not_picked":["Calling Bell","Coffee Dripper"],"picked":"Sozu"}],"items_purged_floors":[],"is_endless":false,"potions_floor_spawned":[1,7,22,29,33,35,37],"ascension_level":0}