{"gold_per_floor":[361,13,13,26,39,66,86,100,100,100,128,128,147,175,175,273,273,284,271,371,382,382,410,16,49,125,0,0,15,30,62,62,161,161,178,1177,1190,1203,1203,1203,158,158,183,183,228,256,276,289,289,289,289,289,47,74,74],"floor_reached":56,"playtime":6868,"items_purged":["Strike_R","Strike_R","Defend_R","Strike_R"],"score":1458,"play_id":"d9dfbbf3-fa26-453b-995d-1212f0cba9a3","local_time":"20190126035131","is_ascension_mode":true,"campfire_choices":[{"data":"Barricade","floor":10,"key":"SMITH"},{"data":"Armaments","floor":12,"key":"SMITH"},{"data":"Rampage","floor":15,"key":"SMITH"},{"data":"Rage","floor":28,"key":"SMITH"},{"data":"Body Slam","floor":32,"key":"SMITH"},{"data":"Body Slam","floor":40,"key":"SMITH"},{"floor":42,"key":"RECALL"},{"data":"Metallicize","floor":44,"key":"SMITH"},{"data":"Strike_R","floor":49,"key":"PURGE"},{"data":"Rampage","floor":52,"key":"SMITH"}],"neow_cost":"PERCENT_DAMAGE","seed_source_timestamp":19957341253041,"circlet_count":0,"master_deck":["Rampage+1","Barricade+1","Rage+1","Iron Wave+1","Pommel Strike+1","Rage","Armaments+1","Body Slam+1","Shrug It Off+1","Havoc+1","Rage+1","Rampage+1","Headbutt+1","Body Slam+1","Fire Breathing+1","Rupture+1","Thinking Ahead+1","Metallicize+1"],"relics":["Burning Blood","TheAbacus","Oddly Smooth Stone","Blood Vial","Pen Nib","Mummified Hand","Empty Cage","StoneCalendar","Self Forming Clay","Bottled Lightning","Anchor","Bronze Scales","Matryoshka","Whetstone","Omamori","Lizard Tail","Magic Flower","PreservedInsect","PrismaticShard","Ornamental Fan","Potion Belt","Peace Pipe","Blue Candle","Vajra","War Paint"],"potions_floor_usage":[8,11,14,16,21,25,33,45,50,55,55,55],"damage_taken":[{"damage":2,"enemies":"2 Louse","floor":1,"turns":3},{"damage":6,"enemies":"Cultist","floor":4,"turns":4},{"damage":2,"enemies":"Jaw Worm","floor":5,"turns":4},{"damage":24,"enemies":"Lagavulin","floor":6,"turns":8},{"damage":2,"enemies":"Looter","floor":7,"turns":3},{"damage":6,"enemies":"Large Slime","floor":8,"turns":9},{"damage":12,"enemies":"Gremlin Nob","floor":11,"turns":4},{"damage":0,"enemies":"3 Louse","floor":13,"turns":3},{"damage":15,"enemies":"3 Sentries","floor":14,"turns":8},{"damage":21,"enemies":"Hexaghost","floor":16,"turns":8},{"damage":6,"enemies":"3 Byrds","floor":18,"turns":7},{"damage":7,"enemies":"2 Thieves","floor":19,"turns":4},{"damage":0,"enemies":"Colosseum Slavers","floor":20,"turns":5},{"damage":43,"enemies":"Colosseum Nobs","floor":20,"turns":6},{"damage":0,"enemies":"Centurion and Healer","floor":21,"turns":4},{"damage":15,"enemies":"Book of Stabbing","floor":23,"turns":6},{"damage":6,"enemies":"Gremlin Leader","floor":25,"turns":7},{"damage":0,"enemies":"Cultist and Chosen","floor":29,"turns":3},{"damage":0,"enemies":"Snake Plant","floor":30,"turns":3},{"damage":7,"enemies":"Book of Stabbing","floor":31,"turns":5},{"damage":5,"enemies":"Champ","floor":33,"turns":6},{"damage":0,"enemies":"Orb Walker","floor":35,"turns":3},{"damage":9,"enemies":"3 Darklings","floor":37,"turns":5},{"damage":0,"enemies":"Maw","floor":38,"turns":6},{"damage":29,"enemies":"2 Orb Walkers","floor":45,"turns":6},{"damage":5,"enemies":"Giant Head","floor":46,"turns":5},{"damage":26,"enemies":"4 Shapes","floor":47,"turns":4},{"damage":6,"enemies":"Transient","floor":48,"turns":5},{"damage":5,"enemies":"Donu and Deca","floor":50,"turns":7},{"damage":12,"enemies":"Shield and Spear","floor":54,"turns":4},{"damage":76,"enemies":"The Heart","floor":55,"turns":7}],"seed_played":"-1855663774925247255","potions_obtained":[{"floor":5,"key":"Strength Potion"},{"floor":6,"key":"Block Potion"},{"floor":7,"key":"SpeedPotion"},{"floor":8,"key":"Explosive Potion"},{"floor":14,"key":"Strength Potion"},{"floor":16,"key":"Swift Potion"},{"floor":20,"key":"Weak Potion"},{"floor":23,"key":"PowerPotion"},{"floor":29,"key":"PowerPotion"},{"floor":30,"key":"Fire Potion"},{"floor":31,"key":"EssenceOfSteel"},{"floor":35,"key":"Energy Potion"},{"floor":45,"key":"EssenceOfSteel"},{"floor":47,"key":"GamblersBrew"}],"is_trial":false,"path_per_floor":["M","$","?","M","M","E","M","M","T","R","E","R","M","E","R","B",null,"M","M","?","M","?","E","$","E","T","$","R","M","M","E","R","B",null,"M","?","M","M","?","R","$","R","T","R","?","E","M","M","R","B",null,"R","$","E","B",null],"character_chosen":"IRONCLAD","items_purchased":["TheAbacus","Barricade","Anchor","Bronze Scales","Magic Flower","PreservedInsect","PrismaticShard","Thinking Ahead","Metallicize","Vajra","FearPotion","Swift Potion"],"campfire_rested":0,"item_purchase_floors":[2,2,24,24,41,41,41,41,41,53,53,53],"current_hp_per_floor":[60,60,60,60,64,46,50,50,50,50,46,46,54,47,47,34,80,80,79,43,51,51,44,44,46,46,46,46,54,62,63,63,66,80,80,80,77,80,80,80,80,80,80,80,60,67,53,59,59,66,80,80,80,77,13],"gold":74,"neow_bonus":"TWO_FIFTY_GOLD","is_prod":false,"is_daily":false,"chose_seed":false,"campfire_upgraded":8,"win_rate":0,"timestamp":1548481891,"path_taken":["M","$","?","M","M","E","?","M","T","R","E","R","?","E","R","BOSS","M","M","?","M","?","E","$","E","T","$","R","?","M","E","R","BOSS","M","?","M","M","?","R","$","R","T","R","?","E","M","M","R","BOSS","R","$","E","BOSS"],"build_version":"2019-01-23","purchased_purges":4,"victory":true,"max_hp_per_floor":[80,80,80,80,80,80,80,80,80,80,80,80,80,80,80,80,80,80,80,80,80,80,80,80,80,80,80,80,80,80,80,80,80,80,80,80,80,80,80,80,80,80,80,80,80,80,80,80,80,80,80,80,80,80,80],"card_choices":[{"not_picked":["Flex","Ghostly Armor"],"picked":"Rampage","floor":1},{"not_picked":["Corruption","Sever Soul"],"picked":"Rage","floor":4},{"not_picked":["Disarm","Combust"],"picked":"Iron Wave","floor":5},{"not_picked":["Bloodletting","Wild Strike"],"picked":"Pommel Strike","floor":6},{"not_picked":["Hemokinesis","Twin Strike","Anger"],"picked":"SKIP","floor":7},{"not_picked":["Heavy Blade","Fire Breathing"],"picked":"Rage","floor":8},{"not_picked":["Fiend Fire","Dropkick"],"picked":"Armaments","floor":11},{"not_picked":["Fire Breathing","Searing Blow"],"picked":"Body Slam","floor":13},{"not_picked":["Sever Soul","Bludgeon"],"picked":"Shrug It Off","floor":14},{"not_picked":["Corruption","Blood for Blood","Infernal Blade"],"picked":"SKIP","floor":18},{"not_picked":["Dual Wield","Headbutt"],"picked":"Havoc+1","floor":19},{"not_picked":["Fire Breathing","Twin Strike"],"picked":"Rage+1","floor":20},{"not_picked":["Havoc","Iron Wave","Pommel Strike"],"picked":"SKIP","floor":21},{"not_picked":["Feel No Pain","Clash"],"picked":"Headbutt+1","floor":23},{"not_picked":["Anger","Iron Wave","Brutality"],"picked":"SKIP","floor":25},{"not_picked":["Clash","Armaments","Iron Wave"],"picked":"SKIP","floor":29},{"not_picked":["Sword Boomerang","Rampage"],"picked":"Body Slam","floor":30},{"not_picked":["Sword Boomerang+1","Carnage"],"picked":"Fire Breathing+1","floor":31},{"not_picked":["Iron Wave+1","Pommel Strike"],"picked":"Rupture+1","floor":35},{"not_picked":["Shockwave+1","Thunderclap","Clash"],"picked":"SKIP","floor":37},{"not_picked":["Pommel Strike","Armaments+1","Thunderclap+1"],"picked":"SKIP","floor":38},{"not_picked":["Accuracy","Barrage","Fission"],"picked":"SKIP","floor":46},{"not_picked":["Perfected Strike","Rebound+1","Streamline"],"picked":"SKIP","floor":47},{"not_picked":["Hello World","True Grit","Wild Strike"],"picked":"SKIP","floor":48},{"not_picked":["True Grit+1","Genetic Algorithm+1","Gash"],"picked":"SKIP","floor":54}],"player_experience":120506,"relics_obtained":[{"floor":6,"key":"Oddly Smooth Stone"},{"floor":9,"key":"Blood Vial"},{"floor":11,"key":"Pen Nib"},{"floor":14,"key":"Mummified Hand"},{"floor":20,"key":"StoneCalendar"},{"floor":20,"key":"Self Forming Clay"},{"floor":23,"key":"Bottled Lightning"},{"floor":25,"key":"Matryoshka"},{"floor":26,"key":"Whetstone"},{"floor":31,"key":"Omamori"},{"floor":43,"key":"Ornamental Fan"},{"floor":43,"key":"Potion Belt"},{"floor":45,"key":"Peace Pipe"},{"floor":46,"key":"Blue Candle"},{"floor":54,"key":"War Paint"}],"event_choices":[{"cards_removed":["Defend_R"],"damage_healed":0,"gold_gain":0,"player_choice":"Purged","damage_taken":0,"max_hp_gain":0,"max_hp_loss":0,"event_name":"Purifier","floor":3,"gold_loss":0},{"damage_healed":0,"gold_gain":0,"player_choice":"Fight","damage_taken":0,"max_hp_gain":0,"max_hp_loss":0,"event_name":"Colosseum","floor":20,"gold_loss":0},{"damage_healed":0,"gold_gain":0,"player_choice":"Fought Nobs","damage_taken":0,"max_hp_gain":0,"max_hp_loss":0,"event_name":"Colosseum","floor":20,"gold_loss":0},{"damage_healed":0,"gold_gain":0,"cards_transformed":["Defend_R"],"player_choice":"Transformed","damage_taken":0,"max_hp_gain":0,"max_hp_loss":0,"event_name":"Transmorgrifier","floor":22,"gold_loss":0,"cards_obtained":["Rampage"]},{"damage_healed":0,"gold_gain":999,"player_choice":"Gold","damage_taken":0,"max_hp_gain":0,"max_hp_loss":0,"event_name":"MindBloom","floor":36,"gold_loss":0,"cards_obtained":["Normality","Normality"]},{"cards_removed":["Bash"],"damage_healed":0,"gold_gain":0,"player_choice":"Removed Attack","damage_taken":0,"max_hp_gain":0,"max_hp_loss":0,"event_name":"Falling","floor":39,"gold_loss":0},{"damage_healed":0,"gold_gain":0,"player_choice":"Fight","damage_taken":0,"max_hp_gain":0,"max_hp_loss":0,"event_name":"Mysterious Sphere","floor":45,"gold_loss":0}],"is_beta":false,"boss_relics":[{"not_picked":["Mark of Pain","Coffee Dripper"],"picked":"Empty Cage"},{"not_picked":["Orrery","Runic Pyramid"],"picked":"Lizard Tail"}],"items_purged_floors":[2,24,27,41],"is_endless":false,"potions_floor_spawned":[5,6,7,8,14,16,20,23,29,30,31,35,45,47],"ascension_level":2}