{"gold_per_floor":[117,117,46,65,145,171,171,200,223,234,234,309,309,325,325,428,478,488,488,506,262,222,240,259,270,270,270,281,281,296,308,308,308],"floor_reached":33,"playtime":1797,"items_purged":["Strike_G"],"score":341,"play_id":"4f27ccf1-fd2c-418d-92ed-539237e5be83","local_time":"20190420001510","is_ascension_mode":true,"campfire_choices":[{"data":"Dash","floor":7.0,"key":"SMITH"},{"floor":11.0,"key":"REST"},{"floor":13.0,"key":"REST"},{"floor":15.0,"key":"REST"},{"floor":27,"key":"REST"},{"floor":32,"key":"REST"}],"neow_cost":"NONE","seed_source_timestamp":48055978920051,"circlet_count":0,"master_deck":["Defend_G","Defend_G","Defend_G","Defend_G","Defend_G","Strike_G+1","Strike_G","Strike_G","Strike_G","Survivor","Neutralize","Cloak And Dagger","Dash+1","Footwork","Finisher","Deadly Poison","Deadly Poison","Flying Knee","Die Die Die","Distraction","Backstab","Blur","Panache+1","Quick Slash","Leg Sweep","Poisoned Stab","Blur+1"],"special_seed":0,"relics":["Ring of the Snake","NeowsBlessing","Lantern","Mercury Hourglass","Oddly Smooth Stone","Tiny House","MutagenicStrength","Omamori"],"potions_floor_usage":[25],"damage_taken":[{"damage":0.0,"enemies":"Jaw Worm","floor":1.0,"turns":1.0},{"damage":0.0,"enemies":"Small Slimes","floor":4.0,"turns":1.0},{"damage":0.0,"enemies":"Gremlin Nob","floor":6.0,"turns":1.0},{"damage":23.0,"enemies":"Lagavulin","floor":8.0,"turns":10.0},{"damage":0.0,"enemies":"2 Louse","floor":10.0,"turns":1.0},{"damage":10.0,"enemies":"Exordium Thugs","floor":14.0,"turns":4.0},{"damage":5.0,"enemies":"The Guardian","floor":16.0,"turns":11.0},{"damage":2.0,"enemies":"Spheric Guardian","floor":18.0,"turns":3.0},{"damage":0.0,"enemies":"3 Byrds","floor":20.0,"turns":4.0},{"damage":16.0,"enemies":"Sentry and Sphere","floor":23.0,"turns":5.0},{"damage":11.0,"enemies":"Snecko","floor":24.0,"turns":4.0},{"damage":21,"enemies":"Shelled Parasite and Fungi","floor":25,"turns":3},{"damage":7,"enemies":"Centurion and Healer","floor":28,"turns":4},{"damage":0,"enemies":"Chosen and Byrds","floor":30,"turns":4},{"damage":40,"enemies":"Sentry and Sphere","floor":31,"turns":6},{"damage":55,"enemies":"Automaton","floor":33,"turns":6}],"seed_played":"3330330170075951387","potions_obtained":[{"floor":1.0,"key":"PowerPotion"},{"floor":8.0,"key":"Poison Potion"},{"floor":17.0,"key":"Fruit Juice"},{"floor":20.0,"key":"AttackPotion"},{"floor":25,"key":"FearPotion"},{"floor":30,"key":"AttackPotion"}],"is_trial":false,"path_per_floor":["M","?","$","M","?","E","R","E","T","M","R","?","R","M","R","B",null,"M","?","M","$","?","M","M","M","T","R","M","?","M","M","R","B"],"character_chosen":"THE_SILENT","items_purchased":["Dash","Panache"],"campfire_rested":5,"item_purchase_floors":[3,21],"current_hp_per_floor":[70,70,70,70,70,70,70,47,47,47,68,57,70,60,70,65,75,73,73,73,73,73,57,46,30,30,54,47,47,47,7,31,0],"gold":308,"neow_bonus":"THREE_ENEMY_KILL","is_prod":false,"is_daily":false,"chose_seed":false,"campfire_upgraded":1,"win_rate":0,"timestamp":1555715710,"path_taken":["M","?","$","M","?","E","R","E","T","M","R","?","R","M","R","BOSS","M","?","M","$","?","M","?","?","T","R","M","?","M","M","R","BOSS"],"build_version":"2019-01-23","purchased_purges":1,"victory":false,"max_hp_per_floor":[70,70,70,70,70,70,70,70,70,70,70,70,70,70,70,70,75,75,75,75,75,75,75,75,80,80,80,80,80,80,80,80,80],"card_choices":[{"not_picked":["Backflip","Prepared"],"picked":"Cloak And Dagger","floor":1.0},{"not_picked":["Flying Knee","Sucker Punch"],"picked":"Footwork","floor":4.0},{"not_picked":["Envenom","Deflect"],"picked":"Finisher","floor":6.0},{"not_picked":["Wraith Form v2","Acrobatics"],"picked":"Deadly Poison","floor":8.0},{"not_picked":["Reflex","Accuracy"],"picked":"Deadly Poison","floor":10.0},{"not_picked":["Flechettes","Prepared"],"picked":"Flying Knee","floor":14.0},{"not_picked":["Burst","Storm of Steel"],"picked":"Die Die Die","floor":16.0},{"not_picked":["Endless Agony","Accuracy"],"picked":"Distraction","floor":17.0},{"not_picked":["Dodge and Roll","Dagger Throw"],"picked":"Backstab","floor":18.0},{"not_picked":["Accuracy","All Out Attack+1"],"picked":"Blur","floor":20.0},{"not_picked":["Distraction","Choke"],"picked":"Quick Slash","floor":23.0},{"not_picked":["Sucker Punch+1","Well Laid Plans"],"picked":"Leg Sweep","floor":24.0},{"not_picked":["Bane","Dagger Throw","Outmaneuver"],"picked":"SKIP","floor":25},{"not_picked":["Leg Sweep","Slice+1"],"picked":"Poisoned Stab","floor":28},{"not_picked":["Slice","Concentrate"],"picked":"Blur+1","floor":30},{"not_picked":["Dodge and Roll+1","Underhanded Strike","Predator"],"picked":"SKIP","floor":31}],"player_experience":669036,"relics_obtained":[{"floor":6.0,"key":"Lantern"},{"floor":8.0,"key":"Mercury Hourglass"},{"floor":9.0,"key":"Oddly Smooth Stone"},{"floor":26,"key":"Omamori"}],"event_choices":[{"damage_healed":0.0,"max_hp_gain":0.0,"max_hp_loss":0.0,"gold_gain":0.0,"event_name":"Shining Light","player_choice":"Ignored","floor":2.0,"gold_loss":0.0,"damage_taken":0.0},{"damage_healed":0.0,"max_hp_gain":0.0,"max_hp_loss":0.0,"gold_gain":80.0,"event_name":"Golden Wing","player_choice":"Gained Gold","floor":5.0,"gold_loss":0.0,"damage_taken":0.0},{"damage_healed":0.0,"max_hp_gain":0.0,"max_hp_loss":0.0,"gold_gain":75.0,"event_name":"World of Goop","player_choice":"Gather Gold","floor":12.0,"gold_loss":0.0,"damage_taken":11.0},{"damage_healed":0.0,"max_hp_gain":0.0,"max_hp_loss":0.0,"gold_gain":0.0,"event_name":"Drug Dealer","player_choice":"Inject Mutagens","floor":19.0,"gold_loss":0.0,"damage_taken":0.0,"relics_obtained":["MutagenicStrength"]},{"damage_healed":0.0,"max_hp_gain":0.0,"max_hp_loss":0.0,"gold_gain":0.0,"event_name":"Designer","player_choice":"Upgrade","floor":22.0,"gold_loss":40.0,"damage_taken":0.0,"cards_upgraded":["Panache"]},{"damage_healed":0,"gold_gain":0,"player_choice":"Smashed Altar","damage_taken":0,"max_hp_gain":0,"max_hp_loss":0,"event_name":"Forgotten Altar","floor":29,"gold_loss":0,"cards_obtained":["Decay"]}],"is_beta":false,"boss_relics":[{"not_picked":["Runic Dome","Calling Bell"],"picked":"Tiny House"}],"items_purged_floors":[21],"is_endless":false,"potions_floor_spawned":[1,8,20,25,30],"killed_by":"Automaton","ascension_level":4}