{"gold_per_floor":[112,124,141,157,35,62,62,94,144,144,161,161,161,171,171,273,273,259,270,240,253,263,263,294,8,34,68,86,86,13,26,26,127,127,140,1139,1139,1139,403,436,436,49,49,49,60,89,105,105,105,105],"floor_reached":51,"playtime":4315,"items_purged":["Strike_B","Normality","Normality"],"score":830,"play_id":"e6d5679b-5698-4d4d-9e9f-96f1885312c4","local_time":"20190324154104","is_ascension_mode":false,"campfire_choices":[{"data":"Defragment","floor":7,"key":"SMITH"},{"data":"Zap","floor":10,"key":"SMITH"},{"data":"Creative AI","floor":13,"key":"SMITH"},{"data":"Dualcast","floor":15,"key":"SMITH"},{"data":"Hyperbeam","floor":23,"key":"SMITH"},{"data":"Barrage","floor":29,"key":"SMITH"},{"data":"Barrage","floor":32,"key":"SMITH"},{"data":"Electrodynamics","floor":41,"key":"SMITH"},{"floor":44,"key":"DIG"},{"floor":49,"key":"REST"}],"neow_cost":"TEN_PERCENT_HP_LOSS","seed_source_timestamp":799853623304800,"circlet_count":0,"master_deck":["Strike_B","Defend_B","Defend_B","Defend_B","Zap+1","Dualcast+1","Glacier","Defragment+1","Coolheaded","Chill","Creative AI+1","Hyperbeam+1","Barrage+1","Capacitor+1","Chill","Barrage+1","Electrodynamics+1","Parasite"],"relics":["Cracked Core","Bag of Preparation","Pantograph","Blood Vial","Runic Dome","Anchor","Thread and Needle","Oddly Smooth Stone","Singing Bowl","Lizard Tail","HandDrill","Nunchaku","Centennial Puzzle","Mercury Hourglass","Shovel","Torii","FossilizedHelix"],"potions_floor_usage":[6,16,16,22,22,24,28,31,33,40,45,50,50,50],"damage_taken":[{"damage":0,"enemies":"Cultist","floor":1,"turns":3},{"damage":2,"enemies":"Small Slimes","floor":2,"turns":3},{"damage":0,"enemies":"Jaw Worm","floor":3,"turns":5},{"damage":7,"enemies":"Exordium Thugs","floor":4,"turns":6},{"damage":38,"enemies":"Gremlin Nob","floor":6,"turns":8},{"damage":8,"enemies":"3 Sentries","floor":8,"turns":11},{"damage":0,"enemies":"Large Slime","floor":11,"turns":7},{"damage":0,"enemies":"3 Louse","floor":14,"turns":4},{"damage":0,"enemies":"Hexaghost","floor":16,"turns":14},{"damage":7,"enemies":"2 Thieves","floor":18,"turns":4},{"damage":22,"enemies":"3 Byrds","floor":19,"turns":4},{"damage":1,"enemies":"Sentry and Sphere","floor":21,"turns":6},{"damage":14,"enemies":"Snake Plant","floor":22,"turns":4},{"damage":2,"enemies":"Book of Stabbing","floor":24,"turns":7},{"damage":7,"enemies":"Slavers","floor":27,"turns":7},{"damage":1,"enemies":"Chosen and Byrds","floor":28,"turns":6},{"damage":0,"enemies":"Centurion and Healer","floor":31,"turns":6},{"damage":33,"enemies":"Automaton","floor":33,"turns":9},{"damage":0,"enemies":"3 Shapes","floor":35,"turns":1},{"damage":17,"enemies":"Giant Head","floor":40,"turns":10},{"damage":0,"enemies":"3 Darklings","floor":45,"turns":4},{"damage":23,"enemies":"Reptomancer","floor":46,"turns":8},{"damage":0,"enemies":"Writhing Mass","floor":47,"turns":5},{"damage":0,"enemies":"Time Eater","floor":50,"turns":11}],"seed_played":"9168226137275336133","potions_obtained":[{"floor":2,"key":"Energy Potion"},{"floor":4,"key":"PowerPotion"},{"floor":6,"key":"FearPotion"},{"floor":8,"key":"EssenceOfSteel"},{"floor":20,"key":"Poison Potion"},{"floor":20,"key":"EssenceOfSteel"},{"floor":24,"key":"Poison Potion"},{"floor":31,"key":"LiquidBronze"},{"floor":40,"key":"SpeedPotion"},{"floor":46,"key":"Weak Potion"},{"floor":47,"key":"FocusPotion"}],"is_trial":false,"path_per_floor":["M","M","M","M","$","E","R","E","T","R","M","?","R","M","R","B",null,"M","M","?","M","M","R","E","$","T","E","M","R","$","M","R","B",null,"M","?","?","?","$","E","R","$","T","R","M","E","M","?","R","B",null],"character_chosen":"DEFECT","items_purchased":["Coolheaded","Thread and Needle","Regen Potion","Block Potion","AttackPotion","FearPotion","HandDrill","Nunchaku","Mercury Hourglass"],"campfire_rested":1,"item_purchase_floors":[5,25,30,39,39,39,39,39,42],"current_hp_per_floor":[68,66,66,59,59,21,21,13,13,13,15,15,15,17,17,44,68,61,41,41,42,30,30,30,30,30,25,28,28,28,45,45,37,70,72,72,72,72,72,57,57,57,57,57,61,42,46,48,72,82],"gold":105,"neow_bonus":"REMOVE_TWO","is_prod":false,"is_daily":false,"chose_seed":false,"campfire_upgraded":8,"win_rate":0.0,"timestamp":1553434864,"path_taken":["M","M","M","M","?","E","R","E","T","R","M","?","R","M","R","BOSS","M","M","?","M","M","R","E","$","T","E","M","R","?","M","R","BOSS","M","?","?","?","$","E","R","$","T","R","M","E","M","?","R","BOSS"],"build_version":"2019-01-23","purchased_purges":3,"victory":true,"max_hp_per_floor":[68,68,68,68,68,68,68,68,68,68,68,68,68,68,68,68,68,68,68,68,68,68,68,68,68,68,68,70,70,70,70,70,70,70,72,72,72,72,72,74,74,74,74,74,76,78,80,82,82,82],"card_choices":[{"not_picked":["Rebound","Storm","Hologram"],"picked":"SKIP","floor":1},{"not_picked":["Go for the Eyes","Recycle"],"picked":"Glacier","floor":2},{"not_picked":["Steam","Compile Driver","Skim"],"picked":"SKIP","floor":3},{"not_picked":["Lockon","Rebound"],"picked":"Defragment","floor":4},{"not_picked":["Gash","Rebound","Go for the Eyes"],"picked":"SKIP","floor":6},{"not_picked":["Skim","FTL"],"picked":"Chill","floor":8},{"not_picked":["Coolheaded","Chaos"],"picked":"Creative AI","floor":11},{"not_picked":["Doom and Gloom","Ball Lightning","Streamline"],"picked":"SKIP","floor":14},{"not_picked":["Creative AI","Biased Cognition"],"picked":"Hyperbeam","floor":16},{"not_picked":["Streamline","Storm+1","Reinforced Body"],"picked":"SKIP","floor":18},{"not_picked":["Melter+1","BootSequence"],"picked":"Barrage","floor":19},{"not_picked":["Coolheaded","Compile Driver"],"picked":"Capacitor+1","floor":21},{"not_picked":["Rebound","Coolheaded","Sweeping Beam"],"picked":"SKIP","floor":22},{"not_picked":["Tempest","Machine Learning","Fusion"],"picked":"SKIP","floor":24},{"not_picked":["Undo+1","Blizzard"],"picked":"Chill","floor":27},{"not_picked":["Turbo","Compile Driver","Steam+1"],"picked":"Singing Bowl","floor":28},{"not_picked":["Aggregate","BootSequence"],"picked":"Barrage","floor":31},{"not_picked":["Amplify","Multi-Cast"],"picked":"Electrodynamics","floor":33},{"not_picked":["BootSequence+1","Barrage","White Noise"],"picked":"Singing Bowl","floor":35},{"not_picked":["All For One","Melter","Sweeping Beam"],"picked":"Singing Bowl","floor":40},{"not_picked":["Chill","Sweeping Beam+1","Cold Snap+1"],"picked":"Singing Bowl","floor":45},{"not_picked":["Sunder","Rebound+1","Steam"],"picked":"Singing Bowl","floor":46},{"not_picked":["Barrage","Ball Lightning","Hello World+1"],"picked":"Singing Bowl","floor":47},{"not_picked":["Dark Shackles","Bandage Up","Trip"],"picked":"Singing Bowl","floor":48}],"player_experience":90224,"relics_obtained":[{"floor":6,"key":"Bag of Preparation"},{"floor":8,"key":"Pantograph"},{"floor":9,"key":"Blood Vial"},{"floor":24,"key":"Anchor"},{"floor":26,"key":"Oddly Smooth Stone"},{"floor":27,"key":"Singing Bowl"},{"floor":40,"key":"Centennial Puzzle"},{"floor":43,"key":"Shovel"},{"floor":44,"key":"Torii"},{"floor":46,"key":"FossilizedHelix"}],"event_choices":[{"damage_healed":0,"gold_gain":0,"player_choice":"Ignored","damage_taken":0,"max_hp_gain":0,"max_hp_loss":0,"event_name":"Liars Game","floor":12,"gold_loss":0},{"damage_healed":0,"gold_gain":0,"player_choice":"Bought 2 Potions","damage_taken":0,"max_hp_gain":0,"max_hp_loss":0,"event_name":"The Woman in Blue","floor":20,"gold_loss":0},{"damage_healed":0,"gold_gain":999,"player_choice":"Gold","damage_taken":0,"max_hp_gain":0,"max_hp_loss":0,"event_name":"MindBloom","floor":36,"gold_loss":0,"cards_obtained":["Normality","Normality"]},{"damage_healed":0,"gold_gain":0,"player_choice":"Ignored","damage_taken":0,"max_hp_gain":0,"max_hp_loss":0,"event_name":"Tomb of Lord Red Mask","floor":37,"gold_loss":0},{"cards_removed":["Defend_B"],"damage_healed":0,"gold_gain":0,"player_choice":"Removed Skill","damage_taken":0,"max_hp_gain":0,"max_hp_loss":0,"event_name":"Falling","floor":38,"gold_loss":0},{"damage_healed":0,"gold_gain":0,"player_choice":"Memory 1","damage_taken":0,"max_hp_gain":0,"max_hp_loss":0,"event_name":"SensoryStone","floor":48,"gold_loss":0}],"is_beta":false,"boss_relics":[{"not_picked":["Ectoplasm","Calling Bell"],"picked":"Runic Dome"},{"not_picked":["Busted Crown","Philosopher\u0027s Stone"],"picked":"Lizard Tail"}],"items_purged_floors":[5,39,42],"is_endless":false,"potions_floor_spawned":[2,4,6,8,11,21,24,31,40,46,47],"ascension_level":0}