{"gold_per_floor":[218,232,251,270,195,195,39,51,78,111,111,141,154,189,189,261,261,274,186,186,200,200,200,228,228,251,251,270,270,295,328,328,328],"floor_reached":33,"playtime":1296,"items_purged":[],"score":530,"play_id":"562c0b03-d072-4fe3-b74f-0d8c1fe00340","local_time":"20190225093210","is_ascension_mode":true,"campfire_choices":[{"data":"Shockwave","floor":6.0,"key":"SMITH"},{"data":"Armaments","floor":11.0,"key":"SMITH"},{"data":"Rampage","floor":15.0,"key":"SMITH"},{"data":"Havoc","floor":23.0,"key":"SMITH"},{"data":"Metallicize","floor":25.0,"key":"SMITH"},{"floor":29,"key":"REST"},{"floor":32,"key":"REST"}],"neow_cost":"NONE","seed_source_timestamp":6406401034590,"circlet_count":0,"master_deck":["AscendersBane","Strike_R","Defend_R","Defend_R","Defend_R","Defend_R","Bash","Clothesline","Shockwave+1","Flame Barrier","Metallicize+1","Twin Strike","Armaments+1","Rampage+1","Pommel Strike","Offering","Armaments+1","Berserk+1","Carnage+1","Havoc+1","Shrug It Off","Inflame","Anger","Juggernaut"],"special_seed":0,"relics":["Burning Blood","Bag of Marbles","Bronze Scales","Oddly Smooth Stone","Astrolabe","Nloth\u0027s Gift","Juzu Bracelet","Potion Belt","Anchor","Red Mask"],"potions_floor_usage":[30],"damage_taken":[{"damage":1.0,"enemies":"Cultist","floor":1.0,"turns":3.0},{"damage":9.0,"enemies":"2 Louse","floor":2.0,"turns":4.0},{"damage":0.0,"enemies":"Small Slimes","floor":3.0,"turns":3.0},{"damage":6.0,"enemies":"Exordium Wildlife","floor":4.0,"turns":4.0},{"damage":4.0,"enemies":"2 Fungi Beasts","floor":8.0,"turns":5.0},{"damage":9.0,"enemies":"Gremlin Nob","floor":10.0,"turns":5.0},{"damage":25.0,"enemies":"3 Sentries","floor":12.0,"turns":11.0},{"damage":0.0,"enemies":"3 Louse","floor":13.0,"turns":3.0},{"damage":7.0,"enemies":"Lagavulin","floor":14.0,"turns":7.0},{"damage":20.0,"enemies":"The Guardian","floor":16.0,"turns":12.0},{"damage":11.0,"enemies":"Spheric Guardian","floor":18.0,"turns":4.0},{"damage":11.0,"enemies":"Shell Parasite","floor":21.0,"turns":6.0},{"damage":20.0,"enemies":"Book of Stabbing","floor":24.0,"turns":5.0},{"damage":17,"enemies":"Shelled Parasite and Fungi","floor":28,"turns":5},{"damage":32,"enemies":"Slavers","floor":30,"turns":6},{"damage":8,"enemies":"Masked Bandits","floor":31,"turns":5},{"damage":64,"enemies":"Automaton","floor":33,"turns":6}],"seed_played":"-2790178467432816815","potions_obtained":[{"floor":1.0,"key":"Block Potion"},{"floor":4.0,"key":"PowerPotion"},{"floor":12.0,"key":"AttackPotion"},{"floor":14.0,"key":"Block Potion"},{"floor":28,"key":"SkillPotion"},{"floor":30,"key":"Energy Potion"},{"floor":31,"key":"BloodPotion"}],"is_trial":false,"path_per_floor":["M","M","M","M","?","R","$","M","T","E","R","E","M","E","R","B",null,"M","$","?","M","?","R","E","R","T","?","M","R","E","?","R","B"],"character_chosen":"IRONCLAD","items_purchased":["Flame Barrier","Metallicize","Twin Strike","Shrug It Off","Inflame"],"campfire_rested":2,"item_purchase_floors":[7,7,7,19,19],"current_hp_per_floor":[73,70,75,75,75,75,75,75,75,72,72,55,63,64,64,52,69,66,66,66,61,61,61,47,47,47,47,36,58,32,30,52,0],"gold":328,"neow_bonus":"HUNDRED_GOLD","is_prod":false,"is_daily":false,"chose_seed":false,"campfire_upgraded":5,"win_rate":0,"timestamp":1551115930,"path_taken":["M","?","M","M","?","R","$","M","T","E","R","E","M","E","R","BOSS","M","$","?","?","?","R","E","R","T","?","M","R","E","?","R","BOSS"],"build_version":"2019-01-23","purchased_purges":0,"victory":false,"max_hp_per_floor":[75,75,75,75,75,75,75,75,75,75,75,75,75,75,75,75,75,75,75,75,75,75,75,75,75,75,75,75,75,75,75,75,75],"card_choices":[{"not_picked":["Fire Breathing","Perfected Strike"],"picked":"Clothesline","floor":1.0},{"not_picked":["Power Through","Sentinel"],"picked":"Shockwave","floor":2.0},{"not_picked":["Warcry","Infernal Blade","Clothesline"],"picked":"SKIP","floor":3.0},{"not_picked":["Corruption","Perfected Strike","Thunderclap"],"picked":"SKIP","floor":4.0},{"not_picked":["Wild Strike","Cleave"],"picked":"Armaments","floor":8.0},{"not_picked":["Power Through","Iron Wave"],"picked":"Rampage","floor":10.0},{"not_picked":["Rupture","Blood for Blood","Intimidate"],"picked":"SKIP","floor":12.0},{"not_picked":["Corruption","Body Slam","Clash"],"picked":"SKIP","floor":13.0},{"not_picked":["Headbutt","Double Tap"],"picked":"Pommel Strike","floor":14.0},{"not_picked":["Feed","Barricade"],"picked":"Offering","floor":16.0},{"not_picked":["Perfected Strike","Sword Boomerang+1"],"picked":"Havoc","floor":18.0},{"not_picked":["True Grit","Clothesline","Perfected Strike"],"picked":"SKIP","floor":21.0},{"not_picked":["Entrench","Pummel"],"picked":"Anger","floor":24.0},{"not_picked":["Seeing Red","Flex","Sentinel"],"picked":"SKIP","floor":28},{"not_picked":["Seeing Red","Body Slam"],"picked":"Juggernaut","floor":30}],"player_experience":2256851,"relics_obtained":[{"floor":9.0,"key":"Bag of Marbles"},{"floor":10.0,"key":"Blood Vial"},{"floor":12.0,"key":"Bronze Scales"},{"floor":14.0,"key":"Oddly Smooth Stone"},{"floor":24.0,"key":"Juzu Bracelet"},{"floor":26.0,"key":"Potion Belt"},{"floor":30,"key":"Anchor"},{"floor":31,"key":"Red Mask"}],"event_choices":[{"cards_removed":["Strike_R"],"damage_healed":0.0,"max_hp_gain":0.0,"max_hp_loss":0.0,"gold_gain":0.0,"event_name":"The Cleric","player_choice":"Card Removal","floor":5.0,"gold_loss":75.0,"damage_taken":0.0},{"damage_healed":0.0,"max_hp_gain":0.0,"max_hp_loss":0.0,"gold_gain":0.0,"event_name":"N\u0027loth","player_choice":"Traded Relic","floor":20.0,"relics_lost":["Blood Vial"],"gold_loss":0.0,"damage_taken":0.0,"relics_obtained":["Nloth\u0027s Gift"]},{"damage_healed":0.0,"max_hp_gain":0.0,"max_hp_loss":0.0,"gold_gain":0.0,"event_name":"The Mausoleum","player_choice":"Ignored","floor":22.0,"gold_loss":0.0,"damage_taken":0.0},{"damage_healed":0.0,"max_hp_gain":0.0,"max_hp_loss":0.0,"gold_gain":0.0,"event_name":"Vampires","player_choice":"Ignored","floor":27.0,"gold_loss":0.0,"damage_taken":0.0},{"damage_healed":0,"gold_gain":0,"player_choice":"Fought Bandits","damage_taken":0,"max_hp_gain":0,"max_hp_loss":0,"event_name":"Masked Bandits","floor":31,"gold_loss":0}],"is_beta":false,"boss_relics":[{"not_picked":["Lizard Tail","Runic Cube"],"picked":"Astrolabe"}],"items_purged_floors":[],"is_endless":false,"potions_floor_spawned":[1,4,8,12,14,28,30,31],"killed_by":"Automaton","ascension_level":15}