{"gold_per_floor":[119,119,119,119,136,171,171,199,199,39,39,39,39,64,64,142,142,152,152,167,167,167,167,192,205,285,285,285,302,302,302],"floor_reached":31,"playtime":887,"items_purged":["Strike_B"],"score":584,"play_id":"55535f83-de6c-462b-aa0b-7ea428fd79fb","local_time":"20190217142623","is_ascension_mode":true,"campfire_choices":[{"data":"Sunder","floor":7.0,"key":"SMITH"},{"data":"Consume","floor":11.0,"key":"SMITH"},{"data":"Double Energy","floor":15.0,"key":"SMITH"},{"data":"Auto Shields","floor":23.0,"key":"SMITH"},{"data":"Coolheaded","floor":30.0,"key":"SMITH"}],"neow_cost":"NONE","seed_source_timestamp":0,"circlet_count":0,"master_deck":["AscendersBane","Strike_B","Defend_B","Defend_B","Defend_B","Defend_B","Zap","Dualcast","Auto Shields+1","Beam Cell","Ball Lightning","Sunder+1","Consume+1","Double Energy+1","Core Surge+1","Meteor Strike+1","Turbo","Capacitor","Self Repair+1","Coolheaded+1","Cold Snap+1","BootSequence+1"],"special_seed":0,"relics":["Cracked Core","NeowsBlessing","Emotion Chip","Meat on the Bone","Molten Egg 2","Dead Branch","Bag of Marbles","Sozu","Pear","Question Card","Bottled Flame"],"potions_floor_usage":[],"damage_taken":[{"damage":0.0,"enemies":"Small Slimes","floor":1.0,"turns":1.0},{"damage":0.0,"enemies":"Jaw Worm","floor":5.0,"turns":1.0},{"damage":0.0,"enemies":"3 Sentries","floor":6.0,"turns":1.0},{"damage":8.0,"enemies":"Lagavulin","floor":8.0,"turns":7.0},{"damage":30.0,"enemies":"3 Sentries","floor":14.0,"turns":5.0},{"damage":16.0,"enemies":"The Guardian","floor":16.0,"turns":9.0},{"damage":7.0,"enemies":"2 Thieves","floor":18.0,"turns":3.0},{"damage":19.0,"enemies":"Spheric Guardian","floor":20.0,"turns":3.0},{"damage":35.0,"enemies":"Slavers","floor":24.0,"turns":5.0},{"damage":11.0,"enemies":"Centurion and Healer","floor":25.0,"turns":5.0},{"damage":0.0,"enemies":"Snecko","floor":29.0,"turns":3.0},{"damage":56,"enemies":"Gremlin Leader","floor":31,"turns":5}],"seed_played":"5944775510977070375","potions_obtained":[{"floor":6.0,"key":"Weak Potion"},{"floor":14.0,"key":"SneckoOil"}],"is_trial":false,"path_per_floor":["M","?","?","?","M","E","R","E","T","$","R","?","$","E","R","B",null,"M","?","M","T","?","R","E","M","T","?","?","M","R","E"],"character_chosen":"DEFECT","items_purchased":["Double Energy"],"campfire_rested":0,"item_purchase_floors":[10],"current_hp_per_floor":[64,64,38,38,38,38,38,42,42,42,42,47,47,29,29,25,63,56,56,49,59,54,54,31,39,39,39,39,51,51,0],"gold":302,"neow_bonus":"THREE_ENEMY_KILL","is_prod":false,"is_daily":false,"chose_seed":true,"campfire_upgraded":5,"win_rate":0,"timestamp":1550384783,"path_taken":["M","?","?","?","M","E","R","E","T","$","R","?","$","E","R","BOSS","M","?","M","?","?","R","E","?","T","?","?","M","R","E"],"build_version":"2019-01-23","purchased_purges":1,"victory":false,"max_hp_per_floor":[71,71,71,71,71,71,71,71,71,71,71,76,76,76,76,76,76,76,76,76,86,86,86,86,86,86,86,86,86,86,86],"card_choices":[{"not_picked":["Steam","Compile Driver"],"picked":"Auto Shields","floor":1.0},{"not_picked":["Leap","Redo"],"picked":"Ball Lightning","floor":5.0},{"not_picked":["Coolheaded","Rip and Tear"],"picked":"Sunder","floor":6.0},{"not_picked":["Beam Cell","Compile Driver"],"picked":"Consume","floor":8.0},{"not_picked":["Sweeping Beam+1","Self Repair"],"picked":"Core Surge+1","floor":14.0},{"not_picked":["Amplify","Hyperbeam+1"],"picked":"Meteor Strike+1","floor":16.0},{"not_picked":["Force Field","Compile Driver+1"],"picked":"Turbo","floor":18.0},{"not_picked":["Rebound+1","Gash+1"],"picked":"Capacitor","floor":20.0},{"not_picked":["Gash+1","Ball Lightning+1"],"picked":"Self Repair","floor":24.0},{"not_picked":["Barrage+1","Auto Shields","Streamline+1"],"picked":"Coolheaded","floor":25.0},{"not_picked":["Fission","Barrage+1","FTL+1"],"picked":"BootSequence+1","floor":29.0}],"player_experience":2623818,"relics_obtained":[{"floor":6.0,"key":"Meat on the Bone"},{"floor":8.0,"key":"Molten Egg 2"},{"floor":9.0,"key":"Dead Branch"},{"floor":14.0,"key":"Bag of Marbles"},{"floor":21.0,"key":"Pear"},{"floor":24.0,"key":"Question Card"},{"floor":26.0,"key":"Bottled Flame"}],"event_choices":[{"damage_healed":0.0,"max_hp_gain":0.0,"max_hp_loss":0.0,"gold_gain":0.0,"cards_transformed":["Strike_B"],"event_name":"Living Wall","player_choice":"Change","floor":2.0,"gold_loss":0.0,"damage_taken":0.0,"cards_obtained":["Beam Cell"]},{"damage_healed":0.0,"max_hp_gain":0.0,"max_hp_loss":0.0,"gold_gain":0.0,"event_name":"Scrap Ooze","player_choice":"Success","floor":3.0,"gold_loss":0.0,"damage_taken":26.0,"relics_obtained":["Emotion Chip"]},{"damage_healed":0.0,"max_hp_gain":0.0,"max_hp_loss":0.0,"gold_gain":0.0,"event_name":"Shining Light","player_choice":"Ignored","floor":4.0,"gold_loss":0.0,"damage_taken":0.0},{"damage_healed":0.0,"max_hp_gain":5.0,"max_hp_loss":0.0,"gold_gain":0.0,"event_name":"Big Fish","player_choice":"Donut","floor":12.0,"gold_loss":0.0,"damage_taken":0.0},{"cards_removed":["Strike_B"],"damage_healed":0.0,"max_hp_gain":0.0,"max_hp_loss":0.0,"gold_gain":0.0,"event_name":"Back to Basics","player_choice":"Elegance","floor":19.0,"gold_loss":0.0,"damage_taken":0.0},{"damage_healed":0.0,"max_hp_gain":0.0,"max_hp_loss":0.0,"gold_gain":0.0,"event_name":"The Woman in Blue","player_choice":"Bought 0 Potions","floor":22.0,"gold_loss":0.0,"damage_taken":0.0},{"damage_healed":0.0,"max_hp_gain":0.0,"max_hp_loss":0.0,"gold_gain":0.0,"event_name":"The Library","player_choice":"Read","floor":27.0,"gold_loss":0.0,"damage_taken":0.0,"cards_obtained":["Cold Snap"]},{"damage_healed":0.0,"max_hp_gain":0.0,"max_hp_loss":0.0,"gold_gain":0.0,"event_name":"Upgrade Shrine","player_choice":"Upgraded","floor":28.0,"gold_loss":0.0,"damage_taken":0.0,"cards_upgraded":["Self Repair"]}],"is_beta":false,"boss_relics":[{"not_picked":["Empty Cage","Calling Bell"],"picked":"Sozu"}],"items_purged_floors":[10],"is_endless":false,"potions_floor_spawned":[6,14,20,25,29],"killed_by":"Gremlin Leader","ascension_level":20}