{"gold_per_floor":[116,41,54,67,47,47,61,61,61,61,61,89,109,109,109,187,187,200,180,54,66,66,66,83,8,8,27,27,42,42,42,42,114,114,129,142,142],"floor_reached":37,"playtime":1445,"items_purged":["Strike_G"],"score":693,"play_id":"3775a481-ffee-4efe-8733-8c5e2257babd","local_time":"20181026201047","is_ascension_mode":true,"campfire_choices":[{"data":"Neutralize","floor":6.0,"key":"SMITH"},{"data":"Catalyst","floor":8.0,"key":"SMITH"},{"data":"Footwork","floor":10.0,"key":"SMITH"},{"floor":15.0,"key":"REST"},{"floor":23.0,"key":"REST"},{"floor":28.0,"key":"REST"},{"floor":30.0,"key":"REST"},{"floor":32.0,"key":"REST"}],"neow_cost":"TEN_PERCENT_HP_LOSS","seed_source_timestamp":150475311846810,"circlet_count":0,"master_deck":["Defend_G","Defend_G+1","Defend_G","Defend_G","Defend_G","Strike_G","Strike_G","Strike_G","Survivor","Neutralize+1","AscendersBane","Burst+1","Slice","Footwork+1","Dagger Spray","Deadly Poison+1","Dagger Throw","Catalyst+1","Dodge and Roll+1","Bane","Venomology+1","Cloak And Dagger+1","PiercingWail+1","Dodge and Roll+1","Normality","Prepared+1","Burst+1","Dash","Distraction+1"],"special_seed":0,"relics":["Ring of the Snake","StoneCalendar","Toxic Egg 2","Cursed Key","War Paint","Eternal Feather"],"potions_floor_usage":[35,37],"damage_taken":[{"damage":5.0,"enemies":"Cultist","floor":1.0,"turns":5.0},{"damage":1.0,"enemies":"Small Slimes","floor":3.0,"turns":5.0},{"damage":1.0,"enemies":"2 Louse","floor":4.0,"turns":4.0},{"damage":8.0,"enemies":"Exordium Thugs","floor":5.0,"turns":4.0},{"damage":0.0,"enemies":"2 Fungi Beasts","floor":7.0,"turns":4.0},{"damage":35.0,"enemies":"Gremlin Nob","floor":12.0,"turns":5.0},{"damage":8.0,"enemies":"Lots of Slimes","floor":13.0,"turns":5.0},{"damage":21.0,"enemies":"The Guardian","floor":16.0,"turns":10.0},{"damage":18.0,"enemies":"2 Thieves","floor":18.0,"turns":4.0},{"damage":5.0,"enemies":"Chosen","floor":21.0,"turns":5.0},{"damage":8.0,"enemies":"Colosseum Slavers","floor":22.0,"turns":6.0},{"damage":5.0,"enemies":"Snake Plant","floor":24.0,"turns":5.0},{"damage":23.0,"enemies":"Centurion and Healer","floor":27.0,"turns":7.0},{"damage":11.0,"enemies":"Sentry and Sphere","floor":29.0,"turns":10.0},{"damage":48.0,"enemies":"Collector","floor":33.0,"turns":8.0},{"damage":24,"enemies":"3 Shapes","floor":35,"turns":9},{"damage":24,"enemies":"Orb Walker","floor":36,"turns":5},{"damage":7,"enemies":"Mind Bloom Boss Battle","floor":37,"turns":4}],"seed_played":"4216857024797933491","potions_obtained":[{"floor":5.0,"key":"FairyPotion"},{"floor":12.0,"key":"Strength Potion"},{"floor":18.0,"key":"SpeedPotion"},{"floor":24.0,"key":"Energy Potion"},{"floor":33.0,"key":"LiquidBronze"}],"is_trial":false,"path_per_floor":["M","$","M","M","M","R","M","R","T","R","?","E","M","?","R","B",null,"M","?","$","M","?","R","M","?","T","M","R","M","R","?","R","B",null,"M","M"],"character_chosen":"THE_SILENT","items_purchased":["Footwork","PiercingWail+1"],"campfire_rested":5,"item_purchase_floors":[2,20],"current_hp_per_floor":[54,54,53,52,44,44,44,44,44,44,49,14,6,6,25,4,50,32,32,32,27,19,38,33,33,33,10,29,18,37,37,56,8,51,27,3,0],"gold":142,"neow_bonus":"THREE_RARE_CARDS","is_prod":false,"is_daily":false,"chose_seed":false,"campfire_upgraded":3,"win_rate":0,"timestamp":1540609847,"path_taken":["M","$","M","M","?","R","M","R","T","R","?","E","M","?","R","BOSS","M","?","$","M","?","R","M","?","T","M","R","M","R","?","R","BOSS","M","M","?"],"build_version":"2018-10-25v2","purchased_purges":1,"victory":false,"max_hp_per_floor":[60,60,60,60,60,60,60,60,60,60,65,65,65,65,65,65,65,65,65,65,65,65,65,65,65,65,65,65,65,65,65,65,65,65,65,65,65],"card_choices":[{"not_picked":["Night Terror","Venomology"],"picked":"Burst","floor":0.0},{"not_picked":["Acrobatics","Dodge and Roll"],"picked":"Slice","floor":1.0},{"not_picked":["Choke","Riddle With Holes"],"picked":"Dagger Spray","floor":3.0},{"not_picked":["Blur","Blade Dance"],"picked":"Deadly Poison","floor":4.0},{"not_picked":["Venomology","Blade Dance"],"picked":"Dagger Throw","floor":5.0},{"not_picked":["Underhanded Strike","Deflect"],"picked":"Catalyst","floor":7.0},{"not_picked":["Wraith Form v2","Outmaneuver"],"picked":"Dodge and Roll","floor":12.0},{"not_picked":["Finisher","Terror+1"],"picked":"Bane","floor":13.0},{"not_picked":["Unload","Phantasmal Killer+1"],"picked":"Venomology+1","floor":16.0},{"not_picked":["Outmaneuver+1","Poisoned Stab"],"picked":"Cloak And Dagger+1","floor":18.0},{"not_picked":["Predator","Poisoned Stab"],"picked":"Dodge and Roll+1","floor":21.0},{"not_picked":["Poisoned Stab","Reflex+1","Sucker Punch"],"picked":"SKIP","floor":24.0},{"not_picked":["Adrenaline+1","Masterful Stab"],"picked":"Prepared+1","floor":27.0},{"not_picked":["Heel Hook","Slice","Infinite Blades"],"picked":"SKIP","floor":29.0},{"not_picked":["After Image","Wraith Form v2"],"picked":"Burst+1","floor":33.0},{"not_picked":["Dagger Spray","Backstab"],"picked":"Dash","floor":35},{"not_picked":["Blade Dance+1","Accuracy+1"],"picked":"Distraction+1","floor":36}],"player_experience":1487751,"relics_obtained":[{"floor":9.0,"key":"StoneCalendar"},{"floor":12.0,"key":"Toxic Egg 2"},{"floor":26.0,"key":"War Paint"}],"event_choices":[{"damage_healed":0.0,"max_hp_gain":5.0,"max_hp_loss":0.0,"gold_gain":0.0,"event_name":"Big Fish","player_choice":"Donut","floor":11.0,"gold_loss":0.0,"damage_taken":0.0},{"damage_healed":0.0,"max_hp_gain":0.0,"max_hp_loss":0.0,"gold_gain":0.0,"event_name":"Living Wall","player_choice":"Grow","floor":14.0,"gold_loss":0.0,"damage_taken":0.0,"cards_upgraded":["Deadly Poison"]},{"damage_healed":0.0,"max_hp_gain":0.0,"max_hp_loss":0.0,"gold_gain":0.0,"event_name":"The Woman in Blue","player_choice":"Bought 1 Potion","floor":19.0,"gold_loss":0.0,"damage_taken":0.0},{"damage_healed":0.0,"max_hp_gain":0.0,"max_hp_loss":0.0,"gold_gain":0.0,"event_name":"Colosseum","player_choice":"Fight","floor":22.0,"gold_loss":0.0,"damage_taken":0.0},{"damage_healed":0.0,"max_hp_gain":0.0,"max_hp_loss":0.0,"gold_gain":0.0,"event_name":"Colosseum","player_choice":"Fled From Nobs","floor":22.0,"gold_loss":0.0,"damage_taken":0.0},{"cards_removed":["Strike_G"],"damage_healed":0.0,"max_hp_gain":0.0,"max_hp_loss":0.0,"gold_gain":0.0,"event_name":"Beggar","player_choice":"Gave Gold","floor":25.0,"gold_loss":75.0,"damage_taken":0.0},{"damage_healed":0.0,"max_hp_gain":0.0,"max_hp_loss":0.0,"gold_gain":0.0,"event_name":"N\u0027loth","player_choice":"Ignored","floor":31.0,"gold_loss":0.0,"damage_taken":0.0},{"damage_healed":0,"gold_gain":0,"player_choice":"Fight","damage_taken":0,"max_hp_gain":0,"max_hp_loss":0,"event_name":"MindBloom","floor":37,"gold_loss":0}],"is_beta":false,"boss_relics":[{"not_picked":["Lizard Tail","Tiny House"],"picked":"Cursed Key"},{"not_picked":["WristBlade","Runic Dome"],"picked":"Eternal Feather"}],"items_purged_floors":[20],"is_endless":false,"potions_floor_spawned":[5,12,13,16,18,24,33,36],"killed_by":"Mind Bloom Boss Battle","ascension_level":15}