{"gold_per_floor":[109,123,140,140,140,184,184,224,248,23,23],"floor_reached":11,"playtime":888,"items_purged":["Strike_R"],"score":93,"play_id":"c68ff432-4479-497a-adc2-9cb9253008f3","local_time":"20190410231358","is_ascension_mode":true,"campfire_choices":[{"data":"Rage","floor":7,"key":"SMITH"}],"neow_cost":"CURSE","seed_source_timestamp":18074695964718,"circlet_count":0,"master_deck":["Strike_R","Strike_R","Strike_R","Strike_R","Defend_R","Defend_R","Defend_R","Defend_R","Bash","Rampage","Warcry","Juggernaut","Rage+1","Clothesline"],"relics":["Burning Blood","Golden Idol","Regal Pillow","Lantern","Bronze Scales","Oddly Smooth Stone"],"potions_floor_usage":[6,8],"damage_taken":[{"damage":0,"enemies":"Small Slimes","floor":1,"turns":3},{"damage":7,"enemies":"Jaw Worm","floor":2,"turns":3},{"damage":1,"enemies":"2 Louse","floor":3,"turns":3},{"damage":33,"enemies":"Gremlin Nob","floor":6,"turns":5},{"damage":42,"enemies":"Lagavulin","floor":8,"turns":6},{"damage":10,"enemies":"3 Sentries","floor":11,"turns":2}],"seed_played":"474642684275427115","potions_obtained":[{"floor":1,"key":"AttackPotion"},{"floor":6,"key":"Strength Potion"},{"floor":8,"key":"Poison Potion"}],"is_trial":false,"path_per_floor":["M","M","M","?","?","E","R","E","T","$","E"],"character_chosen":"IRONCLAD","items_purchased":["Oddly Smooth Stone"],"campfire_rested":0,"item_purchase_floors":[10],"current_hp_per_floor":[96,95,96,72,72,45,45,9,9,9,0],"gold":23,"neow_bonus":"TWENTY_PERCENT_HP_BONUS","is_prod":false,"is_daily":false,"chose_seed":false,"campfire_upgraded":1,"win_rate":0,"timestamp":1554948838,"path_taken":["M","M","M","?","?","E","R","E","T","$","E"],"build_version":"2019-01-23","purchased_purges":1,"victory":false,"max_hp_per_floor":[96,96,96,96,93,93,93,93,93,93,93],"card_choices":[{"not_picked":["Havoc","Heavy Blade"],"picked":"Rampage","floor":1},{"not_picked":["Flame Barrier","Iron Wave"],"picked":"Warcry","floor":2},{"not_picked":["Hemokinesis","Clash"],"picked":"Juggernaut","floor":3},{"not_picked":["Power Through","Perfected Strike"],"picked":"Rage","floor":6},{"not_picked":["Twin Strike","Flex"],"picked":"Clothesline","floor":8}],"player_experience":177996,"relics_obtained":[{"floor":6,"key":"Regal Pillow"},{"floor":8,"key":"Lantern"},{"floor":9,"key":"Bronze Scales"}],"event_choices":[{"damage_healed":0,"gold_gain":0,"player_choice":"Take Damage","damage_taken":24,"relics_obtained":["Golden Idol"],"max_hp_gain":0,"max_hp_loss":0,"event_name":"Golden Idol","floor":4,"gold_loss":0},{"cards_removed":["Parasite"],"damage_healed":0,"gold_gain":0,"player_choice":"Forget","damage_taken":0,"max_hp_gain":0,"max_hp_loss":0,"event_name":"Living Wall","floor":5,"gold_loss":0}],"is_beta":false,"boss_relics":[],"items_purged_floors":[10],"is_endless":false,"potions_floor_spawned":[1,6,8],"killed_by":"3 Sentries","ascension_level":3}