{"gold_per_floor":[212,362,39,55,71,71,102,102,102,128,148,148,159,187,187,263,263,282,301,301,313,51,80,80,105,130,146,146,146,164,164,164,164],"floor_reached":33,"playtime":1751,"items_purged":["Strike_B"],"score":659,"play_id":"ceca0b35-9394-4dee-b655-c50a3a0c8a5a","local_time":"20190121002127","is_ascension_mode":true,"campfire_choices":[{"data":"Streamline","floor":6.0,"key":"SMITH"},{"data":"Self Repair","floor":8.0,"key":"SMITH"},{"floor":12.0,"key":"REST"},{"floor":15.0,"key":"REST"},{"data":"Discovery","floor":24.0,"key":"SMITH"},{"floor":29.0,"key":"DIG"},{"data":"Hologram","floor":32.0,"key":"SMITH"}],"neow_cost":"NONE","seed_source_timestamp":13256833039556,"circlet_count":0,"master_deck":["AscendersBane","Strike_B","Strike_B","Strike_B","Defend_B","Defend_B","Defend_B","Defend_B","Zap","Dualcast","Gash","Streamline+1","Self Repair+1","BootSequence","Core Surge","Beam Cell","Discovery+1","Consume","Electrodynamics","Clumsy","Hologram+1","Decay","Coolheaded"],"special_seed":0,"relics":["Cracked Core","Dead Branch","Singing Bowl","Bottled Tornado","Kunai","Orichalcum","Cursed Key","Spirit Poop","FossilizedHelix","Shovel","Torii"],"potions_floor_usage":[33,33],"damage_taken":[{"damage":2.0,"enemies":"Jaw Worm","floor":1.0,"turns":4.0},{"damage":10.0,"enemies":"Cultist","floor":4.0,"turns":5.0},{"damage":3.0,"enemies":"2 Louse","floor":5.0,"turns":3.0},{"damage":10.0,"enemies":"3 Sentries","floor":7.0,"turns":4.0},{"damage":20.0,"enemies":"Lagavulin","floor":10.0,"turns":6.0},{"damage":26.0,"enemies":"Blue Slaver","floor":11.0,"turns":3.0},{"damage":29.0,"enemies":"Exordium Thugs","floor":13.0,"turns":5.0},{"damage":15.0,"enemies":"3 Sentries","floor":14.0,"turns":6.0},{"damage":35.0,"enemies":"Slime Boss","floor":16.0,"turns":11.0},{"damage":12.0,"enemies":"Chosen","floor":18.0,"turns":4.0},{"damage":13.0,"enemies":"2 Thieves","floor":19.0,"turns":4.0},{"damage":8.0,"enemies":"Centurion and Healer","floor":21.0,"turns":6.0},{"damage":0.0,"enemies":"Gremlin Leader","floor":23.0,"turns":6.0},{"damage":25.0,"enemies":"Slavers","floor":25.0,"turns":6.0},{"damage":23.0,"enemies":"Sentry and Sphere","floor":27.0,"turns":5.0},{"damage":8.0,"enemies":"Chosen and Byrds","floor":30.0,"turns":5.0},{"damage":48,"enemies":"Collector","floor":33,"turns":9}],"seed_played":"3413360235879864712","potions_obtained":[{"floor":4.0,"key":"AttackPotion"},{"floor":7.0,"key":"PowerPotion"},{"floor":11.0,"key":"FocusPotion"},{"floor":18.0,"key":"SkillPotion"},{"floor":21.0,"key":"SpeedPotion"},{"floor":23.0,"key":"Fire Potion"},{"floor":27.0,"key":"Weak Potion"},{"floor":31.0,"key":"Ancient Potion"},{"floor":31.0,"key":"Energy Potion"}],"is_trial":false,"path_per_floor":["M","?","$","M","M","R","E","R","T","E","M","R","M","E","R","B",null,"M","M","?","M","$","E","R","E","T","M","?","R","M","?","R","B"],"character_chosen":"DEFECT","items_purchased":["Dead Branch","Discovery","FocusPotion"],"campfire_rested":2,"item_purchase_floors":[3,22,22],"current_hp_per_floor":[62,62,62,52,49,49,48,48,48,40,24,46,29,26,49,34,68,68,65,65,69,69,79,79,64,64,51,51,51,53,53,53,5],"gold":164,"neow_bonus":"HUNDRED_GOLD","is_prod":false,"is_daily":false,"chose_seed":false,"campfire_upgraded":4,"win_rate":0,"timestamp":1548001287,"path_taken":["M","?","$","M","M","R","E","R","T","E","M","R","M","E","R","BOSS","M","M","?","?","$","E","R","E","T","M","?","R","M","?","R","BOSS"],"build_version":"2019-01-17v2","purchased_purges":1,"victory":false,"max_hp_per_floor":[71,71,71,71,71,71,73,73,73,75,75,75,77,79,79,79,79,81,81,81,83,83,83,83,83,83,83,83,83,83,83,83,83],"card_choices":[{"not_picked":["Fusion","Hologram"],"picked":"Gash","floor":1.0},{"not_picked":["Skim","Turbo"],"picked":"Streamline","floor":4.0},{"not_picked":["Stack","Fission"],"picked":"Self Repair","floor":5.0},{"not_picked":["Rebound","Reinforced Body","Beam Cell"],"picked":"Singing Bowl","floor":7.0},{"not_picked":["Cold Snap","Reprogram","Gash"],"picked":"Singing Bowl","floor":10.0},{"not_picked":["Rainbow","Go for the Eyes"],"picked":"BootSequence","floor":11.0},{"not_picked":["Auto Shields","Barrage","Redo"],"picked":"Singing Bowl","floor":13.0},{"not_picked":["Compile Driver","Static Discharge","Loop"],"picked":"Singing Bowl","floor":14.0},{"not_picked":["Thunder Strike","Fission"],"picked":"Core Surge","floor":16.0},{"not_picked":["Static Discharge","Stack","Gash+1"],"picked":"Singing Bowl","floor":18.0},{"not_picked":["Meteor Strike","Ball Lightning+1"],"picked":"Beam Cell","floor":19.0},{"not_picked":["Streamline","Go for the Eyes","Conserve Battery"],"picked":"Singing Bowl","floor":21.0},{"not_picked":["Core Surge","Ball Lightning"],"picked":"Consume","floor":23.0},{"not_picked":["Conserve Battery","Gash"],"picked":"Electrodynamics","floor":25.0},{"not_picked":["Static Discharge","Compile Driver"],"picked":"Hologram","floor":27.0},{"not_picked":["Go for the Eyes","Streamline+1"],"picked":"Coolheaded","floor":30.0}],"player_experience":2560583,"relics_obtained":[{"floor":7.0,"key":"Singing Bowl"},{"floor":9.0,"key":"Bottled Tornado"},{"floor":10.0,"key":"Kunai"},{"floor":14.0,"key":"Orichalcum"},{"floor":23.0,"key":"FossilizedHelix"},{"floor":25.0,"key":"Shovel"},{"floor":29.0,"key":"Torii"}],"event_choices":[{"damage_healed":0.0,"max_hp_gain":0.0,"max_hp_loss":0.0,"gold_gain":150.0,"event_name":"Liars Game","player_choice":"AGREE","floor":2.0,"gold_loss":0.0,"damage_taken":0.0,"cards_obtained":["Doubt"]},{"cards_removed":["Doubt"],"damage_healed":0.0,"max_hp_gain":0.0,"max_hp_loss":0.0,"gold_gain":0.0,"event_name":"Bonfire Elementals","player_choice":"Offered Curse","floor":20.0,"gold_loss":0.0,"damage_taken":0.0,"relics_obtained":["Spirit Poop"]},{"damage_healed":0.0,"max_hp_gain":0.0,"max_hp_loss":0.0,"gold_gain":0.0,"event_name":"Forgotten Altar","player_choice":"Smashed Altar","floor":28.0,"gold_loss":0.0,"damage_taken":0.0,"cards_obtained":["Decay"]},{"damage_healed":0.0,"max_hp_gain":0.0,"max_hp_loss":0.0,"gold_gain":0.0,"event_name":"Lab","player_choice":"Got Potions","floor":31.0,"gold_loss":0.0,"damage_taken":0.0}],"is_beta":false,"boss_relics":[{"not_picked":["Eternal Feather","Sozu"],"picked":"Cursed Key"}],"items_purged_floors":[22],"is_endless":false,"potions_floor_spawned":[4,7,11,18,21,23,27],"killed_by":"Collector","ascension_level":20}