{"gold_per_floor":[115,131,73,85,85,111,111,138,138,138,150,166,32,44,44,115,115,125,143,170,187,207,234,246,246,246,246,146,157,157,187,187,265,265,277,290,307,320,139,139,171,171,171,190,210,238,264,276,288,300,312],"floor_reached":52,"playtime":2670,"items_purged":["Ghostly Armor","Seeing Red"],"score":1986,"play_id":"9d5edb5a-819b-4918-a8af-3a32b7d2c49a","local_time":"20181011193929","daily_mods":["SealedDeck"],"is_ascension_mode":true,"campfire_choices":[{"data":"Havoc","floor":7.0,"key":"SMITH"},{"data":"Bloodletting","floor":10.0,"key":"SMITH"},{"data":"Inflame","floor":15.0,"key":"SMITH"},{"data":"Flex","floor":30.0,"key":"SMITH"},{"data":"Pommel Strike","floor":32.0,"key":"SMITH"},{"data":"Clothesline","floor":40.0,"key":"SMITH"},{"data":"Flame Barrier","floor":42.0,"key":"SMITH"},{"data":"Pummel","floor":49.0,"key":"SMITH"}],"neow_cost":"","seed_source_timestamp":0,"circlet_count":0,"master_deck":["AscendersBane","Pommel Strike+1","Spot Weakness","Anger","Shrug It Off","Pommel Strike","Cleave","Flex+1","Flame Barrier+1","Clothesline+1","Havoc+1","Pummel+1","Inflame+1","Shrug It Off+1","Reaper","Armaments+1","Battle Trance+1","Ghostly Armor+1","Limit Break+1","Impervious+1"],"special_seed":0,"relics":["Burning Blood","Mercury Hourglass","Meat on the Bone","Toxic Egg 2","Velvet Choker","Red Mask","Frozen Egg 2","Blue Candle","Singing Bowl","Anchor","Empty Cage","Vajra","Centennial Puzzle","Question Card","MawBank"],"potions_floor_usage":[51],"damage_taken":[{"damage":0.0,"enemies":"Cultist","floor":1.0,"turns":3.0},{"damage":0.0,"enemies":"Small Slimes","floor":2.0,"turns":2.0},{"damage":2.0,"enemies":"Jaw Worm","floor":4.0,"turns":3.0},{"damage":11.0,"enemies":"Lagavulin","floor":6.0,"turns":5.0},{"damage":3.0,"enemies":"3 Sentries","floor":8.0,"turns":3.0},{"damage":0.0,"enemies":"2 Fungi Beasts","floor":11.0,"turns":3.0},{"damage":4.0,"enemies":"Exordium Wildlife","floor":12.0,"turns":2.0},{"damage":7.0,"enemies":"Exordium Thugs","floor":14.0,"turns":4.0},{"damage":28.0,"enemies":"Hexaghost","floor":16.0,"turns":7.0},{"damage":2.0,"enemies":"Shell Parasite","floor":18.0,"turns":4.0},{"damage":22.0,"enemies":"Spheric Guardian","floor":19.0,"turns":4.0},{"damage":7.0,"enemies":"Masked Bandits","floor":20.0,"turns":3.0},{"damage":28.0,"enemies":"Snake Plant","floor":21.0,"turns":5.0},{"damage":24.0,"enemies":"Shelled Parasite and Fungi","floor":22.0,"turns":6.0},{"damage":2.0,"enemies":"Gremlin Leader","floor":23.0,"turns":6.0},{"damage":1.0,"enemies":"Cultist and Chosen","floor":24.0,"turns":6.0},{"damage":27.0,"enemies":"Snecko","floor":29.0,"turns":6.0},{"damage":26.0,"enemies":"Book of Stabbing","floor":31.0,"turns":5.0},{"damage":18.0,"enemies":"Champ","floor":33.0,"turns":6.0},{"damage":2.0,"enemies":"Orb Walker","floor":35.0,"turns":3.0},{"damage":0.0,"enemies":"3 Darklings","floor":36.0,"turns":4.0},{"damage":41.0,"enemies":"Reptomancer","floor":37.0,"turns":7.0},{"damage":4.0,"enemies":"4 Shapes","floor":38.0,"turns":5.0},{"damage":20.0,"enemies":"Nemesis","floor":41.0,"turns":7.0},{"damage":0.0,"enemies":"3 Darklings","floor":44.0,"turns":4.0},{"damage":2.0,"enemies":"Transient","floor":45.0,"turns":6.0},{"damage":32.0,"enemies":"2 Orb Walkers","floor":46.0,"turns":4.0},{"damage":9.0,"enemies":"Reptomancer","floor":47.0,"turns":5.0},{"damage":50.0,"enemies":"Awakened One","floor":50.0,"turns":8.0},{"damage":60,"enemies":"Time Eater","floor":51,"turns":7}],"seed_played":"-1986228102454324101","potions_obtained":[{"floor":1.0,"key":"PowerPotion"},{"floor":20.0,"key":"SteroidPotion"},{"floor":24.0,"key":"BloodPotion"},{"floor":29.0,"key":"AttackPotion"},{"floor":31.0,"key":"SteroidPotion"}],"is_trial":true,"path_per_floor":["M","M","$","M","?","E","R","E","T","R","M","M","$","M","R","B",null,"M","M","?","M","M","E","M","T","T","?","$","M","R","E","R","B",null,"M","M","M","M","$","R","E","R","T","M","M","E","M","?","R","B","B"],"character_chosen":"IRONCLAD","items_purchased":["Strength Potion","Shrug It Off+1","Vajra"],"campfire_rested":0,"item_purchase_floors":[3,13,39],"current_hp_per_floor":[74,75,75,75,75,70,70,73,73,73,75,75,75,74,74,52,69,73,57,74,60,54,75,75,75,75,75,75,63,63,58,58,46,71,77,83,85,87,87,87,75,75,75,83,89,65,94,92,92,92,72],"gold":324,"neow_bonus":"","is_prod":false,"is_daily":false,"chose_seed":false,"campfire_upgraded":8,"win_rate":0,"timestamp":1539311969,"path_taken":["M","M","?","M","?","E","R","E","T","R","M","M","?","?","R","BOSS","M","M","?","M","?","E","M","?","T","?","$","M","R","E","R","BOSS","M","M","M","M","$","R","E","R","T","M","M","E","M","?","R","BOSS","BOSS"],"build_version":"2018-10-11","purchased_purges":2,"victory":true,"max_hp_per_floor":[75,75,75,75,75,75,75,75,75,75,75,75,75,75,75,75,75,75,75,75,75,75,75,75,75,75,75,75,77,77,79,79,79,79,81,83,85,87,87,87,89,89,89,91,93,95,97,92,92,92,92],"card_choices":[{"not_picked":["Shrug It Off","Fire Breathing"],"picked":"Bloodletting","floor":1.0},{"not_picked":["True Grit","Thunderclap"],"picked":"Flame Barrier","floor":2.0},{"not_picked":["Anger","Rage"],"picked":"Clothesline","floor":4.0},{"not_picked":["Pommel Strike","Warcry"],"picked":"Havoc","floor":6.0},{"not_picked":["Sever Soul","Dual Wield","Thunderclap"],"picked":"SKIP","floor":8.0},{"not_picked":["Sentinel+1","True Grit+1"],"picked":"Pummel","floor":11.0},{"not_picked":["Warcry+1","Twin Strike"],"picked":"Inflame","floor":12.0},{"not_picked":["Thunderclap","Bloodletting+1","Clash"],"picked":"SKIP","floor":14.0},{"not_picked":["Demon Form","Barricade"],"picked":"Reaper","floor":16.0},{"not_picked":["Thunderclap","Body Slam"],"picked":"Armaments+1","floor":18.0},{"not_picked":["Headbutt","Clothesline","Iron Wave"],"picked":"SKIP","floor":19.0},{"not_picked":["Shrug It Off+1","Infernal Blade+1"],"picked":"Battle Trance+1","floor":21.0},{"not_picked":["Blood for Blood","Burning Pact+1"],"picked":"Ghostly Armor+1","floor":22.0},{"not_picked":["Heavy Blade","Havoc+1","Clash"],"picked":"SKIP","floor":23.0},{"not_picked":["Warcry+1","Searing Blow","Carnage"],"picked":"SKIP","floor":24.0},{"not_picked":["Armaments+1","Second Wind+1","Havoc+1"],"picked":"Singing Bowl","floor":29.0},{"not_picked":["Rage+1","Armaments+1","Blood for Blood"],"picked":"Singing Bowl","floor":31.0},{"not_picked":["Offering+1","Barricade+1"],"picked":"Impervious+1","floor":33.0},{"not_picked":["Clothesline+1","Clash+1","Anger"],"picked":"Singing Bowl","floor":35.0},{"not_picked":["Dual Wield+1","Pommel Strike+1","Anger"],"picked":"Singing Bowl","floor":36.0},{"not_picked":["Clash+1","Dropkick","Warcry+1"],"picked":"Singing Bowl","floor":37.0},{"not_picked":["Perfected Strike","Dual Wield+1","Headbutt"],"picked":"Singing Bowl","floor":38.0},{"not_picked":["Sever Soul","Whirlwind","Fire Breathing+1"],"picked":"Singing Bowl","floor":41.0},{"not_picked":["Battle Trance+1","Body Slam","Immolate","Feel No Pain+1"],"picked":"Singing Bowl","floor":44.0},{"not_picked":["Pommel Strike+1","Shrug It Off+1","Wild Strike","Thunderclap"],"picked":"Singing Bowl","floor":45.0},{"not_picked":["Flex+1","Cleave","Thunderclap+1","Anger"],"picked":"Singing Bowl","floor":46.0},{"not_picked":["Thunderclap","Fiend Fire","Iron Wave+1","Uppercut"],"picked":"Singing Bowl","floor":47.0}],"player_experience":1335693,"relics_obtained":[{"floor":6.0,"key":"Mercury Hourglass"},{"floor":8.0,"key":"Meat on the Bone"},{"floor":9.0,"key":"Toxic Egg 2"},{"floor":20.0,"key":"Red Mask"},{"floor":23.0,"key":"Frozen Egg 2"},{"floor":25.0,"key":"Blue Candle"},{"floor":26.0,"key":"Singing Bowl"},{"floor":31.0,"key":"Anchor"},{"floor":41.0,"key":"Centennial Puzzle"},{"floor":43.0,"key":"Question Card"},{"floor":46.0,"key":"MawBank"}],"event_choices":[{"event_name":"The Cleric","player_choice":"Leave","floor":5.0,"damage_taken":0.0},{"event_name":"Masked Bandits","player_choice":"Fought Bandits","floor":20.0,"damage_taken":0.0},{"event_name":"The Library","player_choice":"Read","floor":27.0,"damage_taken":0.0},{"event_name":"Winding Halls","player_choice":"Max HP","floor":48.0,"damage_taken":0.0}],"is_beta":false,"boss_relics":[{"not_picked":["Snecko Eye","Pandora\u0027s Box"],"picked":"Velvet Choker"},{"not_picked":["Black Blood","Cursed Key"],"picked":"Empty Cage"}],"items_purged_floors":[13,28],"is_endless":false,"potions_floor_spawned":[1,4,11,12,20,22,24,29,31,35,38,41,45],"ascension_level":20}