{"gold_per_floor":[114,114,37,53,128,162,162,187,212,241,241,269,269,287,287,365,365,378,388,538,556,120,120,120,120,170,199,240,60,60,60,60,162,162,180,180,194,214,214,214,339,339,339,367,467,500,106,156,156,156,156],"floor_reached":52,"playtime":3668,"items_purged":["Melter","Zap"],"score":2185,"play_id":"778a6c37-32c5-4374-8d8b-78c5141fa266","local_time":"20190129182246","is_ascension_mode":true,"campfire_choices":[{"data":"Beam Cell","floor":7.0,"key":"SMITH"},{"data":"Melter","floor":11.0,"key":"SMITH"},{"data":"Coolheaded","floor":15.0,"key":"SMITH"},{"data":"Coolheaded","floor":23.0,"key":"SMITH"},{"data":"Hologram","floor":25.0,"key":"SMITH"},{"data":"Rainbow","floor":30.0,"key":"SMITH"},{"data":"Force Field","floor":32.0,"key":"SMITH"},{"data":"Reprogram","floor":40,"key":"SMITH"},{"data":"Dualcast","floor":42,"key":"SMITH"},{"data":"Amplify","floor":49,"key":"SMITH"}],"neow_cost":"NONE","seed_source_timestamp":0,"circlet_count":0,"master_deck":["AscendersBane","Dualcast+1","Genetic Algorithm+1","Melter+1","Beam Cell+1","Coolheaded+1","Self Repair+1","Fission+1","Ball Lightning","Echo Form+1","Self Repair+1","Reboot","Hologram+1","Reprogram+1","Self Repair+1","Rainbow+1","Force Field+1","Defragment+1","Coolheaded+1","Buffer+1","Defragment+1","Machine Learning+1","Undo+1","Heatsinks+1","Turbo+1","Amplify+1","White Noise"],"special_seed":0,"relics":["Cracked Core","NeowsBlessing","Orichalcum","Frozen Egg 2","Art of War","Pantograph","Boot","Pandora\u0027s Box","Frozen Eye","MawBank","The Courier","DataDisk","Philosopher\u0027s Stone","Happy Flower","War Paint","Omamori","Bag of Preparation","StoneCalendar","Bottled Tornado","OrangePellets","Dream Catcher"],"potions_floor_usage":[33,41,50,50],"damage_taken":[{"damage":0.0,"enemies":"Small Slimes","floor":1.0,"turns":1.0},{"damage":0.0,"enemies":"Cultist","floor":4.0,"turns":1.0},{"damage":0.0,"enemies":"3 Sentries","floor":6.0,"turns":1.0},{"damage":20.0,"enemies":"Gremlin Nob","floor":8.0,"turns":4.0},{"damage":15.0,"enemies":"3 Sentries","floor":10.0,"turns":8.0},{"damage":14.0,"enemies":"Gremlin Nob","floor":12.0,"turns":4.0},{"damage":0.0,"enemies":"2 Louse","floor":14.0,"turns":1.0},{"damage":37.0,"enemies":"Slime Boss","floor":16.0,"turns":13.0},{"damage":19.0,"enemies":"theJungle:Flameango_and_Byrd","floor":18.0,"turns":5.0},{"damage":39.0,"enemies":"theJungle:MUSHROOMGANG","floor":19.0,"turns":5.0},{"damage":24.0,"enemies":"Snake Plant","floor":21.0,"turns":4.0},{"damage":13.0,"enemies":"theJungle:Lyon","floor":27.0,"turns":5.0},{"damage":1.0,"enemies":"theJungle:2_Phrogs","floor":28.0,"turns":8.0},{"damage":33,"enemies":"theJungle:TotemBoss","floor":33,"turns":16},{"damage":19,"enemies":"3 Darklings","floor":35,"turns":6},{"damage":1,"enemies":"Orb Walker","floor":37,"turns":5},{"damage":13,"enemies":"Sphere and 2 Shapes","floor":38,"turns":5},{"damage":0,"enemies":"Nemesis","floor":41,"turns":7},{"damage":1,"enemies":"Giant Head","floor":44,"turns":11},{"damage":0,"enemies":"Mind Bloom Boss Battle","floor":45,"turns":7},{"damage":18,"enemies":"Nemesis","floor":46,"turns":7},{"damage":0,"enemies":"Time Eater","floor":50,"turns":14},{"damage":0,"enemies":"Donu and Deca","floor":51,"turns":8}],"seed_played":"-5499806688936179351","potions_obtained":[{"floor":6.0,"key":"LiquidBronze"},{"floor":8.0,"key":"SpeedPotion"},{"floor":10.0,"key":"FocusPotion"},{"floor":14.0,"key":"Block Potion"},{"floor":18.0,"key":"Weak Potion"},{"floor":21.0,"key":"SneckoOil"},{"floor":33,"key":"Regen Potion"},{"floor":41,"key":"EssenceOfSteel"},{"floor":44,"key":"Swift Potion"},{"floor":45,"key":"GamblersBrew"}],"is_trial":false,"path_per_floor":["M","?","$","M","?","E","R","E","T","E","R","E","?","M","R","B",null,"M","M","?","M","$","R","?","R","T","M","E","$","R","$","R","B",null,"M","?","M","M","?","R","E","R","T","E","?","E","$","T","R","B","B",null],"character_chosen":"DEFECT","items_purchased":["Melter","Defragment+1","Frozen Eye","Coolheaded","DataDisk","Defragment+1","Amplify","OrangePellets","White Noise"],"campfire_rested":0,"item_purchase_floors":[3,22,22,22,29,29,47,47,47],"current_hp_per_floor":[64,64,64,64,53,53,53,33,33,18,18,14,14,14,14,12,56,71,71,71,71,71,71,71,71,71,71,71,71,71,71,71,68,70,71,71,71,71,67,67,67,67,67,67,67,67,67,67,67,67,67],"gold":156,"neow_bonus":"THREE_ENEMY_KILL","is_prod":false,"is_daily":false,"chose_seed":false,"campfire_upgraded":10,"win_rate":0,"timestamp":1548757366,"path_taken":["M","?","$","?","?","E","R","E","T","E","R","E","?","?","R","BOSS","M","M","?","M","$","R","?","R","T","M","E","$","R","?","R","BOSS","M","?","M","M","?","R","E","R","T","E","?","E","$","?","R","BOSS","BOSS"],"build_version":"2019-01-23","purchased_purges":2,"victory":true,"max_hp_per_floor":[71,71,71,71,71,71,71,71,71,71,71,71,71,71,71,71,71,71,71,71,71,71,71,71,71,71,71,71,71,71,71,71,71,71,71,71,71,71,67,67,67,67,67,67,67,67,67,67,67,67,67],"card_choices":[{"not_picked":["Hologram","Conserve Battery"],"picked":"Genetic Algorithm","floor":1.0},{"not_picked":["Force Field","Skim"],"picked":"Beam Cell","floor":4.0},{"not_picked":["Sweeping Beam","Barrage","Static Discharge"],"picked":"SKIP","floor":6.0},{"not_picked":["Blizzard","Reinforced Body"],"picked":"Coolheaded","floor":8.0},{"not_picked":["Lockon","Reinforced Body"],"picked":"Self Repair+1","floor":10.0},{"not_picked":["Turbo","Coolheaded"],"picked":"Fission","floor":12.0},{"not_picked":["Compile Driver","Barrage"],"picked":"Ball Lightning","floor":14.0},{"not_picked":["All For One","Core Surge"],"picked":"Echo Form+1","floor":16.0},{"not_picked":["FTL","Sunder","Ball Lightning"],"picked":"SKIP","floor":18.0},{"not_picked":["Reinforced Body","Conserve Battery"],"picked":"Force Field","floor":19.0},{"not_picked":["Cold Snap","Stack","Steam"],"picked":"SKIP","floor":21.0},{"not_picked":["Leap","Turbo","Cold Snap"],"picked":"SKIP","floor":27.0},{"not_picked":["Leap","Turbo","Cold Snap"],"picked":"SKIP","floor":27.0},{"not_picked":["Tempest","Steam+1"],"picked":"Buffer+1","floor":28.0},{"not_picked":["Creative AI+1","Fission"],"picked":"Machine Learning+1","floor":33},{"not_picked":["Leap","Ball Lightning+1"],"picked":"Undo","floor":35},{"not_picked":["Chaos","Scrape","Beam Cell"],"picked":"SKIP","floor":37},{"not_picked":["Recycle","Leap"],"picked":"Heatsinks+1","floor":38},{"not_picked":["Rip and Tear+1","Turbo","Thunder Strike"],"picked":"SKIP","floor":41},{"not_picked":["Turbo+1","Conserve Battery+1","Coolheaded+1"],"picked":"SKIP","floor":44},{"not_picked":["Conserve Battery+1","Coolheaded+1"],"picked":"Turbo+1","floor":44},{"not_picked":["Undo","Sweeping Beam","Cold Snap+1"],"picked":"SKIP","floor":46}],"player_experience":2611006,"relics_obtained":[{"floor":6.0,"key":"Orichalcum"},{"floor":8.0,"key":"Frozen Egg 2"},{"floor":9.0,"key":"Art of War"},{"floor":10.0,"key":"Pantograph"},{"floor":12.0,"key":"Boot"},{"floor":26.0,"key":"MawBank"},{"floor":28.0,"key":"The Courier"},{"floor":41,"key":"Happy Flower"},{"floor":41,"key":"War Paint"},{"floor":43,"key":"Omamori"},{"floor":44,"key":"Bag of Preparation"},{"floor":45,"key":"StoneCalendar"},{"floor":46,"key":"Bottled Tornado"},{"floor":48,"key":"Dream Catcher"}],"event_choices":[{"cards_removed":["Strike_B"],"damage_healed":0.0,"max_hp_gain":0.0,"max_hp_loss":0.0,"gold_gain":0.0,"event_name":"Bonfire Elementals","player_choice":"Offered Basic","floor":2.0,"gold_loss":0.0,"damage_taken":0.0},{"damage_healed":0.0,"max_hp_gain":0.0,"max_hp_loss":0.0,"gold_gain":75.0,"event_name":"World of Goop","player_choice":"Gather Gold","floor":5.0,"gold_loss":0.0,"damage_taken":11.0},{"damage_healed":0.0,"max_hp_gain":0.0,"max_hp_loss":0.0,"gold_gain":0.0,"event_name":"Accursed Blacksmith","player_choice":"Forge","floor":13.0,"gold_loss":0.0,"damage_taken":0.0,"cards_upgraded":["Fission"]},{"damage_healed":0,"gold_gain":0,"player_choice":"Ignored","damage_taken":0,"max_hp_gain":0,"max_hp_loss":0,"event_name":"Mysterious Sphere","floor":36,"gold_loss":0},{"damage_healed":0,"gold_gain":0,"player_choice":"Max HP","damage_taken":0,"max_hp_gain":0,"max_hp_loss":4,"event_name":"Winding Halls","floor":39,"gold_loss":0},{"damage_healed":0,"gold_gain":0,"player_choice":"Fight","damage_taken":0,"max_hp_gain":0,"max_hp_loss":0,"event_name":"MindBloom","floor":45,"gold_loss":0}],"is_beta":false,"boss_relics":[{"not_picked":["Empty Cage","Tiny House"],"picked":"Pandora\u0027s Box"},{"not_picked":["Calling Bell","White Beast Statue"],"picked":"Philosopher\u0027s Stone"}],"items_purged_floors":[22,47],"is_endless":false,"potions_floor_spawned":[6,8,10,14,18,21,44,45],"ascension_level":20}