{"gold_per_floor":[368,368,384,158,158,184,184,204,204,104,121,121,139,174,174,174],"floor_reached":16,"playtime":360,"items_purged":["Clumsy","Strike_R"],"score":160,"play_id":"aadcd81f-8c76-434e-9e03-159cbb79ab59","local_time":"25610726231804","is_ascension_mode":true,"campfire_choices":[{"floor":7,"key":"REST"},{"data":"Bash","floor":12,"key":"SMITH"},{"floor":15,"key":"REST"}],"neow_cost":"CURSE","seed_source_timestamp":30065774127677,"circlet_count":0,"master_deck":["Strike_R","Strike_R","Strike_R","Strike_R","Defend_R","Defend_R","Defend_R","Bash+1","Shrug It Off","Clash","Flex","Combust","Cleave","Seeing Red"],"relics":["Burning Blood","Bottled Flame","Boot","Bag of Marbles","Shuriken","Smiling Mask"],"potions_floor_usage":[14,16,16],"damage_taken":[{"damage":6,"enemies":"Cultist","floor":1,"turns":4},{"damage":10,"enemies":"Small Slimes","floor":3,"turns":4},{"damage":56,"enemies":"Lagavulin","floor":6,"turns":7},{"damage":0,"enemies":"2 Louse","floor":8,"turns":1},{"damage":12,"enemies":"Looter","floor":11,"turns":2},{"damage":5,"enemies":"Blue Slaver","floor":13,"turns":3},{"damage":22,"enemies":"Gremlin Nob","floor":14,"turns":4},{"damage":51,"enemies":"Hexaghost","floor":16,"turns":7}],"seed_played":"-2917309869043305426","potions_obtained":[{"floor":6,"key":"Weak Potion"},{"floor":8,"key":"Strength Potion"},{"floor":14,"key":"GamblersBrew"}],"is_trial":false,"path_per_floor":["M","T","M","$","?","E","R","M","T","$","M","R","M","E","R"],"character_chosen":"IRONCLAD","items_purchased":["Boot"],"campfire_rested":2,"item_purchase_floors":[4],"current_hp_per_floor":[72,72,68,68,68,18,42,48,48,48,42,42,43,27,51,0],"gold":174,"neow_bonus":"TWO_FIFTY_GOLD","is_prod":false,"is_daily":false,"chose_seed":false,"campfire_upgraded":1,"win_rate":0,"timestamp":1532621884,"path_taken":["M","?","?","$","?","E","R","M","T","$","M","R","M","E","R","BOSS"],"build_version":"2018-07-19v2","purchased_purges":2,"victory":false,"max_hp_per_floor":[80,80,80,80,80,80,80,80,80,80,80,80,80,80,80,80],"card_choices":[{"not_picked":["Anger","Body Slam"],"picked":"Shrug It Off","floor":1},{"not_picked":["Clothesline","Twin Strike"],"picked":"Clash","floor":3},{"not_picked":["Perfected Strike","Headbutt"],"picked":"Flex","floor":6},{"not_picked":["Perfected Strike","Heavy Blade"],"picked":"Combust","floor":8},{"not_picked":["True Grit","Thunderclap"],"picked":"Cleave","floor":11},{"not_picked":["Thunderclap","Warcry"],"picked":"Seeing Red","floor":13},{"not_picked":["Exhume","Uppercut","Havoc"],"picked":"SKIP","floor":14}],"player_experience":168420,"relics_obtained":[{"floor":2,"key":"Bottled Flame"},{"floor":6,"key":"Bag of Marbles"},{"floor":9,"key":"Shuriken"},{"floor":14,"key":"Smiling Mask"}],"event_choices":[{"event_name":"Living Wall","player_choice":"Forget","floor":5,"damage_taken":0}],"is_beta":false,"boss_relics":[],"items_purged_floors":[4,10],"is_endless":false,"potions_floor_spawned":[6,8,14],"killed_by":"Hexaghost","ascension_level":9}