{"gold_per_floor":[99,99,99,1,1,1,1,1,1,1,1,1,0,0,0,0,0,0,0,0,0,0,0,0,0,0,0,0,0,0,0,0,0,0,0,0,0,0,0,0,0,0,0,0,0,0,0,0,0,0,0,0,0,0,0],"floor_reached":55,"playtime":2643,"items_purged":[],"score":2222,"play_id":"2ef84917-0dc8-4f6d-a9e8-48c2d48ed714","local_time":"20181228220805","is_ascension_mode":true,"campfire_choices":[{"data":"Defragment","floor":6.0,"key":"SMITH"},{"data":"Beam Cell","floor":8.0,"key":"SMITH"},{"data":"Self Repair","floor":12.0,"key":"SMITH"},{"data":"Zap","floor":15.0,"key":"SMITH"},{"data":"Reinforced Body","floor":23.0,"key":"SMITH"},{"data":"Dualcast","floor":27.0,"key":"SMITH"},{"data":"Ball Lightning","floor":30.0,"key":"SMITH"},{"floor":32.0,"key":"REST"},{"data":"Ball Lightning","floor":40.0,"key":"SMITH"},{"floor":42.0,"key":"RECALL"},{"data":"Lockon","floor":49.0,"key":"SMITH"},{"data":"Capacitor","floor":53.0,"key":"SMITH"}],"neow_cost":"NONE","seed_source_timestamp":2038122845832,"circlet_count":0,"master_deck":["AscendersBane","Strike_B+1","Defend_B","Defend_B+1","Defend_B+1","Zap+1","Dualcast+1","Reinforced Body+1","Beam Cell+1","Defragment+1","Self Repair+1","Ball Lightning+1","Ball Lightning+1","Multi-Cast+1","Seek+1","Tempest+1","Darkness+1","Rebound","Fission+1","Hologram+1","Sweeping Beam+1","Turbo+1","Reboot+1","Defragment+1","Double Energy+1","Steam Power+1","Capacitor+1","Dark Shackles+1","Lockon+1"],"special_seed":0,"relics":["Ectoplasm","Kunai","Singing Bowl","War Paint","Whetstone","Toxic Egg 2","Empty Cage","Pen Nib","Vajra","Mummified Hand","Nuclear Battery","FossilizedHelix","Red Mask","Art of War","Blue Candle","Pantograph"],"potions_floor_usage":[],"damage_taken":[{"damage":1.0,"enemies":"Small Slimes","floor":1.0,"turns":4.0},{"damage":0.0,"enemies":"Cultist","floor":3.0,"turns":3.0},{"damage":13.0,"enemies":"Lagavulin","floor":7.0,"turns":5.0},{"damage":19.0,"enemies":"3 Sentries","floor":10.0,"turns":7.0},{"damage":0.0,"enemies":"2 Louse","floor":11.0,"turns":2.0},{"damage":0.0,"enemies":"Gremlin Nob","floor":14.0,"turns":3.0},{"damage":18.0,"enemies":"The Guardian","floor":16.0,"turns":8.0},{"damage":10.0,"enemies":"Chosen","floor":18.0,"turns":4.0},{"damage":18.0,"enemies":"Spheric Guardian","floor":19.0,"turns":4.0},{"damage":10.0,"enemies":"Centurion and Healer","floor":21.0,"turns":5.0},{"damage":30.0,"enemies":"Sentry and Sphere","floor":22.0,"turns":4.0},{"damage":28.0,"enemies":"Gremlin Leader","floor":24.0,"turns":6.0},{"damage":16.0,"enemies":"Snake Plant","floor":25.0,"turns":3.0},{"damage":0.0,"enemies":"3 Cultists","floor":29.0,"turns":3.0},{"damage":11.0,"enemies":"Book of Stabbing","floor":31.0,"turns":4.0},{"damage":53.0,"enemies":"Champ","floor":33.0,"turns":6.0},{"damage":13.0,"enemies":"3 Shapes","floor":35.0,"turns":2.0},{"damage":0.0,"enemies":"2 Orb Walkers","floor":36.0,"turns":1.0},{"damage":3.0,"enemies":"3 Darklings","floor":37.0,"turns":4.0},{"damage":3.0,"enemies":"Writhing Mass","floor":38.0,"turns":3.0},{"damage":18.0,"enemies":"Reptomancer","floor":41.0,"turns":5.0},{"damage":0.0,"enemies":"Giant Head","floor":44.0,"turns":5.0},{"damage":0.0,"enemies":"Reptomancer","floor":47.0,"turns":1.0},{"damage":0.0,"enemies":"Sphere and 2 Shapes","floor":48.0,"turns":2.0},{"damage":81.0,"enemies":"Donu and Deca","floor":50.0,"turns":8.0},{"damage":0.0,"enemies":"Time Eater","floor":51.0,"turns":3.0},{"damage":45,"enemies":"Shield and Spear","floor":55,"turns":3}],"seed_played":"-6824327460288392366","potions_obtained":[{"floor":1.0,"key":"Swift Potion"},{"floor":10.0,"key":"Strength Potion"},{"floor":11.0,"key":"Weak Potion"},{"floor":19.0,"key":"Regen Potion"},{"floor":22.0,"key":"Regen Potion"},{"floor":29.0,"key":"Strength Potion"},{"floor":31.0,"key":"EssenceOfSteel"},{"floor":37.0,"key":"FocusPotion"},{"floor":47.0,"key":"Block Potion"}],"is_trial":false,"path_per_floor":["M","?","M","$","?","R","E","R","T","E","M","R","?","R","B",null,"M","M","?","M","R","E","M","T","R","?","M","R","E","R","B",null,"M","?","M","M","?","R","R","T","?","$","E","M","R",null,"R","$"],"character_chosen":"DEFECT","items_purchased":["Self Repair","Ball Lightning"],"campfire_rested":1,"item_purchase_floors":[4,4],"current_hp_per_floor":[63,63,63,63,45,45,41,41,41,29,38,38,38,48,48,40,66,68,60,60,60,54,54,51,45,45,45,45,55,55,54,77,34,68,57,57,64,73,73,73,65,65,65,75,69,69,71,81,81,18,53,80,80,80,35],"gold":0,"neow_bonus":"BOSS_RELIC","is_prod":false,"is_daily":false,"chose_seed":false,"campfire_upgraded":10,"win_rate":0,"timestamp":1546006085,"path_taken":["M","?","M","$","?","R","E","R","T","E","M","R","?","E","R","BOSS","M","M","?","M","?","R","E","M","T","R","?","M","R","E","R","BOSS","M","?","M","M","?","R","E","R","T","E","?","$","E","M","R","BOSS","BOSS","R","$","E"],"build_version":"2018-12-25","purchased_purges":0,"victory":false,"max_hp_per_floor":[71,71,71,71,71,71,73,73,73,73,75,75,75,75,75,75,75,77,77,77,77,79,79,79,79,79,79,79,79,79,79,79,79,79,81,81,81,83,83,83,83,83,83,83,87,87,89,89,89,89,89,89,89,89,89],"card_choices":[{"not_picked":["Force Field","Chaos"],"picked":"Reinforced Body","floor":1.0},{"not_picked":["Rip and Tear","Blizzard"],"picked":"Defragment","floor":3.0},{"not_picked":["Redo","Aggregate","Barrage"],"picked":"Singing Bowl","floor":7.0},{"not_picked":["Reboot","Conserve Battery"],"picked":"Ball Lightning","floor":10.0},{"not_picked":["Conserve Battery","Compile Driver","Steam Power"],"picked":"Singing Bowl","floor":11.0},{"not_picked":["Streamline","Gash"],"picked":"Multi-Cast","floor":14.0},{"not_picked":["Buffer","Creative AI"],"picked":"Seek+1","floor":16.0},{"not_picked":["Go for the Eyes","Streamline","Stack+1"],"picked":"Singing Bowl","floor":18.0},{"not_picked":["Auto Shields+1","Compile Driver"],"picked":"Tempest+1","floor":19.0},{"not_picked":["Gash","Streamline"],"picked":"Rebound","floor":21.0},{"not_picked":["Compile Driver","Stack+1","Aggregate+1"],"picked":"Singing Bowl","floor":22.0},{"not_picked":["Go for the Eyes","Sunder"],"picked":"Fission+1","floor":24.0},{"not_picked":["Doom and Gloom","Leap+1"],"picked":"Hologram+1","floor":25.0},{"not_picked":["Redo+1","Undo+1"],"picked":"Sweeping Beam+1","floor":29.0},{"not_picked":["Conserve Battery+1","Rebound"],"picked":"Turbo+1","floor":31.0},{"not_picked":["Amplify+1","Multi-Cast+1"],"picked":"Reboot+1","floor":33.0},{"not_picked":["Tempest+1","Conserve Battery+1","Fusion+1"],"picked":"Singing Bowl","floor":35.0},{"not_picked":["Hello World","Stack+1"],"picked":"Defragment+1","floor":36.0},{"not_picked":["Rebound","Aggregate+1"],"picked":"Double Energy+1","floor":37.0},{"not_picked":["Cold Snap","Force Field+1","Conserve Battery+1"],"picked":"Singing Bowl","floor":38.0},{"not_picked":["Self Repair+1","Loop"],"picked":"Steam Power+1","floor":41.0},{"not_picked":["Genetic Algorithm+1","Static Discharge","Capacitor"],"picked":"SKIP","floor":44.0},{"not_picked":["Genetic Algorithm+1","Static Discharge"],"picked":"Capacitor","floor":44.0},{"not_picked":["Swift Strike","Flash of Steel"],"picked":"Dark Shackles+1","floor":45.0},{"not_picked":["Magnetism","Secret Technique+1","Panacea+1"],"picked":"Singing Bowl","floor":45.0},{"not_picked":["Jack Of All Trades+1","Swift Strike","Magnetism"],"picked":"Singing Bowl","floor":45.0},{"not_picked":["Amplify+1","Sunder+1","Turbo+1"],"picked":"Singing Bowl","floor":47.0},{"not_picked":["Beam Cell","Doom and Gloom"],"picked":"Lockon","floor":48.0}],"player_experience":1195021,"relics_obtained":[{"floor":7.0,"key":"Singing Bowl"},{"floor":9.0,"key":"War Paint"},{"floor":10.0,"key":"Whetstone"},{"floor":14.0,"key":"Toxic Egg 2"},{"floor":24.0,"key":"Pen Nib"},{"floor":26.0,"key":"Vajra"},{"floor":31.0,"key":"Mummified Hand"},{"floor":36.0,"key":"FossilizedHelix"},{"floor":41.0,"key":"Art of War"},{"floor":44.0,"key":"Blue Candle"},{"floor":47.0,"key":"Pantograph"}],"event_choices":[{"damage_healed":0.0,"max_hp_gain":0.0,"max_hp_loss":0.0,"gold_gain":0.0,"cards_transformed":["Defend_B"],"event_name":"Living Wall","player_choice":"Change","floor":2.0,"gold_loss":0.0,"damage_taken":0.0,"cards_obtained":["Beam Cell"]},{"damage_healed":0.0,"max_hp_gain":0.0,"max_hp_loss":0.0,"gold_gain":0.0,"event_name":"Scrap Ooze","player_choice":"Success","floor":5.0,"gold_loss":0.0,"damage_taken":18.0,"relics_obtained":["Kunai"]},{"damage_healed":0.0,"max_hp_gain":0.0,"max_hp_loss":0.0,"gold_gain":0.0,"event_name":"World of Goop","player_choice":"Left Gold","floor":13.0,"gold_loss":1.0,"damage_taken":0.0},{"damage_healed":0.0,"max_hp_gain":0.0,"max_hp_loss":0.0,"gold_gain":0.0,"cards_transformed":["Strike_B"],"event_name":"Transmorgrifier","player_choice":"Transformed","floor":20.0,"gold_loss":0.0,"damage_taken":0.0,"cards_obtained":["Darkness"]},{"damage_healed":0.0,"max_hp_gain":0.0,"max_hp_loss":0.0,"gold_gain":0.0,"event_name":"The Mausoleum","player_choice":"Ignored","floor":28.0,"gold_loss":0.0,"damage_taken":0.0},{"damage_healed":0.0,"max_hp_gain":0.0,"max_hp_loss":0.0,"gold_gain":0.0,"event_name":"Mysterious Sphere","player_choice":"Fight","floor":36.0,"gold_loss":0.0,"damage_taken":0.0},{"damage_healed":0.0,"max_hp_gain":0.0,"max_hp_loss":0.0,"gold_gain":0.0,"event_name":"Tomb of Lord Red Mask","player_choice":"Paid","floor":39.0,"gold_loss":0.0,"damage_taken":0.0,"relics_obtained":["Red Mask"]},{"damage_healed":0.0,"max_hp_gain":0.0,"max_hp_loss":0.0,"gold_gain":0.0,"event_name":"SensoryStone","player_choice":"Memory 3","floor":45.0,"gold_loss":0.0,"damage_taken":10.0}],"is_beta":true,"boss_relics":[{"not_picked":["Black Star","Snecko Eye"],"picked":"Empty Cage"},{"not_picked":["Eternal Feather","Lizard Tail"],"picked":"Nuclear Battery"}],"items_purged_floors":[],"is_endless":false,"potions_floor_spawned":[1,10,11,19,22,29,31,37,47],"killed_by":"Shield and Spear","ascension_level":20}