{"gold_per_floor":[110,128,145,159,179,179,191,191,191,191,204,224,236,255,255,350,350,370,73,73,92,92,92,92,108,108,36,55,55,55,55],"floor_reached":31,"playtime":4729,"items_purged":[],"score":258,"play_id":"13148925-2f11-4e88-9a94-a5fbdbc27eb3","local_time":"20190508100911","is_ascension_mode":false,"campfire_choices":[{"data":"Fission","floor":6,"key":"SMITH"},{"data":"Sunder","floor":10,"key":"SMITH"},{"data":"Coolheaded","floor":15,"key":"SMITH"},{"data":"Fission","floor":23,"key":"SMITH"},{"floor":30,"key":"REST"}],"neow_cost":"NONE","seed_source_timestamp":150139591435595,"circlet_count":0,"master_deck":["Strike_B","Strike_B","Strike_B","Strike_B","Defend_B","Defend_B","Defend_B","Defend_B","Zap","Dualcast","Fission+1","Compile Driver","Sunder+1","Coolheaded+1","FTL","Sunder+1","Compile Driver","Gash","Glacier","Leap","BootSequence","Fission+1","Leap+1","Coolheaded+1","Go for the Eyes+1","Self Repair","Ball Lightning"],"relics":["Cracked Core","Gremlin Horn","Eternal Feather","Mango","MutagenicStrength","Bottled Flame"],"potions_floor_usage":[7,11,21,25],"damage_taken":[{"damage":0,"enemies":"Small Slimes","floor":1,"turns":3},{"damage":4,"enemies":"Jaw Worm","floor":2,"turns":4},{"damage":0,"enemies":"2 Louse","floor":3,"turns":1},{"damage":6,"enemies":"Red Slaver","floor":4,"turns":4},{"damage":0,"enemies":"3 Louse","floor":5,"turns":2},{"damage":0,"enemies":"Blue Slaver","floor":7,"turns":3},{"damage":5,"enemies":"Looter","floor":11,"turns":2},{"damage":0,"enemies":"Gremlin Gang","floor":12,"turns":3},{"damage":3,"enemies":"Red Slaver","floor":13,"turns":3},{"damage":5,"enemies":"Blue Slaver","floor":14,"turns":4},{"damage":55,"enemies":"The Guardian","floor":16,"turns":10},{"damage":2,"enemies":"Shell Parasite","floor":18,"turns":7},{"damage":0,"enemies":"3 Byrds","floor":21,"turns":3},{"damage":21,"enemies":"Snake Plant","floor":25,"turns":4},{"damage":20,"enemies":"Sentry and Sphere","floor":28,"turns":6},{"damage":0,"enemies":"Shelled Parasite and Fungi","floor":31,"turns":1}],"seed_played":"6499947131955041097","potions_obtained":[{"floor":2,"key":"Strength Potion"},{"floor":4,"key":"Block Potion"},{"floor":5,"key":"Regen Potion"},{"floor":11,"key":"FairyPotion"},{"floor":18,"key":"Fire Potion"},{"floor":28,"key":"Poison Potion"}],"is_trial":false,"path_per_floor":["M","M","M","M","M","R","M","?","T","R","M","M","M","M","R","B",null,"M","$","?","M","?","R","?","M","T","$","M","?","R","M"],"character_chosen":"DEFECT","items_purchased":["Mango","Self Repair"],"campfire_rested":1,"item_purchase_floors":[19,27],"current_hp_per_floor":[75,71,71,65,65,65,65,65,65,65,65,65,62,57,57,2,75,73,87,70,70,70,82,82,61,61,61,48,32,75,75],"gold":55,"neow_bonus":"ONE_RANDOM_RARE_CARD","is_prod":false,"is_daily":false,"chose_seed":false,"campfire_upgraded":4,"win_rate":0.0,"timestamp":1557277751,"path_taken":["M","M","M","M","M","R","M","?","T","R","M","M","M","M","R","BOSS","M","$","?","M","?","R","?","?","T","$","M","?","R","M"],"build_version":"2019-01-23","purchased_purges":0,"victory":false,"max_hp_per_floor":[75,75,75,75,75,75,75,75,75,75,75,75,75,75,75,75,75,75,89,94,94,94,94,94,94,94,94,94,94,94,94],"card_choices":[{"not_picked":["Storm","Coolheaded"],"picked":"Compile Driver","floor":1},{"not_picked":["Streamline","Cold Snap"],"picked":"Sunder","floor":2},{"not_picked":["Rebound","Compile Driver"],"picked":"Coolheaded","floor":3},{"not_picked":["Rebound","Glacier"],"picked":"FTL","floor":4},{"not_picked":["Double Energy","Go for the Eyes"],"picked":"Sunder","floor":5},{"not_picked":["Amplify","Static Discharge"],"picked":"Compile Driver","floor":7},{"not_picked":["Leap","Sweeping Beam"],"picked":"Gash","floor":11},{"not_picked":["Lockon","Darkness"],"picked":"Glacier","floor":12},{"not_picked":["Capacitor","Consume"],"picked":"Leap","floor":13},{"not_picked":["Lockon","Conserve Battery"],"picked":"BootSequence","floor":14},{"not_picked":["Amplify","Biased Cognition"],"picked":"Fission","floor":16},{"not_picked":["Steam","Gash"],"picked":"Leap+1","floor":18},{"not_picked":["Sunder","Barrage+1"],"picked":"Go for the Eyes+1","floor":25},{"not_picked":["Capacitor","Fusion"],"picked":"Ball Lightning","floor":28}],"player_experience":86865,"relics_obtained":[{"floor":9,"key":"Gremlin Horn"},{"floor":26,"key":"Bottled Flame"}],"event_choices":[{"damage_healed":0,"gold_gain":0,"player_choice":"Grow","damage_taken":0,"max_hp_gain":0,"max_hp_loss":0,"event_name":"Living Wall","floor":8,"gold_loss":0,"cards_upgraded":["Sunder"]},{"damage_healed":0,"gold_gain":0,"player_choice":"Shed Blood","damage_taken":22,"max_hp_gain":5,"max_hp_loss":0,"event_name":"Forgotten Altar","floor":20,"gold_loss":0},{"damage_healed":0,"gold_gain":0,"player_choice":"Inject Mutagens","damage_taken":0,"relics_obtained":["MutagenicStrength"],"max_hp_gain":0,"max_hp_loss":0,"event_name":"Drug Dealer","floor":22,"gold_loss":0},{"damage_healed":0,"gold_gain":0,"player_choice":"Copied","damage_taken":0,"max_hp_gain":0,"max_hp_loss":0,"event_name":"Duplicator","floor":24,"gold_loss":0,"cards_obtained":["Coolheaded"]},{"damage_healed":0,"gold_gain":0,"player_choice":"Obtained Book","damage_taken":16,"max_hp_gain":0,"max_hp_loss":0,"event_name":"Cursed Tome","floor":29,"gold_loss":0}],"is_beta":false,"boss_relics":[{"not_picked":["Velvet Choker","Coffee Dripper"],"picked":"Eternal Feather"}],"items_purged_floors":[],"is_endless":false,"potions_floor_spawned":[2,4,5,11,18,28],"killed_by":"Shelled Parasite and Fungi","ascension_level":0}