{"gold_per_floor":[119,131,147,147,164,12,39,39,121,121,47,63,73,0,0,99,99,111,127,127,140,159,159,193,408,456,332,332],"floor_reached":28,"playtime":1681,"items_purged":["Normality","Strike_G"],"score":325,"play_id":"29f54f48-9c8d-4fd5-87a5-3a29ae09707c","local_time":"20180721123307","is_ascension_mode":true,"campfire_choices":[{"data":"Strike_G","floor":8,"key":"PURGE"},{"data":"Strike_G","floor":10,"key":"PURGE"},{"data":"Accuracy","floor":15,"key":"SMITH"},{"data":"Well Laid Plans","floor":23,"key":"SMITH"}],"neow_cost":"NONE","seed_source_timestamp":188820550249954,"circlet_count":0,"master_deck":["Defend_G","Defend_G","Defend_G","Defend_G","Defend_G","Strike_G","Strike_G","Survivor","Neutralize","Backflip","Cloak And Dagger","Cloak And Dagger","Blur","After Image","Blade Dance","Accuracy","Terror","Well Laid Plans+1","Accuracy+1","Envenom","Expertise","Ghostly","Ghostly","Ghostly","Ghostly","Ghostly","Backflip+1","PiercingWail","Accuracy"],"relics":["Ring of the Snake","NeowsBlessing","Peace Pipe","Blood Vial","Smiling Mask","HoveringKite","Dream Catcher","Old Coin","Omamori"],"potions_floor_usage":[7,16,18,19],"damage_taken":[{"damage":0,"enemies":"Small Slimes","floor":1,"turns":1},{"damage":0,"enemies":"Cultist","floor":2,"turns":1},{"damage":0,"enemies":"Jaw Worm","floor":3,"turns":1},{"damage":3,"enemies":"Large Slime","floor":5,"turns":8},{"damage":34,"enemies":"Gremlin Nob","floor":7,"turns":7},{"damage":1,"enemies":"3 Louse","floor":12,"turns":4},{"damage":0,"enemies":"2 Fungi Beasts","floor":13,"turns":5},{"damage":12,"enemies":"The Guardian","floor":16,"turns":10},{"damage":3,"enemies":"Shell Parasite","floor":18,"turns":9},{"damage":26,"enemies":"3 Byrds","floor":19,"turns":7},{"damage":18,"enemies":"Snake Plant","floor":21,"turns":7},{"damage":2,"enemies":"Centurion and Healer","floor":22,"turns":9},{"damage":13,"enemies":"Slavers","floor":24,"turns":10},{"damage":12,"enemies":"Snecko","floor":28,"turns":7}],"seed_played":"-9079671076164247384","potions_obtained":[{"floor":3,"key":"GhostInAJar"},{"floor":5,"key":"Regen Potion"},{"floor":12,"key":"Swift Potion"},{"floor":18,"key":"Explosive Potion"}],"is_trial":false,"path_per_floor":["M","M","M","?","M","$","E","R","T","R","$","M","M","$","R","B",null,"M","M","?","M","M","R","E","?","T","$"],"character_chosen":"THE_SILENT","items_purchased":["After Image","Accuracy","Accuracy","Accuracy"],"campfire_rested":0,"item_purchase_floors":[6,11,14,27],"current_hp_per_floor":[70,70,70,70,67,67,33,33,33,33,33,34,36,36,36,41,63,62,38,35,17,17,17,6,6,6,6,0],"gold":332,"neow_bonus":"THREE_ENEMY_KILL","is_prod":false,"is_daily":false,"chose_seed":false,"campfire_upgraded":2,"win_rate":0,"timestamp":1532169187,"path_taken":["M","M","M","?","M","$","E","R","T","R","$","M","M","?","R","BOSS","M","M","?","M","M","R","E","?","T","$","M"],"build_version":"2018-07-19v2","purchased_purges":2,"victory":false,"max_hp_per_floor":[70,70,70,70,70,70,70,70,70,70,70,70,70,70,70,70,70,70,70,35,35,35,35,35,35,35,35,35],"card_choices":[{"not_picked":["Dash","Slice"],"picked":"Backflip","floor":1},{"not_picked":["Backflip","Flechettes"],"picked":"Cloak And Dagger","floor":2},{"not_picked":["All Out Attack","PiercingWail"],"picked":"Cloak And Dagger","floor":3},{"not_picked":["All Out Attack","Deadly Poison"],"picked":"Blur","floor":5},{"not_picked":["Backstab","Dagger Throw"],"picked":"Blade Dance","floor":7},{"not_picked":["Outmaneuver","Eviscerate"],"picked":"Terror","floor":12},{"not_picked":["Quick Slash","Distraction"],"picked":"Well Laid Plans","floor":13},{"not_picked":["Wraith Form v2","Glass Knife"],"picked":"Envenom","floor":16},{"not_picked":["Escape Plan","Bouncing Flask"],"picked":"Expertise","floor":18},{"not_picked":["Flying Knee","Endless Agony","Bane+1"],"picked":"SKIP","floor":19},{"not_picked":["Dagger Spray","Flying Knee"],"picked":"Backflip+1","floor":21},{"not_picked":["Deflect","Glass Knife","Underhanded Strike"],"picked":"SKIP","floor":22},{"not_picked":["Die Die Die","Outmaneuver"],"picked":"PiercingWail","floor":24}],"player_experience":173279,"relics_obtained":[{"floor":7,"key":"Blood Vial"},{"floor":9,"key":"Smiling Mask"},{"floor":24,"key":"Dream Catcher"},{"floor":26,"key":"Omamori"}],"event_choices":[{"event_name":"Accursed Blacksmith","player_choice":"Rummage","floor":4,"damage_taken":0},{"event_name":"Ghosts","player_choice":"Became a Ghost","floor":20,"damage_taken":0},{"event_name":"Addict","player_choice":"Obtained Relic","floor":25,"damage_taken":0}],"is_beta":false,"boss_relics":[{"not_picked":["Snecko Eye","Runic Dome"],"picked":"HoveringKite"}],"items_purged_floors":[6,27],"is_endless":false,"potions_floor_spawned":[3,5,12,18],"killed_by":"Snecko","ascension_level":5}