{"gold_per_floor":[110,110,260,276,201,242,242,282,294,581,98,112,135,135],"floor_reached":14,"playtime":235,"items_purged":["Doubt","Regret"],"score":246,"play_id":"c2436c42-240e-4430-ad67-3f03f0ca4529","local_time":"20190504182153","is_ascension_mode":true,"campfire_choices":[{"data":"Zap","floor":7,"key":"SMITH"}],"neow_cost":"NONE","seed_source_timestamp":2128241426667668,"circlet_count":0,"master_deck":["AscendersBane","Strike_B","Strike_B","Strike_B","Strike_B","Defend_B","Defend_B","Defend_B","Defend_B","Zap+1","Dualcast","Ball Lightning","Hologram","Undo"],"relics":["Cracked Core","NeowsBlessing","Golden Idol","Regal Pillow","MawBank","Calipers"],"potions_floor_usage":[8,13],"damage_taken":[{"damage":0,"enemies":"2 Louse","floor":1,"turns":1},{"damage":0,"enemies":"Jaw Worm","floor":4,"turns":1},{"damage":0,"enemies":"Gremlin Nob","floor":6,"turns":1},{"damage":19,"enemies":"Lagavulin","floor":8,"turns":7},{"damage":9,"enemies":"Small Slimes","floor":12,"turns":3},{"damage":21,"enemies":"Exordium Thugs","floor":13,"turns":4},{"damage":15,"enemies":"3 Sentries","floor":14,"turns":2}],"seed_played":"6980364536575259945","potions_obtained":[{"floor":4,"key":"EssenceOfSteel"},{"floor":8,"key":"AttackPotion"},{"floor":13,"key":"LiquidBronze"}],"is_trial":false,"path_per_floor":["M","?","?","M","$","E","R","E","T","?","$","M","M","E"],"character_chosen":"DEFECT","items_purchased":["Calipers","FearPotion"],"campfire_rested":0,"item_purchase_floors":[11,11],"current_hp_per_floor":[64,64,64,64,64,64,64,45,45,45,45,36,15,0],"gold":135,"neow_bonus":"THREE_ENEMY_KILL","is_prod":false,"is_daily":false,"chose_seed":false,"campfire_upgraded":1,"win_rate":0,"timestamp":1557008513,"path_taken":["M","?","?","M","?","E","R","E","T","?","$","M","?","E"],"build_version":"2019-04-23","purchased_purges":2,"victory":false,"max_hp_per_floor":[71,64,64,64,64,64,64,64,64,64,64,64,64,64],"card_choices":[{"not_picked":["Streamline","Hologram"],"picked":"Ball Lightning","floor":1},{"not_picked":["Redo","Stack","Beam Cell"],"picked":"SKIP","floor":4},{"not_picked":["Compile Driver","Fusion"],"picked":"Hologram","floor":6},{"not_picked":["Undo","Compile Driver","Stack"],"picked":"SKIP","floor":8},{"not_picked":["Compile Driver","Redo","Steam Power"],"picked":"SKIP","floor":12},{"not_picked":["Compile Driver","Rebound"],"picked":"Undo","floor":13}],"player_experience":2000279,"relics_obtained":[{"floor":6,"key":"Regal Pillow"},{"floor":8,"key":"MawBank"}],"event_choices":[{"damage_healed":0,"gold_gain":0,"player_choice":"Lose Max HP","damage_taken":0,"relics_obtained":["Golden Idol"],"max_hp_gain":0,"max_hp_loss":7,"event_name":"Golden Idol","floor":2,"gold_loss":0},{"damage_healed":0,"gold_gain":150,"player_choice":"AGREE","damage_taken":0,"max_hp_gain":0,"max_hp_loss":0,"event_name":"Liars Game","floor":3,"gold_loss":0,"cards_obtained":["Doubt"]},{"damage_healed":0,"gold_gain":275,"player_choice":"Desecrate","damage_taken":0,"max_hp_gain":0,"max_hp_loss":0,"event_name":"Golden Shrine","floor":10,"gold_loss":0,"cards_obtained":["Regret"]}],"is_beta":true,"boss_relics":[],"items_purged_floors":[5,11],"is_endless":false,"potions_floor_spawned":[4,8,13],"killed_by":"3 Sentries","ascension_level":20}