{"gold_per_floor":[109,184,15,25,25,51,51,61,88,107,130,141,141,152,152,250,250,263,263,263,280,292,292],"floor_reached":23,"playtime":993,"items_purged":[],"score":218,"play_id":"81e59c53-d8ae-4645-9713-5688ad879c5b","local_time":"25610715151458","is_ascension_mode":false,"campfire_choices":[{"data":"Spot Weakness","floor":7,"key":"SMITH"},{"data":"Inflame","floor":15,"key":"SMITH"}],"neow_cost":"NONE","seed_source_timestamp":11098960805832,"circlet_count":0,"master_deck":["Strike_R","Strike_R","Strike_R","Strike_R","Strike_R","Defend_R","Defend_R","Defend_R","Bash","Spot Weakness+1","Clash","Inflame+1","Reckless Charge","Burning Pact","Exhume","Dropkick","Perfected Strike","Regret","Headbutt","Limit Break","Havoc","Normality","Sword Boomerang+1","Anger+1"],"relics":["Burning Blood","NeowsBlessing","Bag of Marbles","Potion Belt","Juzu Bracelet","Odd Mushroom","Bag of Preparation","Black Star","Lantern"],"potions_floor_usage":[16,16,18,22,22],"damage_taken":[{"damage":0,"enemies":"2 Louse","floor":1,"turns":1},{"damage":0,"enemies":"Jaw Worm","floor":4,"turns":1},{"damage":0,"enemies":"Lagavulin","floor":6,"turns":1},{"damage":0,"enemies":"Small Slimes","floor":8,"turns":2},{"damage":0,"enemies":"3 Louse","floor":10,"turns":1},{"damage":8,"floor":11,"turns":3},{"damage":11,"enemies":"Large Slime","floor":12,"turns":5},{"damage":10,"enemies":"Looter","floor":14,"turns":2},{"damage":65,"enemies":"Hexaghost","floor":16,"turns":8},{"damage":17,"enemies":"Chosen","floor":18,"turns":6},{"damage":31,"enemies":"Spheric Guardian","floor":21,"turns":4},{"damage":36,"enemies":"Snecko","floor":22,"turns":5},{"damage":14,"enemies":"Slavers","floor":23,"turns":1}],"seed_played":"8832180212495803395","potions_obtained":[{"floor":11,"key":"SpeedPotion"},{"floor":12,"key":"PowerPotion"},{"floor":16,"key":"SkillPotion"},{"floor":18,"key":"Strength Potion"},{"floor":21,"key":"GamblersBrew"}],"is_trial":false,"path_per_floor":["M","?","$","M","?","E","R","M","T","M","?","M","?","M","R","B",null,"M","?","?","M","M"],"character_chosen":"IRONCLAD","items_purchased":["Bag of Marbles","Clash"],"campfire_rested":0,"item_purchase_floors":[3,3],"current_hp_per_floor":[80,69,69,75,75,80,80,80,80,80,78,73,73,69,69,10,80,69,69,69,44,14,0],"gold":292,"neow_bonus":"THREE_ENEMY_KILL","is_prod":false,"is_daily":false,"chose_seed":false,"campfire_upgraded":2,"win_rate":0,"timestamp":1531642498,"path_taken":["M","?","?","M","?","E","R","M","T","M","?","M","?","M","R","BOSS","M","?","?","M","M","E"],"build_version":"2018-07-12","purchased_purges":0,"victory":false,"max_hp_per_floor":[80,80,80,80,80,80,80,80,80,80,80,80,80,80,80,80,80,80,80,80,80,80,80],"card_choices":[{"not_picked":["Perfected Strike","Warcry"],"picked":"Spot Weakness","floor":1},{"not_picked":["Sever Soul","Iron Wave"],"picked":"Inflame","floor":4},{"not_picked":["Evolve","Cleave"],"picked":"Reckless Charge","floor":6},{"not_picked":["Dropkick","Entrench"],"picked":"Burning Pact","floor":8},{"not_picked":["Bloodletting","Warcry"],"picked":"Exhume","floor":10},{"not_picked":["Clothesline","Clash"],"picked":"Dropkick","floor":11},{"not_picked":["Havoc","True Grit"],"picked":"Perfected Strike","floor":12},{"not_picked":["Feel No Pain","Cleave"],"picked":"Headbutt","floor":14},{"not_picked":["Impervious","Reaper"],"picked":"Limit Break","floor":16},{"not_picked":["Entrench","Warcry"],"picked":"Havoc","floor":18},{"not_picked":["Twin Strike+1","Seeing Red"],"picked":"Sword Boomerang+1","floor":21},{"not_picked":["Iron Wave","Uppercut"],"picked":"Anger+1","floor":22}],"player_experience":21037,"relics_obtained":[{"floor":6,"key":"Potion Belt"},{"floor":9,"key":"Juzu Bracelet"},{"floor":11,"key":"Odd Mushroom"}],"event_choices":[{"event_name":"World of Goop","player_choice":"Gather Gold","floor":2,"damage_taken":0},{"event_name":"Living Wall","player_choice":"Forget","floor":5,"damage_taken":0},{"event_name":"Mushrooms","player_choice":"Fought Mushrooms","floor":11,"damage_taken":0},{"event_name":"Big Fish","player_choice":"Box","floor":13,"damage_taken":0},{"event_name":"Accursed Blacksmith","player_choice":"Rummage","floor":19,"damage_taken":0},{"event_name":"Vampires","player_choice":"Ignored","floor":20,"damage_taken":0}],"boss_relics":[{"not_picked":["White Beast Statue","Ectoplasm"],"picked":"Black Star"}],"items_purged_floors":[],"is_endless":false,"potions_floor_spawned":[11,12,16,18,21],"killed_by":"Slavers","ascension_level":0}