{"gold_per_floor":[110,110,126,136,136,136,169,17,41,75,93,18,43,43,43,43],"floor_reached":16,"playtime":554,"items_purged":["Regret"],"score":159,"play_id":"63f83f99-0786-49fa-abac-6a46c954fa74","local_time":"25610725182629","is_ascension_mode":true,"campfire_choices":[{"floor":6,"key":"REST"},{"data":"Bash","floor":15,"key":"SMITH"}],"neow_cost":"NONE","seed_source_timestamp":20899984031916,"circlet_count":0,"master_deck":["Strike_R","Strike_R","Strike_R","Strike_R","Strike_R","Defend_R","Defend_R+1","Defend_R","Defend_R","Bash+1","Spot Weakness+1","Thunderclap","Reaper","Flex","Sever Soul","Whirlwind","Seeing Red","Shockwave"],"relics":["Burning Blood","Dream Catcher","Pantograph","Lantern","Regal Pillow","Oddly Smooth Stone","Art of War"],"potions_floor_usage":[1,10,10,16,16],"damage_taken":[{"damage":1,"enemies":"2 Louse","floor":1,"turns":3},{"damage":14,"enemies":"Jaw Worm","floor":3,"turns":3},{"damage":18,"enemies":"Cultist","floor":4,"turns":4},{"damage":28,"enemies":"3 Sentries","floor":7,"turns":7},{"damage":29,"enemies":"Lagavulin","floor":10,"turns":5},{"damage":8,"enemies":"Exordium Thugs","floor":11,"turns":4},{"damage":30,"enemies":"3 Sentries","floor":13,"turns":6},{"damage":90,"enemies":"Hexaghost","floor":16,"turns":9}],"seed_played":"3566752572988219178","potions_obtained":[{"floor":4,"key":"SpeedPotion"},{"floor":10,"key":"EssenceOfSteel"}],"is_trial":false,"path_per_floor":["M","?","M","M","?","R","E","$","T","E","M","$","E","$","R"],"character_chosen":"IRONCLAD","items_purchased":["Lantern"],"campfire_rested":1,"item_purchase_floors":[8],"current_hp_per_floor":[82,82,74,62,45,70,63,63,63,55,58,58,52,52,52,0],"gold":43,"neow_bonus":"THREE_SMALL_POTIONS","is_prod":false,"is_daily":false,"chose_seed":false,"campfire_upgraded":1,"win_rate":0,"timestamp":1532517989,"path_taken":["M","?","M","M","?","R","E","?","T","E","?","$","E","?","R","BOSS"],"build_version":"2018-07-19v2","purchased_purges":1,"victory":false,"max_hp_per_floor":[85,85,85,85,85,85,85,85,85,85,85,85,85,85,85,85],"card_choices":[{"not_picked":["Headbutt","Second Wind"],"picked":"Spot Weakness","floor":1},{"not_picked":["Feel No Pain","Flex"],"picked":"Thunderclap","floor":3},{"not_picked":["True Grit","Wild Strike"],"picked":"Reaper","floor":4},{"not_picked":["Perfected Strike","Body Slam"],"picked":"Flex","floor":6},{"not_picked":["Hemokinesis","Brutality"],"picked":"Sever Soul","floor":7},{"not_picked":["Corruption","Body Slam"],"picked":"Whirlwind","floor":10},{"not_picked":["Disarm","Burning Pact"],"picked":"Seeing Red","floor":11},{"not_picked":["Blood for Blood","Havoc"],"picked":"Shockwave","floor":13}],"player_experience":151630,"relics_obtained":[{"floor":7,"key":"Pantograph"},{"floor":9,"key":"Regal Pillow"},{"floor":10,"key":"Oddly Smooth Stone"},{"floor":13,"key":"Art of War"}],"event_choices":[{"event_name":"Big Fish","player_choice":"Box","floor":2,"damage_taken":0},{"event_name":"Shining Light","player_choice":"Entered Light","floor":5,"damage_taken":0}],"is_beta":false,"boss_relics":[],"items_purged_floors":[12],"is_endless":false,"potions_floor_spawned":[4,7,10],"killed_by":"Hexaghost","ascension_level":7}