{"gold_per_floor":[114,133,4,21,21,53,53,80,80,106,6,66,66,20,20,20],"floor_reached":16,"playtime":804,"items_purged":["Strike_R","Strike_R"],"score":139,"play_id":"d617ce41-f293-4d81-a58d-d0fdd7125c47","local_time":"20190331220814","is_ascension_mode":true,"campfire_choices":[{"data":"Bash","floor":7,"key":"SMITH"},{"floor":13,"key":"REST"},{"floor":15,"key":"REST"}],"neow_cost":"NONE","seed_source_timestamp":1427822064542000,"circlet_count":0,"master_deck":["Strike_R","Strike_R","Strike_R","Defend_R","Defend_R","Defend_R","Defend_R","Bash+1","Clothesline","Shrug It Off","Pummel","Flame Barrier+1","Spot Weakness+1","Heavy Blade","Shrug It Off+1"],"relics":["Burning Blood","Toxic Egg 2","Ornamental Fan","Thread and Needle","Gremlin Horn","Bottled Flame","Paper Frog"],"potions_floor_usage":[6,8,8,12],"damage_taken":[{"damage":0,"enemies":"2 Louse","floor":1,"turns":2},{"damage":0,"enemies":"Small Slimes","floor":2,"turns":3},{"damage":4,"enemies":"Jaw Worm","floor":4,"turns":4},{"damage":30,"enemies":"3 Sentries","floor":6,"turns":9},{"damage":31,"enemies":"Lagavulin","floor":8,"turns":7},{"damage":27,"enemies":"Gremlin Nob","floor":10,"turns":5},{"damage":3,"enemies":"Gremlin Nob","floor":12,"turns":3},{"damage":83,"enemies":"Slime Boss","floor":16,"turns":11}],"seed_played":"-4486939157487094042","potions_obtained":[{"floor":1,"key":"Poison Potion"},{"floor":4,"key":"PowerPotion"},{"floor":6,"key":"Explosive Potion"},{"floor":10,"key":"FearPotion"}],"is_trial":false,"path_per_floor":["M","M","$","M","?","E","R","E","T","E","$","?","R","$","R","B"],"character_chosen":"IRONCLAD","items_purchased":["Shrug It Off","Shrug It Off+1"],"campfire_rested":2,"item_purchase_floors":[3,14],"current_hp_per_floor":[88,88,88,88,81,57,57,32,32,11,11,14,40,40,66,0],"gold":20,"neow_bonus":"TEN_PERCENT_HP_BONUS","is_prod":false,"is_daily":false,"chose_seed":false,"campfire_upgraded":1,"win_rate":0,"timestamp":1554059294,"path_taken":["M","M","$","M","?","E","R","E","T","E","$","?","R","?","R","BOSS"],"build_version":"2019-01-23","purchased_purges":2,"victory":false,"max_hp_per_floor":[88,88,88,88,88,88,88,88,88,88,88,88,88,88,88,88],"card_choices":[{"not_picked":["Thunderclap","Warcry","Intimidate"],"picked":"SKIP","floor":1},{"not_picked":["Iron Wave","Twin Strike"],"picked":"Clothesline","floor":2},{"not_picked":["Disarm","Intimidate"],"picked":"Pummel","floor":4},{"not_picked":["Anger","Cleave"],"picked":"Flame Barrier+1","floor":6},{"not_picked":["Thunderclap","Clash"],"picked":"Spot Weakness+1","floor":8},{"not_picked":["Spot Weakness+1","Intimidate+1","True Grit+1"],"picked":"SKIP","floor":10},{"not_picked":["Iron Wave","Twin Strike"],"picked":"Heavy Blade","floor":12}],"player_experience":129504,"relics_obtained":[{"floor":6,"key":"Ornamental Fan"},{"floor":8,"key":"Thread and Needle"},{"floor":9,"key":"Gremlin Horn"},{"floor":10,"key":"Bottled Flame"}],"event_choices":[{"damage_healed":0,"gold_gain":0,"player_choice":"Success","damage_taken":7,"relics_obtained":["Toxic Egg 2"],"max_hp_gain":0,"max_hp_loss":0,"event_name":"Scrap Ooze","floor":5,"gold_loss":0},{"damage_healed":0,"gold_gain":0,"player_choice":"Searched \u00272\u0027 times","damage_taken":0,"relics_obtained":["Paper Frog"],"max_hp_gain":0,"max_hp_loss":0,"event_name":"Dead Adventurer","floor":12,"gold_loss":0}],"is_beta":false,"boss_relics":[],"items_purged_floors":[3,11],"is_endless":false,"potions_floor_spawned":[1,4,6,10],"killed_by":"Slime Boss","ascension_level":4}