{"gold_per_floor":[18,36,52,72,172,172,184,214,240,255,255,268,268,18,18,119,119,138,138,157,176,275,275,289,289,289,289],"floor_reached":27,"playtime":1283,"items_purged":["Strike_B"],"score":293,"play_id":"c824fda2-1b13-4be4-9803-55649ef7318f","local_time":"20180927001923","is_ascension_mode":true,"campfire_choices":[{"data":"Zap","floor":6,"key":"SMITH"},{"floor":11,"key":"REST"},{"data":"Hello World","floor":13,"key":"SMITH"},{"data":"Double Energy","floor":15,"key":"SMITH"},{"floor":23,"key":"REST"},{"data":"Loop","floor":25,"key":"SMITH"}],"neow_cost":"NO_GOLD","seed_source_timestamp":9182555850259,"circlet_count":0,"master_deck":["Strike_B","Strike_B","Strike_B+1","Defend_B","Defend_B","Defend_B","Defend_B","Zap+1","Dualcast","Hologram","Turbo","Ball Lightning+1","Coolheaded","White Noise","Hello World+1","Double Energy+1","Heatsinks","Biased Cognition","Doom and Gloom","Echo Form","Capacitor","Defragment","Stack","Loop+1"],"relics":["Cracked Core","Pocketwatch","Bag of Marbles","Whetstone","Sozu","Singing Bowl"],"potions_floor_usage":[7,8,16,16],"damage_taken":[{"damage":0,"enemies":"Small Slimes","floor":1,"turns":2},{"damage":0,"enemies":"Cultist","floor":2,"turns":3},{"damage":3,"enemies":"2 Louse","floor":3,"turns":2},{"damage":23,"enemies":"Large Slime","floor":4,"turns":5},{"damage":15,"enemies":"Gremlin Gang","floor":7,"turns":4},{"damage":13,"enemies":"3 Sentries","floor":8,"turns":6},{"damage":7,"enemies":"Looter","floor":10,"turns":3},{"damage":1,"enemies":"3 Louse","floor":12,"turns":4},{"damage":2,"enemies":"Hexaghost","floor":16,"turns":6},{"damage":23,"enemies":"Shell Parasite","floor":18,"turns":4},{"damage":6,"enemies":"3 Byrds","floor":20,"turns":3},{"damage":5,"enemies":"Centurion and Healer","floor":21,"turns":5},{"damage":15,"enemies":"Shelled Parasite and Fungi","floor":24,"turns":6},{"damage":43,"enemies":"Masked Bandits","floor":27,"turns":3}],"seed_played":"2796603786647017667","potions_obtained":[{"floor":3,"key":"FocusPotion"},{"floor":4,"key":"Dexterity Potion"},{"floor":10,"key":"FocusPotion"},{"floor":12,"key":"Fruit Juice"}],"is_trial":false,"path_per_floor":["M","M","M","M","?","R","M","E","T","M","R","M","R","$","R","B",null,"M","?","M","M","?","R","M","R","T"],"character_chosen":"DEFECT","items_purchased":["Biased Cognition","Doom and Gloom"],"campfire_rested":2,"item_purchase_floors":[14,14],"current_hp_per_floor":[68,68,65,42,42,42,27,14,14,7,29,28,28,28,28,31,68,45,37,31,26,26,50,42,42,42,0],"gold":289,"neow_bonus":"ONE_RARE_RELIC","is_prod":false,"is_daily":false,"chose_seed":false,"campfire_upgraded":4,"win_rate":0,"timestamp":1538000363,"path_taken":["M","M","M","M","?","R","M","E","T","M","R","M","R","$","R","BOSS","M","?","M","?","?","R","?","R","T","?"],"build_version":"2018-09-20","purchased_purges":1,"victory":false,"max_hp_per_floor":[75,75,75,75,75,75,75,75,75,75,75,75,75,75,75,80,80,80,80,80,80,80,80,80,80,80,80],"card_choices":[{"not_picked":["Reprogram","Beam Cell"],"picked":"Hologram","floor":1},{"not_picked":["Hologram","Sweeping Beam"],"picked":"Turbo","floor":2},{"not_picked":["Redo","Steam Power"],"picked":"Ball Lightning","floor":3},{"not_picked":["Steam","Go for the Eyes"],"picked":"Coolheaded","floor":4},{"not_picked":["Sweeping Beam","Streamline"],"picked":"White Noise","floor":7},{"not_picked":["Turbo","Rebound"],"picked":"Hello World","floor":8},{"not_picked":["Steam","White Noise"],"picked":"Double Energy","floor":10},{"not_picked":["Fusion","Beam Cell"],"picked":"Heatsinks","floor":12},{"not_picked":["Seek","Electrodynamics"],"picked":"Echo Form","floor":16},{"not_picked":["Beam Cell","Consume"],"picked":"Capacitor","floor":18},{"not_picked":["Turbo+1","Hologram+1"],"picked":"Defragment","floor":20},{"not_picked":["Fusion","Skim"],"picked":"Stack","floor":21},{"not_picked":["Scrape","Aggregate"],"picked":"Loop","floor":24}],"player_experience":267370,"relics_obtained":[{"floor":8,"key":"Bag of Marbles"},{"floor":9,"key":"Whetstone"},{"floor":26,"key":"Singing Bowl"}],"event_choices":[{"event_name":"Golden Shrine","player_choice":"Pray","floor":5,"damage_taken":0},{"event_name":"Knowing Skull","player_choice":"","floor":19,"damage_taken":0},{"event_name":"Nest","player_choice":"Stole From Cult","floor":22,"damage_taken":0},{"event_name":"Masked Bandits","player_choice":"Fought Bandits","floor":27,"damage_taken":0}],"is_beta":false,"boss_relics":[{"not_picked":["Lizard Tail","Velvet Choker"],"picked":"Sozu"}],"items_purged_floors":[14],"is_endless":false,"potions_floor_spawned":[3,4,10,12,18,20,24],"killed_by":"Masked Bandits","ascension_level":7}