{"gold_per_floor":[16,39,4,22,40,66,66,96,96,20,20,47,58,58,58,130,130,150,75,102,27,27,60,83,124,136,178,190,220,232,86,86,162,162,173,173,173,200,17,17,47,60,60,85,85,113,126,142,142,142,142,142,142,63,92,92],"floor_reached":57,"playtime":2100,"items_purged":["Strike_G","Terror"],"score":3749,"play_id":"0ceef028-1b27-4015-b312-4b604e0cd4d7","local_time":"20190319214055","is_ascension_mode":true,"campfire_choices":[{"data":"Poisoned Stab","floor":7.0,"key":"SMITH"},{"data":"Neutralize","floor":11.0,"key":"SMITH"},{"data":"Night Terror","floor":15.0,"key":"SMITH"},{"data":"Catalyst","floor":32.0,"key":"SMITH"},{"data":"Crippling Poison","floor":40.0,"key":"SMITH"},{"floor":49.0,"key":"RECALL"},{"data":"Corpse Explosion","floor":53.0,"key":"SMITH"}],"neow_cost":"NO_GOLD","seed_source_timestamp":0,"circlet_count":0,"master_deck":["AscendersBane","Defend_G","Defend_G","Defend_G","Survivor","Neutralize+1","Crippling Poison+1","Night Terror+1","Poisoned Stab+1","Dash+1","Catalyst+1","Bullet Time","Corpse Explosion+1","PiercingWail","Predator"],"special_seed":0,"relics":["Ring of the Snake","Oddly Smooth Stone","Singing Bowl","Bronze Scales","Paper Crane","Question Card","Snecko Eye","Red Mask","MawBank","Gambling Chip","Blood Vial","Juzu Bracelet","Orrery","Whetstone","Strawberry","Kunai","Unceasing Top","Dream Catcher","The Specimen"],"potions_floor_usage":[56,56],"damage_taken":[{"damage":19.0,"enemies":"Cultist","floor":1.0,"turns":6.0},{"damage":0.0,"enemies":"2 Louse","floor":4.0,"turns":3.0},{"damage":3.0,"enemies":"Jaw Worm","floor":5.0,"turns":6.0},{"damage":20.0,"enemies":"Lagavulin","floor":6.0,"turns":9.0},{"damage":22.0,"enemies":"3 Sentries","floor":8.0,"turns":13.0},{"damage":8.0,"enemies":"Lagavulin","floor":12.0,"turns":6.0},{"damage":1.0,"enemies":"Lots of Slimes","floor":13.0,"turns":4.0},{"damage":0.0,"enemies":"Hexaghost","floor":16.0,"turns":6.0},{"damage":0.0,"enemies":"3 Byrds","floor":18.0,"turns":2.0},{"damage":0.0,"enemies":"Masked Bandits","floor":20.0,"turns":3.0},{"damage":0.0,"enemies":"Slavers","floor":23.0,"turns":5.0},{"damage":0.0,"enemies":"Shell Parasite","floor":24.0,"turns":3.0},{"damage":0.0,"enemies":"Book of Stabbing","floor":25.0,"turns":4.0},{"damage":0.0,"enemies":"Gremlin Leader","floor":27.0,"turns":2.0},{"damage":0.0,"enemies":"Snake Plant","floor":29.0,"turns":2.0},{"damage":0.0,"enemies":"Champ","floor":33.0,"turns":2.0},{"damage":0.0,"enemies":"3 Darklings","floor":35.0,"turns":2.0},{"damage":0.0,"enemies":"Giant Head","floor":41.0,"turns":3.0},{"damage":0.0,"enemies":"Orb Walker","floor":42.0,"turns":2.0},{"damage":0.0,"enemies":"Nemesis","floor":44.0,"turns":3.0},{"damage":0.0,"enemies":"Giant Head","floor":46.0,"turns":4.0},{"damage":0.0,"enemies":"Jaw Worm Horde","floor":47.0,"turns":1.0},{"damage":0.0,"enemies":"Writhing Mass","floor":48.0,"turns":2.0},{"damage":0.0,"enemies":"Donu and Deca","floor":50.0,"turns":2.0},{"damage":0.0,"enemies":"Time Eater","floor":51.0,"turns":2.0},{"damage":0,"enemies":"Shield and Spear","floor":55,"turns":2},{"damage":18,"enemies":"The Heart","floor":56,"turns":5}],"seed_played":"1954980756042881213","potions_obtained":[{"floor":1.0,"key":"FearPotion"},{"floor":4.0,"key":"Weak Potion"},{"floor":13.0,"key":"Dexterity Potion"},{"floor":18.0,"key":"Strength Potion"},{"floor":23.0,"key":"PowerPotion"}],"is_trial":false,"path_per_floor":["M","T","?","M","M","E","R","E","T","$","R","E","M","?","R","B",null,"M","$","?","?","?","E","M","E","T","E","?","M","?","$","R","B",null,"M","?","$","T","$","R","E","M","T","E","?","E","M","M","R","B","B",null,"R","$","E","B",null],"character_chosen":"THE_SILENT","items_purchased":["Catalyst","Juzu Bracelet","GhostInAJar","Predator"],"campfire_rested":0,"item_purchase_floors":[10,31,39,54],"current_hp_per_floor":[40,40,56,56,53,35,35,15,15,15,15,9,10,10,10,10,58,60,60,62,62,62,64,66,66,66,68,68,72,72,72,72,76,95,99,99,99,99,99,99,107,109,109,111,107,111,115,119,119,121,123,123,123,123,125,107],"gold":92,"neow_bonus":"TRANSFORM_TWO_CARDS","is_prod":false,"is_daily":false,"chose_seed":true,"campfire_upgraded":6,"win_rate":0,"timestamp":1553002855,"path_taken":["M","?","?","M","M","E","R","E","T","?","R","E","?","?","R","BOSS","M","$","?","?","?","E","?","E","T","E","?","M","?","$","R","BOSS","M","?","?","?","$","R","E","M","T","E","?","E","M","M","R","BOSS","BOSS","R","$","E","BOSS"],"build_version":"2019-03-15","purchased_purges":2,"victory":true,"max_hp_per_floor":[66,66,66,66,66,68,68,70,70,70,70,72,74,74,74,74,74,76,76,78,78,78,80,82,82,82,84,84,86,86,86,86,88,98,100,100,100,100,100,100,107,109,109,111,117,119,121,123,123,123,123,123,123,123,125,125],"card_choices":[{"not_picked":["All Out Attack","Infinite Blades"],"picked":"Terror","floor":1.0},{"not_picked":["Quick Slash","Eviscerate"],"picked":"Poisoned Stab","floor":4.0},{"not_picked":["Infinite Blades","Sucker Punch"],"picked":"Dash","floor":5.0},{"not_picked":["Quick Slash","Acrobatics","Prepared"],"picked":"Singing Bowl","floor":6.0},{"not_picked":["Poisoned Stab","Dagger Throw","A Thousand Cuts"],"picked":"Singing Bowl","floor":8.0},{"not_picked":["Dagger Spray","Cloak And Dagger","Quick Slash"],"picked":"Singing Bowl","floor":12.0},{"not_picked":["Flying Knee","Deflect","Blade Dance","Prepared"],"picked":"Singing Bowl","floor":13.0},{"not_picked":["Malaise","Unload","Corpse Explosion"],"picked":"Bullet Time","floor":16.0},{"not_picked":["Deadly Poison","Accuracy","Slice","Noxious Fumes"],"picked":"Singing Bowl","floor":18.0},{"not_picked":["PiercingWail","Reflex","Dagger Throw","Backflip"],"picked":"Singing Bowl","floor":20.0},{"not_picked":["Dodge and Roll","Storm of Steel","Choke","PiercingWail"],"picked":"Singing Bowl","floor":23.0},{"not_picked":["Flying Knee","Deflect","Prepared","Cloak And Dagger"],"picked":"Singing Bowl","floor":24.0},{"not_picked":["Flying Knee","Finisher","Storm of Steel"],"picked":"Corpse Explosion","floor":25.0},{"not_picked":["A Thousand Cuts","Dagger Spray","Sucker Punch","PiercingWail"],"picked":"Singing Bowl","floor":27.0},{"not_picked":["Bane","Setup","Quick Slash","Blade Dance"],"picked":"Singing Bowl","floor":29.0},{"not_picked":["Envenom","Storm of Steel","Corpse Explosion","Night Terror"],"picked":"Singing Bowl","floor":33.0},{"not_picked":["Unload","Masterful Stab+1","Riddle With Holes","Deflect"],"picked":"Singing Bowl","floor":34.0},{"not_picked":["Outmaneuver","Poisoned Stab","Flechettes","Skewer"],"picked":"Singing Bowl","floor":34.0},{"not_picked":["Calculated Gamble","Choke","Crippling Poison","Deadly Poison+1"],"picked":"Singing Bowl","floor":34.0},{"not_picked":["Poisoned Stab","Deadly Poison+1","Calculated Gamble","Sucker Punch"],"picked":"Singing Bowl","floor":34.0},{"not_picked":["Leg Sweep","Deflect","Sucker Punch+1","Noxious Fumes"],"picked":"Singing Bowl","floor":34.0},{"not_picked":["Sucker Punch","Slice","Flying Knee","Underhanded Strike+1"],"picked":"Singing Bowl","floor":35.0},{"not_picked":["Masterful Stab+1","Underhanded Strike","Tactician"],"picked":"PiercingWail","floor":41.0},{"not_picked":["Blur","Underhanded Strike+1","Flying Knee+1","Flechettes"],"picked":"Singing Bowl","floor":42.0},{"not_picked":["Grand Finale","Reflex+1","Tactician+1","Dash"],"picked":"Singing Bowl","floor":44.0},{"not_picked":["Swift Strike","Trip","Mayhem","Transmutation"],"picked":"Singing Bowl","floor":45.0},{"not_picked":["The Bomb","Discovery","Madness","Jack Of All Trades"],"picked":"Singing Bowl","floor":45.0},{"not_picked":["Trip","Purity","Swift Strike","HandOfGreed"],"picked":"Singing Bowl","floor":45.0},{"not_picked":["Caltrops","Poisoned Stab","Bane","Well Laid Plans+1"],"picked":"Singing Bowl","floor":46.0},{"not_picked":["Prepared","Caltrops","Escape Plan+1","Cloak And Dagger"],"picked":"Singing Bowl","floor":47.0},{"not_picked":["Tactician+1","Dagger Throw+1","PiercingWail","Riddle With Holes"],"picked":"Singing Bowl","floor":48.0},{"not_picked":["Bane","Deflect","Crippling Poison","Outmaneuver"],"picked":"Singing Bowl","floor":55}],"player_experience":1265101,"relics_obtained":[{"floor":2.0,"key":"Oddly Smooth Stone"},{"floor":6.0,"key":"Singing Bowl"},{"floor":8.0,"key":"Bronze Scales"},{"floor":9.0,"key":"Paper Crane"},{"floor":12.0,"key":"Question Card"},{"floor":20.0,"key":"Red Mask"},{"floor":23.0,"key":"MawBank"},{"floor":25.0,"key":"Gambling Chip"},{"floor":27.0,"key":"Blood Vial"},{"floor":38.0,"key":"Whetstone"},{"floor":41.0,"key":"Strawberry"},{"floor":43.0,"key":"Kunai"},{"floor":44.0,"key":"Unceasing Top"},{"floor":46.0,"key":"Dream Catcher"},{"floor":55,"key":"The Specimen"}],"event_choices":[{"damage_healed":16.0,"max_hp_gain":0.0,"max_hp_loss":0.0,"gold_gain":0.0,"event_name":"The Cleric","player_choice":"Healed","floor":3.0,"gold_loss":35.0,"damage_taken":0.0},{"damage_healed":0.0,"max_hp_gain":0.0,"max_hp_loss":0.0,"gold_gain":0.0,"event_name":"Dead Adventurer","player_choice":"Searched \u00270\u0027 times","floor":14.0,"gold_loss":0.0,"damage_taken":0.0},{"damage_healed":0.0,"max_hp_gain":0.0,"max_hp_loss":0.0,"gold_gain":0.0,"event_name":"Masked Bandits","player_choice":"Fought Bandits","floor":20.0,"gold_loss":0.0,"damage_taken":0.0},{"cards_removed":["Strike_G"],"damage_healed":0.0,"max_hp_gain":0.0,"max_hp_loss":0.0,"gold_gain":0.0,"event_name":"Beggar","player_choice":"Gave Gold","floor":21.0,"gold_loss":75.0,"damage_taken":0.0},{"cards_removed":["Strike_G"],"damage_healed":0.0,"max_hp_gain":0.0,"max_hp_loss":0.0,"gold_gain":0.0,"event_name":"Purifier","player_choice":"Purged","floor":22.0,"gold_loss":0.0,"damage_taken":0.0},{"cards_removed":["Defend_G"],"damage_healed":0.0,"max_hp_gain":0.0,"max_hp_loss":0.0,"gold_gain":0.0,"event_name":"Back to Basics","player_choice":"Elegance","floor":28.0,"gold_loss":0.0,"damage_taken":0.0},{"damage_healed":0.0,"max_hp_gain":0.0,"max_hp_loss":0.0,"gold_gain":0.0,"event_name":"The Mausoleum","player_choice":"Ignored","floor":30.0,"gold_loss":0.0,"damage_taken":0.0},{"cards_removed":["Defend_G"],"damage_healed":0.0,"max_hp_gain":0.0,"max_hp_loss":0.0,"gold_gain":0.0,"event_name":"Bonfire Elementals","player_choice":"Offered Basic","floor":36.0,"gold_loss":0.0,"damage_taken":0.0},{"damage_healed":0.0,"max_hp_gain":0.0,"max_hp_loss":0.0,"gold_gain":0.0,"event_name":"SensoryStone","player_choice":"Memory 3","floor":45.0,"gold_loss":0.0,"damage_taken":10.0}],"is_beta":true,"boss_relics":[{"not_picked":["Pandora\u0027s Box","Cursed Key"],"picked":"Snecko Eye"},{"not_picked":["Lizard Tail","HoveringKite"],"picked":"Orrery"}],"items_purged_floors":[19,39],"is_endless":false,"potions_floor_spawned":[1,4,13,18,23,27,33,42,46,47],"ascension_level":20}