{"gold_per_floor":[20,20,36,36,52,80,80,114,114,114],"floor_reached":10,"playtime":404,"items_purged":[],"score":109,"play_id":"edd81f60-2455-4e4e-aecd-b31ab7f41dfe","local_time":"20190327202406","is_ascension_mode":true,"campfire_choices":[{"data":"Flex","floor":7,"key":"SMITH"}],"neow_cost":"NO_GOLD","seed_source_timestamp":1079972859445100,"circlet_count":0,"master_deck":["Strike_R","Strike_R","Strike_R","Strike_R","Strike_R","Defend_R","Defend_R","Defend_R","Defend_R","Bash","Flex+1","Anger","Shockwave"],"relics":["Burning Blood","Dodecahedron","Molten Egg 2","Pantograph"],"potions_floor_usage":[8],"damage_taken":[{"damage":3,"enemies":"Jaw Worm","floor":1,"turns":5},{"damage":0,"enemies":"Small Slimes","floor":3,"turns":4},{"damage":0,"enemies":"Cultist","floor":5,"turns":3},{"damage":48,"enemies":"3 Sentries","floor":6,"turns":10},{"damage":35,"enemies":"Lagavulin","floor":8,"turns":6},{"damage":38,"enemies":"Gremlin Nob","floor":10,"turns":4}],"seed_played":"-9085961745679312236","potions_obtained":[{"floor":5,"key":"LiquidBronze"},{"floor":8,"key":"Energy Potion"}],"is_trial":false,"path_per_floor":["M","?","M","$","M","E","R","E","T","E"],"character_chosen":"IRONCLAD","items_purchased":[],"campfire_rested":0,"item_purchase_floors":[],"current_hp_per_floor":[96,101,101,101,101,59,59,30,30,0],"gold":114,"neow_bonus":"TWENTY_PERCENT_HP_BONUS","is_prod":false,"is_daily":false,"chose_seed":false,"campfire_upgraded":1,"win_rate":0,"timestamp":1553711046,"path_taken":["M","?","M","$","M","E","R","E","T","E"],"build_version":"2019-01-23","purchased_purges":0,"victory":false,"max_hp_per_floor":[96,101,101,101,101,101,101,101,101,101],"card_choices":[{"not_picked":["Shrug It Off","Evolve"],"picked":"Flex","floor":1},{"not_picked":["Feel No Pain","Clothesline"],"picked":"Anger","floor":3},{"not_picked":["Anger","Armaments","Thunderclap"],"picked":"SKIP","floor":5},{"not_picked":["Shrug It Off","Sword Boomerang","Warcry"],"picked":"SKIP","floor":6},{"not_picked":["Dual Wield","Dark Embrace"],"picked":"Shockwave","floor":8}],"player_experience":112155,"relics_obtained":[{"floor":6,"key":"Dodecahedron"},{"floor":8,"key":"Molten Egg 2"},{"floor":9,"key":"Pantograph"}],"event_choices":[{"damage_healed":0,"gold_gain":0,"player_choice":"Donut","damage_taken":0,"max_hp_gain":5,"max_hp_loss":0,"event_name":"Big Fish","floor":2,"gold_loss":0}],"is_beta":false,"boss_relics":[],"items_purged_floors":[],"is_endless":false,"potions_floor_spawned":[5,8],"killed_by":"Gremlin Nob","ascension_level":2}