{"gold_per_floor":[112,128,142,152,152,183,183,200,255,285,285,302,302,328,328,404,404,421,441,441,451,477,477,504,504,504,539,240,240,240,240,240,313,313,332,35,35,52,65,97,97,110,110,120,14,14,45,57,57,57,57,57,57,7,34,34],"floor_reached":57,"playtime":5946,"items_purged":["Strike_R","Strike_R","Decay","Carnage"],"score":2740,"play_id":"232c1a47-2c17-4263-b63b-eddac151c595","local_time":"20190326213222","is_ascension_mode":true,"campfire_choices":[{"data":"Feed","floor":7.0,"key":"SMITH"},{"data":"Rupture","floor":11,"key":"SMITH"},{"data":"True Grit","floor":15,"key":"SMITH"},{"floor":23,"key":"REST"},{"data":"Combust","floor":25,"key":"SMITH"},{"floor":29,"key":"REST"},{"floor":32,"key":"REST"},{"floor":41,"key":"RECALL"},{"data":"Limit Break","floor":46,"key":"SMITH"},{"data":"Dual Wield","floor":49,"key":"SMITH"},{"data":"Feel No Pain","floor":53,"key":"SMITH"}],"neow_cost":"NONE","seed_source_timestamp":570718287700200,"circlet_count":0,"master_deck":["AscendersBane","Defend_R","Defend_R","Defend_R","Defend_R","Bash","Shrug It Off","Headbutt","Feed+1","Pain","Reaper","Rupture+1","True Grit+1","Offering+1","Feel No Pain+1","Twin Strike+1","Flex","Heavy Blade","Corruption","Combust+1","Limit Break+1","Spot Weakness+1","Double Tap","Spot Weakness","Feed","Twin Strike+1","Flame Barrier","Shrug It Off","Dual Wield+1","Limit Break"],"special_seed":0,"relics":["Burning Blood","WarpedTongs","Lantern","Smiling Mask","Self Forming Clay","Red Skull","Runic Cube","Red Mask","Dream Catcher","Kunai","Singing Bowl","War Paint","Runic Pyramid","Potion Belt","Blood Vial","Ice Cream","Vajra"],"potions_floor_usage":[10,14,16,21,22,22,24,56,56,56],"damage_taken":[{"damage":9.0,"enemies":"Jaw Worm","floor":1.0,"turns":5.0},{"damage":1.0,"enemies":"Cultist","floor":2.0,"turns":4.0},{"damage":11.0,"enemies":"2 Louse","floor":3.0,"turns":4.0},{"damage":24.0,"enemies":"Gremlin Gang","floor":4.0,"turns":5.0},{"damage":14.0,"enemies":"3 Sentries","floor":6.0,"turns":7.0},{"damage":3,"enemies":"Looter","floor":8,"turns":3},{"damage":10,"enemies":"Gremlin Nob","floor":10,"turns":3},{"damage":6,"enemies":"Large Slime","floor":12,"turns":6},{"damage":28,"enemies":"3 Sentries","floor":14,"turns":6},{"damage":26,"enemies":"Slime Boss","floor":16,"turns":13},{"damage":37,"enemies":"Shell Parasite","floor":18,"turns":4},{"damage":38,"enemies":"3 Byrds","floor":19,"turns":8},{"damage":23,"enemies":"Cultist and Chosen","floor":21,"turns":7},{"damage":30,"enemies":"Masked Bandits","floor":22,"turns":5},{"damage":47,"enemies":"Gremlin Leader","floor":24,"turns":8},{"damage":36,"enemies":"Slavers","floor":27,"turns":6},{"damage":130,"enemies":"Champ","floor":33,"turns":9},{"damage":9,"enemies":"Orb Walker","floor":35,"turns":3},{"damage":68,"enemies":"3 Darklings","floor":38,"turns":5},{"damage":22,"enemies":"4 Shapes","floor":39,"turns":3},{"damage":77,"enemies":"Reptomancer","floor":40,"turns":5},{"damage":41,"enemies":"Transient","floor":42,"turns":6},{"damage":30,"enemies":"Sphere and 2 Shapes","floor":44,"turns":4},{"damage":59,"enemies":"Giant Head","floor":47,"turns":7},{"damage":29,"enemies":"Writhing Mass","floor":48,"turns":5},{"damage":70,"enemies":"Donu and Deca","floor":50,"turns":8},{"damage":179,"enemies":"Awakened One","floor":51,"turns":10},{"damage":58,"enemies":"Shield and Spear","floor":55,"turns":7},{"damage":160,"enemies":"The Heart","floor":56,"turns":8}],"seed_played":"-11082830838798781","potions_obtained":[{"floor":4.0,"key":"SkillPotion"},{"floor":8,"key":"Strength Potion"},{"floor":10,"key":"LiquidBronze"},{"floor":16,"key":"Strength Potion"},{"floor":18,"key":"GamblersBrew"},{"floor":21,"key":"Regen Potion"},{"floor":22,"key":"Weak Potion"},{"floor":24,"key":"Dexterity Potion"},{"floor":27,"key":"Fire Potion"},{"floor":39,"key":"FearPotion"},{"floor":42,"key":"Poison Potion"},{"floor":44,"key":"LiquidBronze"}],"is_trial":false,"path_per_floor":["M","M","M","M","?","E","R","M","T","E","R","M","?","E","R","B",null,"M","M","?","M","?","R","E","R","T","E","$","R","?","?","R","B",null,"M","$","?","M","M","E","R","M","T","M","$","R","E","M","R","B","B",null,"R","$","E","B",null],"character_chosen":"IRONCLAD","items_purchased":["Spot Weakness","War Paint","Potion Belt","Flame Barrier","Energy Potion"],"campfire_rested":3,"item_purchase_floors":[28,28,36,36,45],"current_hp_per_floor":[72,77,72,54,54,50,50,53,53,56,56,65,65,59,59,79,93,72,53,53,36,42,75,74,74,74,57,57,94,94,94,120,69,110,110,110,127,129,138,140,140,126,126,131,131,131,156,160,160,167,170,173,173,173,169,145],"gold":34,"neow_bonus":"TEN_PERCENT_HP_BONUS","is_prod":false,"is_daily":false,"chose_seed":false,"campfire_upgraded":7,"win_rate":0,"timestamp":1553635942,"path_taken":["M","M","M","M","?","E","R","?","T","E","R","M","?","E","R","BOSS","M","M","?","?","?","R","E","R","T","E","$","R","?","?","R","BOSS","M","$","?","M","M","E","R","M","T","M","$","R","E","?","R","BOSS","BOSS","R","$","E","BOSS"],"build_version":"2019-01-23","purchased_purges":4,"victory":true,"max_hp_per_floor":[82,82,82,82,82,86,86,86,86,86,86,90,90,94,94,98,98,102,106,106,106,110,110,114,114,114,118,118,120,120,120,120,124,124,127,127,127,129,138,140,140,140,140,150,150,150,156,160,160,167,174,174,174,174,181,185],"card_choices":[{"not_picked":["Perfected Strike","Heavy Blade"],"picked":"Shrug It Off","floor":1.0},{"not_picked":["Armaments","True Grit"],"picked":"Headbutt","floor":2.0},{"not_picked":["Burning Pact","Rampage"],"picked":"Carnage","floor":3.0},{"not_picked":["Heavy Blade","Feel No Pain"],"picked":"Feed","floor":4.0},{"not_picked":["Warcry","Twin Strike"],"picked":"Reaper","floor":6.0},{"not_picked":["Rage","Reckless Charge","Body Slam"],"picked":"SKIP","floor":8},{"not_picked":["Sever Soul","Shockwave"],"picked":"Rupture","floor":10},{"not_picked":["Rampage","Rage"],"picked":"True Grit","floor":12},{"not_picked":["Thunderclap","Headbutt","Anger"],"picked":"SKIP","floor":14},{"not_picked":["Berserk","Bludgeon"],"picked":"Offering","floor":16},{"not_picked":["Pommel Strike","Shrug It Off"],"picked":"Feel No Pain","floor":18},{"not_picked":["Warcry","True Grit"],"picked":"Twin Strike+1","floor":19},{"not_picked":["Havoc","True Grit"],"picked":"Heavy Blade","floor":21},{"not_picked":["Searing Blow","Bloodletting"],"picked":"Corruption","floor":22},{"not_picked":["Power Through","Clash"],"picked":"Combust","floor":24},{"not_picked":["Blood for Blood","True Grit+1"],"picked":"Limit Break","floor":27},{"not_picked":["Havoc","Perfected Strike","Heavy Blade"],"picked":"Singing Bowl","floor":29},{"not_picked":["Body Slam","Intimidate+1"],"picked":"Spot Weakness","floor":32},{"not_picked":["Barricade","Juggernaut"],"picked":"Feed","floor":33},{"not_picked":["Clothesline","Thunderclap"],"picked":"Twin Strike+1","floor":35},{"not_picked":["Searing Blow+1","Dropkick+1","Flex"],"picked":"Singing Bowl","floor":38},{"not_picked":["Perfected Strike","Bloodletting","Clash"],"picked":"Singing Bowl","floor":39},{"not_picked":["Reckless Charge","Iron Wave+1","Combust"],"picked":"Singing Bowl","floor":40},{"not_picked":["Double Tap","Iron Wave"],"picked":"Shrug It Off","floor":42},{"not_picked":["Havoc","Cleave","Perfected Strike"],"picked":"Singing Bowl","floor":44},{"not_picked":["Rage+1","Wild Strike+1","Whirlwind"],"picked":"Singing Bowl","floor":47},{"not_picked":["Clothesline+1","Sword Boomerang"],"picked":"Dual Wield","floor":48},{"not_picked":["Carnage+1","Pommel Strike"],"picked":"Limit Break","floor":55}],"player_experience":2337788,"relics_obtained":[{"floor":6.0,"key":"Lantern"},{"floor":9,"key":"Smiling Mask"},{"floor":10,"key":"Self Forming Clay"},{"floor":14,"key":"Red Skull"},{"floor":22,"key":"Red Mask"},{"floor":24,"key":"Dream Catcher"},{"floor":26,"key":"Kunai"},{"floor":27,"key":"Singing Bowl"},{"floor":40,"key":"Blood Vial"},{"floor":47,"key":"Ice Cream"},{"floor":55,"key":"Vajra"}],"event_choices":[{"damage_healed":0.0,"max_hp_gain":0.0,"max_hp_loss":0.0,"gold_gain":0.0,"event_name":"Accursed Blacksmith","player_choice":"Rummage","floor":5.0,"gold_loss":0.0,"damage_taken":0.0,"relics_obtained":["WarpedTongs"],"cards_obtained":["Pain"]},{"damage_healed":0,"gold_gain":0,"player_choice":"Ignored","damage_taken":0,"max_hp_gain":0,"max_hp_loss":0,"event_name":"Liars Game","floor":13,"gold_loss":0},{"damage_healed":0,"gold_gain":0,"cards_transformed":["Strike_R"],"player_choice":"Transformed","damage_taken":0,"max_hp_gain":0,"max_hp_loss":0,"event_name":"Transmorgrifier","floor":20,"gold_loss":0,"cards_obtained":["Flex"]},{"damage_healed":0,"gold_gain":0,"player_choice":"Fought Bandits","damage_taken":0,"max_hp_gain":0,"max_hp_loss":0,"event_name":"Masked Bandits","floor":22,"gold_loss":0},{"damage_healed":0,"gold_gain":0,"player_choice":"Smashed Altar","damage_taken":0,"max_hp_gain":0,"max_hp_loss":0,"event_name":"Forgotten Altar","floor":30,"gold_loss":0,"cards_obtained":["Decay"]},{"damage_healed":0,"gold_gain":0,"cards_transformed":["Strike_R","Strike_R"],"player_choice":"Became Test Subject","damage_taken":0,"max_hp_gain":0,"max_hp_loss":0,"event_name":"Drug Dealer","floor":31,"gold_loss":0,"cards_obtained":["Double Tap","Carnage"]},{"cards_removed":["Carnage"],"damage_healed":17,"gold_gain":0,"player_choice":"Offered Uncommon","damage_taken":0,"max_hp_gain":0,"max_hp_loss":0,"event_name":"Bonfire Elementals","floor":37,"gold_loss":0}],"is_beta":false,"boss_relics":[{"not_picked":["Velvet Choker","Tiny House"],"picked":"Runic Cube"},{"not_picked":["Orrery","Calling Bell"],"picked":"Runic Pyramid"}],"items_purged_floors":[28,36,45,54],"is_endless":false,"potions_floor_spawned":[4,8,10,16,18,21,22,24,27,39,42,44,47],"ascension_level":20}