{"gold_per_floor":[109,109,129,129,12,12,26,26,75,130,150,82,96,126,126,126],"floor_reached":16,"playtime":556,"items_purged":["Strike_G"],"score":180,"play_id":"eb0eae96-2d24-44bd-a2a0-bd8f2e92fab1","local_time":"20190424235948","is_ascension_mode":true,"campfire_choices":[{"data":"Neutralize","floor":6.0,"key":"SMITH"},{"data":"Acrobatics","floor":8.0,"key":"SMITH"},{"data":"Tactician","floor":15.0,"key":"SMITH"}],"neow_cost":"NONE","seed_source_timestamp":3570876971900,"circlet_count":0,"master_deck":["AscendersBane","Defend_G","Defend_G","Defend_G","Defend_G","Defend_G","Strike_G","Strike_G","Strike_G","Strike_G","Survivor","Neutralize+1","Eviscerate","Tactician+1","Acrobatics+1","Venomology"],"special_seed":0,"relics":["Ring of the Snake","Vajra","Torii","Lantern","Gremlin Horn","Tiny Chest"],"potions_floor_usage":[16,16,16],"damage_taken":[{"damage":0.0,"enemies":"Small Slimes","floor":1.0,"turns":3.0},{"damage":0.0,"enemies":"2 Louse","floor":3.0,"turns":2.0},{"damage":1.0,"enemies":"Jaw Worm","floor":7.0,"turns":5.0},{"damage":21.0,"enemies":"Gremlin Nob","floor":10.0,"turns":4.0},{"damage":1.0,"enemies":"Looter","floor":11.0,"turns":5.0},{"damage":0.0,"enemies":"Blue Slaver","floor":13.0,"turns":6.0},{"damage":19,"enemies":"The Guardian","floor":16,"turns":12}],"seed_played":"-597165552113147751","potions_obtained":[{"floor":1.0,"key":"Poison Potion"},{"floor":11.0,"key":"SkillPotion"},{"floor":13.0,"key":"Poison Potion"}],"is_trial":false,"path_per_floor":["M","?","M","?","$","R","M","R","T","?","M","?","M","T","R","B"],"character_chosen":"THE_SILENT","items_purchased":["Tactician"],"campfire_rested":0,"item_purchase_floors":[5],"current_hp_per_floor":[59,64,64,29,29,29,28,28,28,7,6,6,6,6,6,0],"gold":126,"neow_bonus":"RANDOM_COMMON_RELIC","is_prod":false,"is_daily":false,"chose_seed":false,"campfire_upgraded":3,"win_rate":0,"timestamp":1556121588,"path_taken":["M","?","M","?","$","R","M","R","T","?","?","?","M","?","R","BOSS"],"build_version":"2019-01-23","purchased_purges":1,"victory":false,"max_hp_per_floor":[66,71,71,71,71,71,71,71,71,71,71,71,71,71,71,71],"card_choices":[{"not_picked":["Quick Slash","Leg Sweep"],"picked":"Eviscerate","floor":1.0},{"not_picked":["Outmaneuver","Dagger Spray","Deadly Poison"],"picked":"SKIP","floor":3.0},{"not_picked":["Outmaneuver","Dagger Spray","Deadly Poison"],"picked":"SKIP","floor":3.0},{"not_picked":["Prepared","Dagger Throw"],"picked":"Acrobatics","floor":7.0},{"not_picked":["Dodge and Roll","Poisoned Stab"],"picked":"Venomology","floor":10.0},{"not_picked":["Dagger Spray","Quick Slash","Noxious Fumes"],"picked":"SKIP","floor":11.0},{"not_picked":["Dagger Spray","Quick Slash","Noxious Fumes"],"picked":"SKIP","floor":11.0},{"not_picked":["Finisher","Dodge and Roll","Slice"],"picked":"SKIP","floor":13.0}],"player_experience":3041105,"relics_obtained":[{"floor":9.0,"key":"Lantern"},{"floor":10.0,"key":"Gremlin Horn"},{"floor":14.0,"key":"Tiny Chest"}],"event_choices":[{"damage_healed":0.0,"max_hp_gain":5.0,"max_hp_loss":0.0,"gold_gain":0.0,"event_name":"Big Fish","player_choice":"Donut","floor":2.0,"gold_loss":0.0,"damage_taken":0.0},{"damage_healed":0.0,"max_hp_gain":0.0,"max_hp_loss":0.0,"gold_gain":0.0,"event_name":"Scrap Ooze","player_choice":"Success","floor":4.0,"gold_loss":0.0,"damage_taken":35.0,"relics_obtained":["Torii"]},{"damage_healed":0.0,"max_hp_gain":0.0,"max_hp_loss":0.0,"gold_gain":0.0,"event_name":"Dead Adventurer","player_choice":"Searched \u00271\u0027 times","floor":10.0,"gold_loss":0.0,"damage_taken":0.0},{"damage_healed":0.0,"max_hp_gain":0.0,"max_hp_loss":0.0,"gold_gain":0.0,"event_name":"World of Goop","player_choice":"Left Gold","floor":12.0,"gold_loss":68.0,"damage_taken":0.0}],"is_beta":false,"boss_relics":[],"items_purged_floors":[5],"is_endless":false,"potions_floor_spawned":[1,11,13],"killed_by":"The Guardian","ascension_level":20}