{"gold_per_floor":[117,130,140,44,58,58,73,73,121,121,140,140,154,185,185,289,289,308,223,240,240,18,18,43,43,92,92,106,106,106],"floor_reached":30,"playtime":1502,"items_purged":["Underhanded Strike"],"score":288,"play_id":"0c7d5d64-ce26-47ea-8a7f-3c53d966e57a","local_time":"20190509123233","is_ascension_mode":true,"campfire_choices":[{"data":"Noxious Fumes","floor":6,"key":"SMITH"},{"data":"Crippling Poison","floor":8,"key":"SMITH"},{"data":"Catalyst","floor":10,"key":"SMITH"},{"data":"Noxious Fumes","floor":12,"key":"SMITH"},{"floor":15,"key":"REST"},{"data":"Venomology","floor":23,"key":"SMITH"},{"floor":25,"key":"REST"},{"data":"Venomology","floor":29,"key":"SMITH"}],"neow_cost":"NONE","seed_source_timestamp":270002456916400,"circlet_count":0,"master_deck":["Survivor","Neutralize","Bouncing Flask","Noxious Fumes+1","Bandage Up","Catalyst+1","Crippling Poison+1","Noxious Fumes+1","Backflip","Venomology+1","Venomology+1","Backstab","Adrenaline+1","Poisoned Stab","Catalyst","Skewer","Malaise","Choke","All Out Attack","Bane+1","Cloak And Dagger","Corpse Explosion"],"relics":["Ring of the Snake","Juzu Bracelet","Paper Crane","Pandora\u0027s Box","Dream Catcher","Vajra","Bottled Tornado","Regal Pillow"],"potions_floor_usage":[5,5,11,18,18,18,20,20,20,24,24,28,28,28,30,30],"damage_taken":[{"damage":1,"enemies":"Cultist","floor":1,"turns":5},{"damage":4,"enemies":"Jaw Worm","floor":2,"turns":3},{"damage":4,"enemies":"Small Slimes","floor":3,"turns":4},{"damage":2,"enemies":"2 Fungi Beasts","floor":5,"turns":4},{"damage":14,"enemies":"Exordium Wildlife","floor":7,"turns":5},{"damage":24,"enemies":"Exordium Thugs","floor":11,"turns":6},{"damage":9,"enemies":"Blue Slaver","floor":13,"turns":4},{"damage":12,"enemies":"3 Sentries","floor":14,"turns":6},{"damage":23,"enemies":"Slime Boss","floor":16,"turns":9},{"damage":25,"enemies":"2 Thieves","floor":18,"turns":4},{"damage":21,"enemies":"3 Byrds","floor":20,"turns":3},{"damage":35,"enemies":"Slavers","floor":24,"turns":4},{"damage":11,"enemies":"Snake Plant","floor":28,"turns":4},{"damage":50,"enemies":"Gremlin Leader","floor":30,"turns":4}],"seed_played":"3251271175842419808","potions_obtained":[{"floor":1,"key":"Swift Potion"},{"floor":3,"key":"Poison Potion"},{"floor":7,"key":"FearPotion"},{"floor":16,"key":"Regen Potion"},{"floor":20,"key":"Energy Potion"},{"floor":28,"key":"SpeedPotion"}],"is_trial":false,"path_per_floor":["M","M","M","$","M","R","M","R","T","R","M","R","M","E","R","B",null,"M","?","M","?","$","R","E","R","T","?","M","R","E"],"character_chosen":"THE_SILENT","items_purchased":["Bandage Up","Vajra"],"campfire_rested":2,"item_purchase_floors":[4,22],"current_hp_per_floor":[69,65,61,61,63,63,53,53,53,53,33,33,28,20,41,22,70,58,58,53,53,53,53,22,43,43,43,36,36,0],"gold":106,"neow_bonus":"REMOVE_CARD","is_prod":false,"is_daily":false,"chose_seed":false,"campfire_upgraded":6,"win_rate":0,"timestamp":1557394353,"path_taken":["M","?","?","$","M","R","M","R","T","R","M","R","M","E","R","BOSS","M","?","M","?","$","R","E","R","T","?","M","R","E"],"build_version":"2019-01-23","purchased_purges":1,"victory":false,"max_hp_per_floor":[70,70,70,70,70,70,70,70,70,70,70,70,70,70,70,70,70,70,70,70,70,70,70,70,70,70,70,70,70,70],"card_choices":[{"not_picked":["Tactician","Deadly Poison"],"picked":"Bouncing Flask","floor":1},{"not_picked":["Deadly Poison","Accuracy"],"picked":"Noxious Fumes","floor":2},{"not_picked":["Sucker Punch","Outmaneuver","Quick Slash"],"picked":"SKIP","floor":3},{"not_picked":["Distraction","Riddle With Holes"],"picked":"Catalyst","floor":5},{"not_picked":["Flying Knee","Dagger Throw"],"picked":"Crippling Poison","floor":7},{"not_picked":["Deadly Poison","Heel Hook"],"picked":"Noxious Fumes","floor":11},{"not_picked":["Setup","Blade Dance"],"picked":"Backflip","floor":13},{"not_picked":["Blade Dance","PiercingWail"],"picked":"Venomology","floor":14},{"not_picked":["Wraith Form v2","Doppelganger"],"picked":"Venomology","floor":16},{"not_picked":["Tactician+1","Deadly Poison"],"picked":"Bane+1","floor":18},{"not_picked":["Eviscerate","Sucker Punch"],"picked":"Cloak And Dagger","floor":20},{"not_picked":["Poisoned Stab+1","Escape Plan"],"picked":"Corpse Explosion","floor":24},{"not_picked":["Bane","Expertise","Flying Knee"],"picked":"SKIP","floor":28}],"player_experience":405332,"relics_obtained":[{"floor":9,"key":"Juzu Bracelet"},{"floor":14,"key":"Paper Crane"},{"floor":24,"key":"Bottled Tornado"},{"floor":26,"key":"Regal Pillow"}],"event_choices":[{"damage_healed":0,"gold_gain":0,"player_choice":"Obtained Relic","damage_taken":0,"relics_obtained":["Dream Catcher"],"max_hp_gain":0,"max_hp_loss":0,"event_name":"Addict","floor":19,"gold_loss":85},{"damage_healed":0,"gold_gain":0,"player_choice":"Forge","damage_taken":0,"max_hp_gain":0,"max_hp_loss":0,"event_name":"Accursed Blacksmith","floor":21,"gold_loss":0,"cards_upgraded":["Adrenaline"]},{"damage_healed":0,"gold_gain":0,"player_choice":"Ignored","damage_taken":0,"max_hp_gain":0,"max_hp_loss":0,"event_name":"Ghosts","floor":27,"gold_loss":0}],"is_beta":false,"boss_relics":[{"not_picked":["Runic Dome","Cursed Key"],"picked":"Pandora\u0027s Box"}],"items_purged_floors":[22],"is_endless":false,"potions_floor_spawned":[1,3,7,16,20,28],"killed_by":"Gremlin Leader","ascension_level":3}