{"gold_per_floor":[110,122,122,122,149,149,161,187,187,187,187,201,228,238,238,238],"floor_reached":16,"playtime":1045,"items_purged":[],"score":110,"play_id":"891794fe-30ff-4c53-8d98-0d7bfb5b6668","local_time":"25610716210812","is_ascension_mode":false,"campfire_choices":[{"data":"Neutralize","floor":6,"key":"SMITH"},{"data":"Survivor","floor":11,"key":"SMITH"},{"floor":15,"key":"REST"}],"neow_cost":"NONE","seed_source_timestamp":34217708463892,"circlet_count":0,"master_deck":["Defend_G","Defend_G","Defend_G","Defend_G","Defend_G","Strike_G","Strike_G","Strike_G","Strike_G","Survivor+1","Neutralize","Quick Slash","Slice","Neutralize+1","Swift Strike","Prepared","PiercingWail","Dagger Throw","Outmaneuver","Dash","Dash"],"relics":["Ring of the Snake","Omamori","Dodecahedron","Juzu Bracelet","Meat on the Bone","Ancient Tea Set","Bag of Preparation"],"potions_floor_usage":[8,16,16],"damage_taken":[{"damage":3,"enemies":"Jaw Worm","floor":1,"turns":7},{"damage":0,"enemies":"Cultist","floor":2,"turns":4},{"damage":0,"enemies":"Small Slimes","floor":7,"turns":4},{"damage":29,"enemies":"Gremlin Nob","floor":8,"turns":6},{"damage":1,"enemies":"Blue Slaver","floor":12,"turns":3},{"damage":15,"enemies":"3 Sentries","floor":13,"turns":8},{"damage":1,"enemies":"2 Fungi Beasts","floor":14,"turns":4},{"damage":49,"enemies":"Slime Boss","floor":16,"turns":13}],"seed_played":"3245678368675033674","potions_obtained":[{"floor":7,"key":"Energy Potion"},{"floor":13,"key":"Poison Potion"},{"floor":14,"key":"FearPotion"}],"is_trial":false,"path_per_floor":["M","M","?","?","T","R","M","E","T","?","R","M","E","M","R"],"character_chosen":"THE_SILENT","items_purchased":[],"campfire_rested":1,"item_purchase_floors":[],"current_hp_per_floor":[67,67,67,49,49,49,49,20,20,13,13,24,21,32,53,4],"gold":238,"neow_bonus":"RANDOM_COMMON_RELIC","is_prod":false,"is_daily":false,"chose_seed":false,"campfire_upgraded":2,"win_rate":0,"timestamp":1531750092,"path_taken":["M","M","?","?","?","R","M","E","T","?","R","M","E","M","R","BOSS"],"build_version":"2018-07-12","purchased_purges":0,"victory":false,"max_hp_per_floor":[70,70,70,70,70,70,70,70,70,70,70,70,70,70,70,70],"card_choices":[{"not_picked":["Expertise","Slice"],"picked":"Quick Slash","floor":1},{"not_picked":["Deflect","Quick Slash"],"picked":"Slice","floor":2},{"not_picked":["Prepared","Sucker Punch"],"picked":"PiercingWail","floor":7},{"not_picked":["Acrobatics","Endless Agony"],"picked":"Dagger Throw","floor":8},{"not_picked":["Slice","Riddle With Holes"],"picked":"Outmaneuver","floor":12},{"not_picked":["Noxious Fumes","Infinite Blades"],"picked":"Dash","floor":13},{"not_picked":["Slice","Sucker Punch"],"picked":"Dash","floor":14}],"player_experience":67614,"relics_obtained":[{"floor":5,"key":"Juzu Bracelet"},{"floor":8,"key":"Meat on the Bone"},{"floor":9,"key":"Ancient Tea Set"},{"floor":13,"key":"Bag of Preparation"}],"event_choices":[{"event_name":"Match and Keep!","player_choice":"3 cards matched","floor":3,"damage_taken":0},{"event_name":"Scrap Ooze","player_choice":"success","floor":4,"damage_taken":18},{"event_name":"Golden Wing","player_choice":"Card Removal","floor":10,"damage_taken":0}],"boss_relics":[],"items_purged_floors":[],"is_endless":false,"potions_floor_spawned":[7,13,14],"killed_by":"Slime Boss","ascension_level":0}