{"gold_per_floor":[360,360,373,65,83,83,117,117,140,172,188,188,201,235,235,235],"floor_reached":16,"playtime":1031,"items_purged":[],"score":240,"play_id":"b98be295-a567-4e87-9c0f-a74845546a22","local_time":"25620120175417","is_ascension_mode":true,"campfire_choices":[{"data":"Sword Boomerang","floor":6.0,"key":"SMITH"},{"data":"Inflame","floor":8.0,"key":"SMITH"},{"floor":12.0,"key":"REST"},{"data":"Armaments","floor":15.0,"key":"SMITH"}],"neow_cost":"TEN_PERCENT_HP_LOSS","seed_source_timestamp":23037145433955,"circlet_count":0,"master_deck":["AscendersBane","Strike_R","Strike_R","Strike_R","Strike_R","Defend_R","Defend_R","Defend_R","Defend_R","Bash","Sword Boomerang+1","Warcry","Inflame+1","Shrug It Off","ReplayTheSpireMod:Muscle Training","Pummel","Armaments+1"],"special_seed":0,"relics":["Burning Blood","Sling","hubris:Potato","Potion Belt","Singing Bowl","infinitespire:WardingShard"],"potions_floor_usage":[16],"damage_taken":[{"damage":9.0,"enemies":"Small Slimes","floor":1.0,"turns":5.0},{"damage":1.0,"enemies":"Cultist","floor":3.0,"turns":3.0},{"damage":1.0,"enemies":"2 Louse","floor":5.0,"turns":2.0},{"damage":31.0,"enemies":"Erikyupuro","floor":7.0,"turns":8.0},{"damage":15.0,"enemies":"Lagavulin","floor":10.0,"turns":4.0},{"damage":13.0,"enemies":"Lots of Slimes","floor":11.0,"turns":4.0},{"damage":5.0,"enemies":"Red Slaver","floor":13.0,"turns":3.0},{"damage":9.0,"enemies":"Erikyupuro","floor":14.0,"turns":5.0},{"damage":55,"enemies":"Fading Forest","floor":16,"turns":7}],"seed_played":"-5088240677513332982","potions_obtained":[{"floor":10.0,"key":"Reflective Coating"},{"floor":11.0,"key":"SkillPotion"},{"floor":13.0,"key":"GamblersBrew"}],"is_trial":false,"path_per_floor":["M","?","M","$","M","R","E","R","T","E","M","R","M","E","R","B"],"character_chosen":"IRONCLAD","items_purchased":["Sling","Inflame"],"campfire_rested":1,"item_purchase_floors":[4,4],"current_hp_per_floor":[65,65,68,68,68,68,43,43,43,34,27,47,50,49,49,0],"gold":235,"neow_bonus":"TWO_FIFTY_GOLD","is_prod":false,"is_daily":false,"chose_seed":false,"campfire_upgraded":3,"win_rate":0,"timestamp":1547981657,"path_taken":["M","?","M","?","?","R","E","R","T","E","M","R","M","E","R","BOSS"],"build_version":"2019-01-17v2","purchased_purges":0,"victory":false,"max_hp_per_floor":[68,68,68,68,68,68,68,68,68,68,68,68,70,72,72,72],"card_choices":[{"not_picked":["Defy Death","Heavy Blade"],"picked":"Sword Boomerang","floor":1.0},{"not_picked":["Evolve","Cleave"],"picked":"Warcry","floor":3.0},{"not_picked":["Infernal Blade","ReplayTheSpireMod:Stacked"],"picked":"Shrug It Off","floor":5.0},{"not_picked":["hubris:StunningStrike","Combust"],"picked":"ReplayTheSpireMod:Muscle Training","floor":7.0},{"not_picked":["ReplayTheSpireMod:Strike From Hell","True Grit"],"picked":"Pummel","floor":10.0},{"not_picked":["Pummel","ReplayTheSpireMod:Corrosion Curse"],"picked":"Armaments","floor":11.0},{"not_picked":["hubris:CleavingFinish","Thunderclap","Anger"],"picked":"Singing Bowl","floor":13.0},{"not_picked":["Power Through","Clash","Pommel Strike"],"picked":"Singing Bowl","floor":14.0}],"player_experience":254086,"relics_obtained":[{"floor":7.0,"key":"hubris:Potato"},{"floor":9.0,"key":"Potion Belt"},{"floor":10.0,"key":"Singing Bowl"},{"floor":14.0,"key":"infinitespire:WardingShard"}],"event_choices":[{"cards_removed":["Strike_R"],"damage_healed":0.0,"max_hp_gain":0.0,"max_hp_loss":0.0,"gold_gain":0.0,"event_name":"Bonfire Elementals","player_choice":"Offered Basic","floor":2.0,"gold_loss":0.0,"damage_taken":0.0}],"is_beta":false,"boss_relics":[],"items_purged_floors":[],"is_endless":false,"potions_floor_spawned":[10,11,13],"killed_by":"Fading Forest","ascension_level":20}