{"gold_per_floor":[119,133,47,60,124,149,162,162,162,197,208,208,242,272,272,349,349,368,378,378,397,424,454,454,120,168,185,219,231,260,270,270,345,345,358,378,378,125,125,159,194,194,218,246,246,273,303,45,45,45,45],"floor_reached":52,"playtime":2540,"items_purged":[],"score":2356,"play_id":"421e8d9c-77be-482e-a36c-9c90f8ad3458","local_time":"20181202135842","daily_mods":["SealedDeck","DeadlyEvents"],"is_ascension_mode":true,"campfire_choices":[{"data":"Armaments","floor":8.0,"key":"SMITH"},{"data":"Disarm","floor":12.0,"key":"SMITH"},{"data":"Spot Weakness","floor":15.0,"key":"SMITH"},{"data":"Inflame","floor":32,"key":"SMITH"},{"data":"Demon Form","floor":42,"key":"SMITH"},{"data":"Uppercut","floor":49,"key":"SMITH"}],"neow_cost":"","seed_source_timestamp":0,"circlet_count":0,"master_deck":["AscendersBane","Pommel Strike","Shrug It Off","Inflame","Battle Trance+1","Armaments+1","Inflame+1","Pummel","Clothesline","Corruption","Disarm+1","Carnage","Heavy Blade","Spot Weakness+1","Bludgeon","Reaper","Heavy Blade+1","Disarm+1","Demon Form+1","Dual Wield+1","Impervious","Shockwave","Clothesline+1","Feel No Pain+1","Uppercut+1","Battle Trance"],"special_seed":0,"relics":["Snecko Eye","Paper Frog","Turnip","Peace Pipe","Dodecahedron","Oddly Smooth Stone","Runic Dome","Unceasing Top","Ancient Tea Set","WingedGreaves","Pen Nib","Bag of Marbles","Blood Vial","Omamori","Centennial Puzzle","Coffee Dripper","Lantern","Blue Candle","Darkstone Periapt","Art of War","Dream Catcher","Mango","MawBank","War Paint"],"potions_floor_usage":[28,33,44,51],"damage_taken":[{"damage":0.0,"enemies":"Small Slimes","floor":1.0,"turns":3.0},{"damage":0.0,"enemies":"Jaw Worm","floor":2.0,"turns":3.0},{"damage":0.0,"enemies":"Cultist","floor":4.0,"turns":2.0},{"damage":4.0,"enemies":"Gremlin Nob","floor":6.0,"turns":3.0},{"damage":0.0,"enemies":"3 Louse","floor":7.0,"turns":2.0},{"damage":2.0,"enemies":"Lagavulin","floor":10.0,"turns":6.0},{"damage":0.0,"enemies":"Gremlin Gang","floor":11.0,"turns":3.0},{"damage":8.0,"enemies":"Gremlin Nob","floor":13.0,"turns":3.0},{"damage":10.0,"enemies":"3 Sentries","floor":14.0,"turns":4.0},{"damage":7.0,"enemies":"The Guardian","floor":16.0,"turns":5.0},{"damage":0.0,"enemies":"Spheric Guardian","floor":18.0,"turns":2.0},{"damage":11.0,"enemies":"2 Thieves","floor":19.0,"turns":3.0},{"damage":0.0,"enemies":"3 Cultists","floor":21.0,"turns":3.0},{"damage":4.0,"enemies":"Gremlin Leader","floor":22.0,"turns":4.0},{"damage":3.0,"enemies":"Book of Stabbing","floor":23.0,"turns":3.0},{"damage":20,"enemies":"Shelled Parasite and Fungi","floor":27,"turns":4},{"damage":13,"enemies":"Slavers","floor":28,"turns":4},{"damage":12,"enemies":"Snecko","floor":29,"turns":3},{"damage":0,"enemies":"Book of Stabbing","floor":30,"turns":2},{"damage":0,"enemies":"Snake Plant","floor":31,"turns":2},{"damage":23,"enemies":"Automaton","floor":33,"turns":6},{"damage":0,"enemies":"Orb Walker","floor":35,"turns":2},{"damage":12,"enemies":"3 Darklings","floor":36,"turns":2},{"damage":0,"enemies":"Reptomancer","floor":40,"turns":3},{"damage":2,"enemies":"Giant Head","floor":41,"turns":5},{"damage":0,"enemies":"Reptomancer","floor":44,"turns":3},{"damage":0,"enemies":"Giant Head","floor":46,"turns":3},{"damage":0,"enemies":"Transient","floor":47,"turns":4},{"damage":18,"enemies":"Donu and Deca","floor":50,"turns":5},{"damage":73,"enemies":"Awakened One","floor":51,"turns":9}],"seed_played":"-2613110079289916113","potions_obtained":[{"floor":4.0,"key":"FearPotion"},{"floor":7.0,"key":"Weak Potion"},{"floor":10.0,"key":"Block Potion"},{"floor":14.0,"key":"PowerPotion"},{"floor":23.0,"key":"SkillPotion"},{"floor":29,"key":"SneckoOil"},{"floor":33,"key":"SteroidPotion"},{"floor":41,"key":"Swift Potion"},{"floor":46,"key":"SmokeBomb"}],"is_trial":true,"path_per_floor":["M","M","$","M","?","E","M","R","T","E","M","R","E","E","R","B",null,"M","M","?","M","E","E","?","$","T","M","E","M","E","M","R","B",null,"M","M","?","$","?","E","E","R","T","E","T","E","M","$","R","B","B",null],"character_chosen":"IRONCLAD","items_purchased":["Carnage","Pen Nib","Bag of Marbles","Impervious","Shockwave","War Paint","Energy Potion","Battle Trance"],"campfire_rested":0,"item_purchase_floors":[3,25,25,38,38,48,48,48],"current_hp_per_floor":[68,68,68,68,68,64,64,64,64,62,62,62,54,44,44,37,66,66,72,72,75,75,75,75,75,75,75,75,73,75,75,75,52,69,71,64,64,64,64,66,66,66,66,75,89,89,89,89,89,89,89],"gold":45,"neow_bonus":"","is_prod":false,"is_daily":false,"chose_seed":false,"campfire_upgraded":6,"win_rate":0,"timestamp":1543787922,"path_taken":["M","M","$","M","?","E","?","R","T","E","?","R","E","?","R","BOSS","M","M","?","M","?","E","?","$","T","M","E","?","E","M","R","BOSS","M","M","?","$","?","E","?","R","T","E","?","?","M","$","R","BOSS","BOSS"],"build_version":"2018-11-15","purchased_purges":0,"victory":true,"max_hp_per_floor":[75,75,75,75,75,75,75,75,75,75,75,75,75,75,75,75,75,75,75,75,75,75,75,75,75,75,75,75,75,75,75,75,75,75,75,75,75,75,75,75,75,75,75,75,89,89,89,89,89,89,89],"card_choices":[{"not_picked":["Perfected Strike","Iron Wave","Cleave"],"picked":"SKIP","floor":1.0},{"not_picked":["Body Slam","Clash"],"picked":"Disarm","floor":2.0},{"not_picked":["Inflame","Warcry","Havoc"],"picked":"SKIP","floor":4.0},{"not_picked":["Reckless Charge","Double Tap","Clothesline"],"picked":"SKIP","floor":6.0},{"not_picked":["Anger","Corruption","Warcry"],"picked":"SKIP","floor":7.0},{"not_picked":["Anger","Headbutt"],"picked":"Heavy Blade","floor":10.0},{"not_picked":["Iron Wave","Combust"],"picked":"Spot Weakness","floor":11.0},{"not_picked":["Clash","Metallicize","Infernal Blade"],"picked":"SKIP","floor":13.0},{"not_picked":["Dropkick","Pommel Strike"],"picked":"Bludgeon","floor":14.0},{"not_picked":["Juggernaut","Barricade"],"picked":"Reaper","floor":16.0},{"not_picked":["Body Slam+1","Perfected Strike","Intimidate+1"],"picked":"SKIP","floor":18.0},{"not_picked":["True Grit","Perfected Strike","Twin Strike+1"],"picked":"SKIP","floor":19.0},{"not_picked":["Rupture","Inflame"],"picked":"Heavy Blade+1","floor":21.0},{"not_picked":["Rage","Warcry","Inflame"],"picked":"SKIP","floor":22.0},{"not_picked":["Rage","Warcry","Inflame"],"picked":"SKIP","floor":22.0},{"not_picked":["Second Wind","Barricade","Thunderclap"],"picked":"SKIP","floor":23.0},{"not_picked":["Inflame","Havoc"],"picked":"Disarm","floor":27},{"not_picked":["Pommel Strike","Ghostly Armor","Brutality"],"picked":"SKIP","floor":28},{"not_picked":["Heavy Blade","Clothesline","Shrug It Off"],"picked":"SKIP","floor":29},{"not_picked":["Second Wind","Perfected Strike","Blood for Blood"],"picked":"SKIP","floor":30},{"not_picked":["Warcry","Dropkick","Armaments"],"picked":"SKIP","floor":31},{"not_picked":["Feed","Fiend Fire"],"picked":"Demon Form","floor":33},{"not_picked":["Thunderclap","Perfected Strike"],"picked":"Dual Wield+1","floor":35},{"not_picked":["Blood for Blood","Clothesline","Flex"],"picked":"SKIP","floor":36},{"not_picked":["Heavy Blade","Intimidate","Brutality"],"picked":"SKIP","floor":40},{"not_picked":["Blood for Blood","Twin Strike","Cleave+1"],"picked":"SKIP","floor":41},{"not_picked":["Anger","Intimidate+1"],"picked":"Clothesline+1","floor":44},{"not_picked":["Shrug It Off+1","Cleave"],"picked":"Feel No Pain+1","floor":46},{"not_picked":["Sentinel","Clash"],"picked":"Uppercut","floor":47}],"player_experience":1710101,"relics_obtained":[{"floor":6.0,"key":"Paper Frog"},{"floor":9.0,"key":"Turnip"},{"floor":10.0,"key":"Peace Pipe"},{"floor":13.0,"key":"Dodecahedron"},{"floor":14.0,"key":"Oddly Smooth Stone"},{"floor":20.0,"key":"Unceasing Top"},{"floor":22.0,"key":"Ancient Tea Set"},{"floor":23.0,"key":"WingedGreaves"},{"floor":26.0,"key":"Blood Vial"},{"floor":28,"key":"Omamori"},{"floor":30,"key":"Centennial Puzzle"},{"floor":40,"key":"Blue Candle"},{"floor":41,"key":"Darkstone Periapt"},{"floor":43,"key":"Art of War"},{"floor":44,"key":"Dream Catcher"},{"floor":45,"key":"Mango"},{"floor":46,"key":"MawBank"}],"event_choices":[{"damage_healed":0.0,"max_hp_gain":0.0,"max_hp_loss":0.0,"gold_gain":64.0,"event_name":"Golden Wing","player_choice":"Gained Gold","floor":5.0,"gold_loss":0.0,"damage_taken":0.0},{"damage_healed":0.0,"max_hp_gain":0.0,"max_hp_loss":0.0,"gold_gain":0.0,"event_name":"Wheel of Change","player_choice":"Relic","floor":20.0,"gold_loss":0.0,"damage_taken":0.0},{"damage_healed":0.0,"max_hp_gain":0.0,"max_hp_loss":0.0,"gold_gain":0.0,"event_name":"The Mausoleum","player_choice":"Ignored","floor":24.0,"gold_loss":0.0,"damage_taken":0.0},{"cards_removed":["Shrug It Off"],"damage_healed":0,"gold_gain":0,"player_choice":"Removed Skill","damage_taken":0,"max_hp_gain":0,"max_hp_loss":0,"event_name":"Falling","floor":37,"gold_loss":0},{"damage_healed":0,"gold_gain":0,"player_choice":"Gave Potion","damage_taken":0,"relics_obtained":["Lantern"],"max_hp_gain":0,"max_hp_loss":0,"event_name":"WeMeetAgain","floor":39,"gold_loss":0}],"is_beta":false,"boss_relics":[{"not_picked":["Runic Cube","Runic Pyramid"],"picked":"Runic Dome"},{"not_picked":["Tiny House","Astrolabe"],"picked":"Coffee Dripper"}],"items_purged_floors":[],"is_endless":false,"potions_floor_spawned":[4,7,10,11,14,22,23,27,29,30,31,33,41,46],"ascension_level":20}