{"gold_per_floor":[113,125,141,141,160,195,207,250,262,274,296,308],"floor_reached":12,"playtime":586,"items_purged":[],"score":104,"play_id":"1d2b1a40-4619-4093-87a1-5c33146f7b6a","local_time":"20190328215048","is_ascension_mode":true,"campfire_choices":[{"data":"Bash","floor":7,"key":"SMITH"}],"neow_cost":"NONE","seed_source_timestamp":1171393777474700,"circlet_count":0,"master_deck":["Strike_R","Strike_R","Strike_R","Strike_R","Strike_R","Defend_R","Defend_R","Defend_R","Defend_R","Bash+1","Ghostly Armor","Impervious","Cleave","Offering","Power Through"],"relics":["Burning Blood","MawBank","Boot","Orichalcum"],"potions_floor_usage":[5,6,6,12],"damage_taken":[{"damage":8,"enemies":"Small Slimes","floor":1,"turns":4},{"damage":6,"enemies":"Cultist","floor":2,"turns":3},{"damage":10,"enemies":"2 Louse","floor":3,"turns":3},{"damage":17,"enemies":"Exordium Thugs","floor":5,"turns":5},{"damage":26,"enemies":"Gremlin Nob","floor":6,"turns":4},{"damage":40,"enemies":"3 Sentries","floor":8,"turns":14},{"damage":19,"enemies":"Gremlin Gang","floor":11,"turns":5},{"damage":18,"enemies":"Gremlin Nob","floor":12,"turns":4}],"seed_played":"-8691194476808882384","potions_obtained":[{"floor":2,"key":"Poison Potion"},{"floor":3,"key":"PowerPotion"},{"floor":5,"key":"Energy Potion"},{"floor":6,"key":"AttackPotion"}],"is_trial":false,"path_per_floor":["M","M","M","?","M","E","R","E","T","?","M","E"],"character_chosen":"IRONCLAD","items_purchased":[],"campfire_rested":0,"item_purchase_floors":[],"current_hp_per_floor":[86,86,82,87,76,56,56,22,22,22,9,0],"gold":308,"neow_bonus":"TEN_PERCENT_HP_BONUS","is_prod":false,"is_daily":false,"chose_seed":false,"campfire_upgraded":1,"win_rate":0,"timestamp":1553802648,"path_taken":["M","M","M","?","M","E","R","E","T","?","M","E"],"build_version":"2019-01-23","purchased_purges":0,"victory":false,"max_hp_per_floor":[88,88,88,93,93,93,93,93,93,93,93,93],"card_choices":[{"not_picked":["Shrug It Off","Metallicize"],"picked":"Ghostly Armor","floor":1},{"not_picked":["Entrench","Fire Breathing","Body Slam"],"picked":"SKIP","floor":2},{"not_picked":["Clothesline","True Grit","Power Through"],"picked":"SKIP","floor":3},{"not_picked":["Carnage","Sentinel","Hemokinesis"],"picked":"SKIP","floor":5},{"not_picked":["Iron Wave","Havoc"],"picked":"Impervious","floor":6},{"not_picked":["Sword Boomerang","Clothesline"],"picked":"Cleave","floor":8},{"not_picked":["Shrug It Off","Sentinel","Uppercut"],"picked":"SKIP","floor":11}],"player_experience":119762,"relics_obtained":[{"floor":6,"key":"MawBank"},{"floor":8,"key":"Boot"},{"floor":9,"key":"Orichalcum"}],"event_choices":[{"damage_healed":0,"gold_gain":0,"player_choice":"Donut","damage_taken":0,"max_hp_gain":5,"max_hp_loss":0,"event_name":"Big Fish","floor":4,"gold_loss":0},{"damage_healed":0,"gold_gain":0,"player_choice":"2 cards matched","damage_taken":0,"max_hp_gain":0,"max_hp_loss":0,"event_name":"Match and Keep!","floor":10,"gold_loss":0,"cards_obtained":["Offering","Power Through"]}],"is_beta":false,"boss_relics":[],"items_purged_floors":[],"is_endless":false,"potions_floor_spawned":[2,3,5,6],"killed_by":"Gremlin Nob","ascension_level":3}