{"gold_per_floor":[17,29,40,40,115,115,128,146,146,146,170,170,197,207,207,282,282,292,292,21,33,33,33,58,58,58,58,58,75,75,108,108,179,179,189,199,199,199,216,216,242,242,242,276,294,18,48,0,0,0,0,0,0,0,26,26],"floor_reached":57,"playtime":4492,"items_purged":["Strike_B"],"score":3487,"play_id":"185a03b4-28d5-4687-a911-8e982abb33ad","local_time":"20181212175449","is_ascension_mode":true,"campfire_choices":[{"data":"Dualcast","floor":6.0,"key":"SMITH"},{"data":"Zap","floor":12.0,"key":"SMITH"},{"data":"Reinforced Body","floor":15.0,"key":"SMITH"},{"data":"Recycle","floor":23.0,"key":"SMITH"},{"data":"Discovery","floor":25.0,"key":"SMITH"},{"data":"Double Energy","floor":28.0,"key":"SMITH"},{"data":"Steam Power","floor":30.0,"key":"SMITH"},{"data":"Madness","floor":32.0,"key":"SMITH"},{"data":"Consume","floor":40.0,"key":"SMITH"},{"floor":49.0,"key":"RECALL"},{"data":"Panacea","floor":53.0,"key":"SMITH"}],"neow_cost":"NO_GOLD","seed_source_timestamp":13827418753591,"circlet_count":0,"master_deck":["AscendersBane","Strike_B","Defend_B","Defend_B","Defend_B","Zap+1","Dualcast+1","BootSequence","Coolheaded","Reinforced Body+1","Beam Cell","All For One","Auto Shields","BootSequence","Hyperbeam","Heatsinks+1","Fission+1","Conserve Battery+1","Steam Power+1","Ghostly","Ghostly","Ghostly","Madness+1","Discovery+1","White Noise","Glacier","Recycle+1","Double Energy+1","Echo Form","Consume+1","Core Surge","Chill","Panacea+1","Master of Strategy","Dark Shackles","Defragment","Recycle","Chill","Fission"],"special_seed":0,"relics":["Cracked Core","Dead Branch","Happy Flower","Blood Vial","Question Card","Odd Mushroom","The Courier","Astrolabe","Juzu Bracelet","Gambling Chip","Pocketwatch","Runic Dome","Regal Pillow","Ornamental Fan","Calipers","Bag of Preparation","Red Mask","Blue Candle"],"potions_floor_usage":[56],"damage_taken":[{"damage":0.0,"enemies":"Cultist","floor":1.0,"turns":4.0},{"damage":0.0,"enemies":"Small Slimes","floor":2.0,"turns":2.0},{"damage":0.0,"enemies":"Jaw Worm","floor":3.0,"turns":3.0},{"damage":3.0,"enemies":"Blue Slaver","floor":7.0,"turns":3.0},{"damage":0.0,"enemies":"2 Fungi Beasts","floor":8.0,"turns":3.0},{"damage":13.0,"enemies":"The Mushroom Lair","floor":11.0,"turns":6.0},{"damage":35.0,"enemies":"Gremlin Nob","floor":13.0,"turns":4.0},{"damage":0.0,"enemies":"Exordium Wildlife","floor":14.0,"turns":3.0},{"damage":0.0,"enemies":"Slime Boss","floor":16.0,"turns":8.0},{"damage":9.0,"enemies":"Spheric Guardian","floor":18.0,"turns":4.0},{"damage":2.0,"enemies":"Shell Parasite","floor":21.0,"turns":6.0},{"damage":3.0,"enemies":"Slavers","floor":24.0,"turns":4.0},{"damage":5.0,"enemies":"Snecko","floor":29.0,"turns":7.0},{"damage":0.0,"enemies":"Gremlin Leader","floor":31.0,"turns":4.0},{"damage":0.0,"enemies":"Collector","floor":33.0,"turns":5.0},{"damage":0.0,"enemies":"3 Darklings","floor":35.0,"turns":3.0},{"damage":0.0,"enemies":"Orb Walker","floor":36.0,"turns":3.0},{"damage":0.0,"enemies":"4 Shapes","floor":39.0,"turns":3.0},{"damage":0.0,"enemies":"Giant Head","floor":41.0,"turns":4.0},{"damage":0.0,"enemies":"Reptomancer","floor":44.0,"turns":6.0},{"damage":0.0,"enemies":"Spire Growth","floor":45.0,"turns":5.0},{"damage":0.0,"enemies":"Nemesis","floor":47.0,"turns":7.0},{"damage":0.0,"enemies":"Donu and Deca","floor":50.0,"turns":5.0},{"damage":0.0,"enemies":"Awakened One","floor":51.0,"turns":18.0},{"damage":0.0,"enemies":"Shield and Spear","floor":55.0,"turns":5.0},{"damage":0,"enemies":"The Heart","floor":56,"turns":11}],"seed_played":"4097463751169408677","potions_obtained":[{"floor":1.0,"key":"Energy Potion"},{"floor":7.0,"key":"Block Potion"},{"floor":8.0,"key":"Swift Potion"},{"floor":13.0,"key":"Swift Potion"},{"floor":21.0,"key":"Regen Potion"},{"floor":24.0,"key":"Ancient Potion"},{"floor":36.0,"key":"Poison Potion"},{"floor":55.0,"key":"Strength Potion"}],"is_trial":false,"path_per_floor":["M","M","M","?","?","R","M","M","T","T","?","R","E","M","R","B",null,"M","?","$","M","?","R","E","R","T","?","R","M","R","E","R","B",null,"M","M","?","?","M","R","E","$","T","E","M","$","E","?","R","B","B",null,"R","$","E","B",null],"character_chosen":"DEFECT","items_purchased":["Madness","Discovery","White Noise","Calipers"],"campfire_rested":0,"item_purchase_floors":[20,20,20,46],"current_hp_per_floor":[64,64,64,59,48,48,45,45,45,45,34,34,1,3,3,5,55,48,35,35,33,33,33,32,32,32,32,32,29,29,31,31,33,35,35,35,25,25,27,27,29,29,29,31,33,33,33,33,33,33,33,33,33,33,33,33],"gold":26,"neow_bonus":"ONE_RARE_RELIC","is_prod":false,"is_daily":false,"chose_seed":false,"campfire_upgraded":10,"win_rate":0,"timestamp":1544608489,"path_taken":["M","M","?","?","?","R","M","M","T","?","?","R","E","M","R","BOSS","M","?","$","M","?","R","E","R","T","?","R","M","R","E","R","BOSS","M","M","?","?","M","R","E","$","T","E","M","$","E","?","R","BOSS","BOSS","R","$","E","BOSS"],"build_version":"2018-12-06","purchased_purges":1,"victory":true,"max_hp_per_floor":[71,71,71,71,71,71,71,71,71,71,71,71,71,71,71,71,71,71,35,35,35,35,35,35,35,35,35,35,35,35,35,35,35,35,35,35,35,33,33,33,33,33,33,33,33,33,33,33,33,33,33,33,33,33,33,33],"card_choices":[{"not_picked":["Rebound","Turbo"],"picked":"BootSequence","floor":1.0},{"not_picked":["Leap","Redo"],"picked":"Coolheaded","floor":2.0},{"not_picked":["Scrape","Redo"],"picked":"Reinforced Body","floor":3.0},{"not_picked":["Stack","Undo","Coolheaded"],"picked":"SKIP","floor":7.0},{"not_picked":["Aggregate","Consume"],"picked":"Beam Cell","floor":8.0},{"not_picked":["Auto Shields","Redo","Melter"],"picked":"All For One","floor":11.0},{"not_picked":["Beam Cell","Stack","Static Discharge"],"picked":"Auto Shields","floor":13.0},{"not_picked":["Sweeping Beam","Beam Cell","Hologram"],"picked":"BootSequence","floor":14.0},{"not_picked":["All For One","Thunder Strike","Amplify"],"picked":"Hyperbeam","floor":16.0},{"not_picked":["Rebound","Gash","Steam Power","Streamline"],"picked":"SKIP","floor":18.0},{"not_picked":["Rebound","Gash","Streamline"],"picked":"Steam Power","floor":18.0},{"not_picked":["Compile Driver+1","Conserve Battery","Ball Lightning"],"picked":"Glacier","floor":21.0},{"not_picked":["Coolheaded","Darkness+1","Barrage"],"picked":"Double Energy","floor":24.0},{"not_picked":["Coolheaded","Melter+1","Beam Cell+1"],"picked":"Echo Form","floor":29.0},{"not_picked":["Coolheaded","Streamline","Sweeping Beam"],"picked":"Consume","floor":31.0},{"not_picked":["Hyperbeam","Reboot","Thunder Strike"],"picked":"Core Surge","floor":33.0},{"not_picked":["Compile Driver+1","Sunder","Stack","Scrape"],"picked":"SKIP","floor":35.0},{"not_picked":["Compile Driver+1","Sunder","Stack","Scrape"],"picked":"SKIP","floor":35.0},{"not_picked":["Go for the Eyes","Barrage","Streamline"],"picked":"Chill","floor":36.0},{"not_picked":["Flash of Steel","Master of Strategy","Deep Breath"],"picked":"Panacea","floor":37.0},{"not_picked":["Metamorphosis","Mayhem","Discovery"],"picked":"Master of Strategy","floor":37.0},{"not_picked":["Trip","Forethought","Enlightenment"],"picked":"Dark Shackles","floor":37.0},{"not_picked":["Rebound","Sweeping Beam","Leap+1","Self Repair+1"],"picked":"SKIP","floor":39.0},{"not_picked":["Undo","Sweeping Beam","Coolheaded"],"picked":"Defragment","floor":41.0},{"not_picked":["Barrage","Force Field+1","Hyperbeam"],"picked":"Recycle","floor":44.0},{"not_picked":["Rebound","Chill","Gash","Force Field"],"picked":"SKIP","floor":45.0},{"not_picked":["Scrape","Self Repair","Gash"],"picked":"Chill","floor":47.0},{"not_picked":["Go for the Eyes+1","Reboot","Force Field"],"picked":"Fission","floor":55.0}],"player_experience":2370826,"relics_obtained":[{"floor":9.0,"key":"Blood Vial"},{"floor":10.0,"key":"Question Card"},{"floor":11.0,"key":"Odd Mushroom"},{"floor":13.0,"key":"The Courier"},{"floor":24.0,"key":"Juzu Bracelet"},{"floor":26.0,"key":"Gambling Chip"},{"floor":31.0,"key":"Pocketwatch"},{"floor":41.0,"key":"Regal Pillow"},{"floor":44.0,"key":"Ornamental Fan"},{"floor":47.0,"key":"Bag of Preparation"},{"floor":55.0,"key":"Blue Candle"}],"event_choices":[{"damage_healed":0.0,"max_hp_gain":0.0,"max_hp_loss":0.0,"gold_gain":0.0,"event_name":"Scrap Ooze","player_choice":"Success","floor":4.0,"gold_loss":0.0,"damage_taken":5.0,"relics_obtained":["Happy Flower"]},{"damage_healed":0.0,"max_hp_gain":0.0,"max_hp_loss":0.0,"gold_gain":75.0,"event_name":"World of Goop","player_choice":"Gather Gold","floor":5.0,"gold_loss":0.0,"damage_taken":11.0},{"damage_healed":0.0,"max_hp_gain":0.0,"max_hp_loss":0.0,"gold_gain":0.0,"event_name":"Mushrooms","player_choice":"Fought Mushrooms","floor":11.0,"gold_loss":0.0,"damage_taken":0.0},{"damage_healed":0.0,"max_hp_gain":0.0,"max_hp_loss":36.0,"gold_gain":0.0,"event_name":"Ghosts","player_choice":"Became a Ghost","floor":19.0,"gold_loss":0.0,"damage_taken":0.0,"cards_obtained":["Ghostly","Ghostly","Ghostly"]},{"damage_healed":0.0,"max_hp_gain":0.0,"max_hp_loss":0.0,"gold_gain":0.0,"event_name":"The Library","player_choice":"Read","floor":22.0,"gold_loss":0.0,"damage_taken":0.0,"cards_obtained":["Recycle"]},{"damage_healed":0.0,"max_hp_gain":0.0,"max_hp_loss":0.0,"gold_gain":0.0,"event_name":"Beggar","player_choice":"Ignored","floor":27.0,"gold_loss":0.0,"damage_taken":0.0},{"damage_healed":0.0,"max_hp_gain":0.0,"max_hp_loss":0.0,"gold_gain":0.0,"event_name":"SensoryStone","player_choice":"Memory 3","floor":37.0,"gold_loss":0.0,"damage_taken":10.0},{"damage_healed":0.0,"max_hp_gain":0.0,"max_hp_loss":2.0,"gold_gain":0.0,"event_name":"Winding Halls","player_choice":"Max HP","floor":38.0,"gold_loss":0.0,"damage_taken":0.0},{"damage_healed":0.0,"max_hp_gain":0.0,"max_hp_loss":0.0,"gold_gain":0.0,"event_name":"Tomb of Lord Red Mask","player_choice":"Paid","floor":48.0,"gold_loss":48.0,"damage_taken":0.0,"relics_obtained":["Red Mask"]}],"is_beta":false,"boss_relics":[{"not_picked":["White Beast Statue","Velvet Choker"],"picked":"Astrolabe"},{"not_picked":["Snecko Eye","Orrery"],"picked":"Runic Dome"}],"items_purged_floors":[20],"is_endless":false,"potions_floor_spawned":[1,7,8,13,21,24,36,45,55],"ascension_level":20}