{"gold_per_floor":[216,235,79,95,110,129,129,155,155,174,206,206,238,175,175,175],"floor_reached":16,"playtime":823,"items_purged":["Strike_G"],"score":244,"play_id":"3e5ebec6-2ea2-4375-997a-8d8286218f88","local_time":"20181223213730","is_ascension_mode":true,"campfire_choices":[{"data":"Bouncing Flask","floor":7.0,"key":"SMITH"},{"floor":12.0,"key":"REST"},{"data":"Neutralize","floor":15.0,"key":"SMITH"}],"neow_cost":"NONE","seed_source_timestamp":2990896387647,"circlet_count":0,"master_deck":["AscendersBane","Defend_G","Defend_G","Defend_G","Defend_G","Defend_G","Strike_G","Strike_G","Strike_G","Strike_G","Survivor","Neutralize+1","Masterful Stab","Dash","Infinite Blades","Escape Plan","Bouncing Flask+1","Deadly Poison","Backflip","Noxious Fumes"],"special_seed":0,"relics":["Ring of the Snake","Omamori","Potion Belt","Regal Pillow","Bottled Flame"],"potions_floor_usage":[],"damage_taken":[{"damage":3.0,"enemies":"Cultist","floor":1.0,"turns":5.0},{"damage":0.0,"enemies":"Jaw Worm","floor":2.0,"turns":4.0},{"damage":0.0,"enemies":"2 Louse","floor":4.0,"turns":2.0},{"damage":0.0,"enemies":"Blue Slaver","floor":5.0,"turns":4.0},{"damage":4.0,"enemies":"3 Louse","floor":6.0,"turns":4.0},{"damage":12.0,"enemies":"Lagavulin","floor":8.0,"turns":6.0},{"damage":4.0,"enemies":"Gremlin Gang","floor":10.0,"turns":6.0},{"damage":49.0,"enemies":"3 Sentries","floor":11.0,"turns":14.0},{"damage":31.0,"enemies":"Lagavulin","floor":13.0,"turns":6.0},{"damage":6,"enemies":"The Guardian","floor":16,"turns":4}],"seed_played":"4366194295579946124","potions_obtained":[{"floor":2.0,"key":"Poison Potion"},{"floor":4.0,"key":"SkillPotion"},{"floor":5.0,"key":"Ancient Potion"},{"floor":8.0,"key":"Regen Potion"}],"is_trial":false,"path_per_floor":["M","M","$","M","M","M","R","E","T","M","E","R","E","?","R","B"],"character_chosen":"THE_SILENT","items_purchased":["Infinite Blades"],"campfire_rested":1,"item_purchase_floors":[3],"current_hp_per_floor":[56,56,56,56,56,52,52,40,40,51,2,36,5,5,5,0],"gold":175,"neow_bonus":"HUNDRED_GOLD","is_prod":false,"is_daily":false,"chose_seed":false,"campfire_upgraded":2,"win_rate":0,"timestamp":1545572250,"path_taken":["M","M","$","?","M","M","R","E","T","M","E","R","E","?","R","BOSS"],"build_version":"2018-12-20","purchased_purges":1,"victory":false,"max_hp_per_floor":[66,66,66,66,66,66,66,66,66,66,66,66,66,66,66,66],"card_choices":[{"not_picked":["Poisoned Stab","Calculated Gamble"],"picked":"Masterful Stab","floor":1.0},{"not_picked":["Bane","Bouncing Flask"],"picked":"Dash","floor":2.0},{"not_picked":["Dagger Throw","Catalyst"],"picked":"Escape Plan","floor":4.0},{"not_picked":["Blade Dance","Escape Plan","Dagger Throw"],"picked":"SKIP","floor":5.0},{"not_picked":["Infinite Blades","Cloak And Dagger"],"picked":"Bouncing Flask","floor":6.0},{"not_picked":["Envenom","Concentrate"],"picked":"Deadly Poison","floor":8.0},{"not_picked":["Flechettes","Dodge and Roll","Flying Knee"],"picked":"SKIP","floor":10.0},{"not_picked":["Acrobatics","Deadly Poison"],"picked":"Backflip","floor":11.0},{"not_picked":["All Out Attack","Deflect"],"picked":"Noxious Fumes","floor":13.0}],"player_experience":2412649,"relics_obtained":[{"floor":8.0,"key":"Omamori"},{"floor":9.0,"key":"Potion Belt"},{"floor":11.0,"key":"Regal Pillow"},{"floor":13.0,"key":"Bottled Flame"}],"event_choices":[{"damage_healed":0.0,"max_hp_gain":0.0,"max_hp_loss":0.0,"gold_gain":0.0,"event_name":"World of Goop","player_choice":"Left Gold","floor":14.0,"gold_loss":63.0,"damage_taken":0.0}],"is_beta":false,"boss_relics":[],"items_purged_floors":[3],"is_endless":false,"potions_floor_spawned":[2,4,5,8],"killed_by":"The Guardian","ascension_level":20}