{"gold_per_floor":[129,174,174,210,210,285,363,459,459,537,56,152,242,329,329,641,641,689,689,749,74,74,152,230,314,339,39,138,243,327,411,411,699,699,747,747,496,553,129,207,294,378,378,453,531,606,711,849,849,849],"floor_reached":51,"playtime":2256,"items_purged":["Pain","Ball Lightning","Dash+1","Cloak And Dagger"],"score":2076,"play_id":"9bc894ad-9801-427f-85e9-663e68caef9a","local_time":"20181219004550","daily_mods":["SealedDeck","Vintage","Diverse","Colorless Cards","Heirloom","Flight","DeadlyEvents","Elite Swarm","Midas","Terminal"],"is_ascension_mode":true,"campfire_choices":[{"data":"Armaments","floor":15.0,"key":"PURGE"},{"data":"Evolve","floor":32.0,"key":"PURGE"},{"data":"Steam","floor":49,"key":"PURGE"}],"neow_cost":"","seed_source_timestamp":0,"circlet_count":3,"master_deck":["Feel No Pain","Body Slam","Concentrate+1","Backflip","Footwork","Malaise+1","Grand Finale+1","All For One","Apotheosis","Creative AI","Seek+1","After Image","Thinking Ahead+1","Expertise+1","Master of Strategy+1","Tactician+1","Prepared+1","Echo Form+1","Skim+1"],"special_seed":0,"relics":["Ring of the Snake","Peace Pipe","Snake Skull","Ornamental Fan","WarpedTongs","Shuriken","Bag of Preparation","Letter Opener","Happy Flower","The Courier","Gremlin Horn","Mummified Hand","TheAbacus","Paper Crane","War Paint","Toxic Egg 2","Black Star","Tingsha","Bronze Scales","Oddly Smooth Stone","Chemical X","Ancient Tea Set","Kunai","Smiling Mask","Whetstone","Ginger","FossilizedHelix","Orichalcum","Bag of Marbles","Potion Belt","PreservedInsect","Pen Nib","Meat on the Bone","Dodecahedron","Art of War","Bottled Lightning","Gambling Chip","Ice Cream","Centennial Puzzle","Frozen Egg 2","Coffee Dripper","Bottled Tornado","Omamori","Matryoshka","Sundial","Toolbox","Du-Vu Doll","Torii","Calipers","Tough Bandages","Thread and Needle","The Specimen","Incense Burner","StoneCalendar","Bird Faced Urn","Prayer Wheel","Pocketwatch","Turnip","Girya","Nunchaku","Circlet"],"potions_floor_usage":[],"damage_taken":[{"damage":0.0,"enemies":"2 Louse","floor":1.0,"turns":2.0},{"damage":0.0,"enemies":"Cultist","floor":2.0,"turns":3.0},{"damage":2.0,"enemies":"Jaw Worm","floor":4.0,"turns":3.0},{"damage":7.0,"enemies":"Gremlin Nob","floor":6.0,"turns":4.0},{"damage":3.0,"enemies":"3 Sentries","floor":7.0,"turns":4.0},{"damage":7.0,"enemies":"Lagavulin","floor":8.0,"turns":6.0},{"damage":1.0,"enemies":"3 Sentries","floor":10.0,"turns":2.0},{"damage":0.0,"enemies":"Gremlin Nob","floor":12.0,"turns":3.0},{"damage":0.0,"enemies":"Lagavulin","floor":13.0,"turns":4.0},{"damage":1.0,"enemies":"Gremlin Nob","floor":14.0,"turns":3.0},{"damage":0.0,"enemies":"Hexaghost","floor":16.0,"turns":4.0},{"damage":0.0,"enemies":"2 Thieves","floor":18.0,"turns":2.0},{"damage":1.0,"enemies":"Spheric Guardian","floor":20.0,"turns":3.0},{"damage":0.0,"enemies":"Gremlin Leader","floor":23.0,"turns":2.0},{"damage":0.0,"enemies":"Slavers","floor":24.0,"turns":2.0},{"damage":0.0,"enemies":"Gremlin Leader","floor":25.0,"turns":2.0},{"damage":0.0,"enemies":"Book of Stabbing","floor":28.0,"turns":3.0},{"damage":0.0,"enemies":"Gremlin Leader","floor":29.0,"turns":1.0},{"damage":0.0,"enemies":"Slavers","floor":30.0,"turns":1.0},{"damage":0.0,"enemies":"Book of Stabbing","floor":31.0,"turns":1.0},{"damage":0.0,"enemies":"Automaton","floor":33.0,"turns":1.0},{"damage":0.0,"enemies":"Orb Walker","floor":35.0,"turns":1.0},{"damage":0.0,"enemies":"3 Shapes","floor":38.0,"turns":1.0},{"damage":0,"enemies":"Giant Head","floor":40,"turns":1},{"damage":0,"enemies":"Nemesis","floor":41,"turns":1},{"damage":0,"enemies":"Reptomancer","floor":42,"turns":1},{"damage":0,"enemies":"Giant Head","floor":44,"turns":1},{"damage":0,"enemies":"Nemesis","floor":45,"turns":1},{"damage":0,"enemies":"Giant Head","floor":46,"turns":1},{"damage":0,"enemies":"Reptomancer","floor":47,"turns":1},{"damage":0,"enemies":"2 Orb Walkers","floor":48,"turns":1},{"damage":0,"enemies":"Awakened One","floor":50,"turns":2}],"seed_played":"2160318484611207042","potions_obtained":[{"floor":1.0,"key":"Poison Potion"},{"floor":6.0,"key":"EssenceOfSteel"},{"floor":7.0,"key":"Fire Potion"},{"floor":8.0,"key":"Dexterity Potion"},{"floor":14.0,"key":"Swift Potion"},{"floor":31.0,"key":"Strength Potion"},{"floor":33.0,"key":"EssenceOfSteel"}],"is_trial":true,"path_per_floor":["M","M","?","M","?","E","E","E","T","E","$","E","E","E","R","B",null,"M","?","M","$","?","E","E","E","T","$","E","E","E","E","R","B",null,"M","?","$","M","$","E","E","E","T","E","E","E","E","?","R","B",null],"character_chosen":"THE_SILENT","items_purchased":["Mummified Hand","TheAbacus","Evolve","Oddly Smooth Stone","Chemical X","Ancient Tea Set","Kunai","Expertise+1","PreservedInsect","Pen Nib","Tactician+1","Prepared+1","Omamori","Sundial","Toolbox"],"campfire_rested":0,"item_purchase_floors":[11,11,11,21,21,21,21,27,27,27,37,37,37,39,39],"current_hp_per_floor":[68,67,66,64,69,62,59,52,52,51,51,51,51,50,50,50,57,56,55,54,53,52,51,50,49,48,47,46,45,44,43,42,41,40,39,38,37,36,35,34,33,32,31,30,29,28,27,26,25,24],"gold":849,"neow_bonus":"","is_prod":false,"is_daily":false,"chose_seed":false,"campfire_upgraded":0,"win_rate":0,"timestamp":1545151550,"path_taken":["M","M","?","?","?","E","E","E","T","E","$","E","E","E","R","BOSS","M","?","?","$","?","E","E","E","T","?","E","E","E","E","R","BOSS","M","?","?","?","$","E","E","E","T","E","?","E","E","?","R","BOSS"],"build_version":"2018-12-13","purchased_purges":4,"victory":true,"max_hp_per_floor":[68,67,66,65,69,68,67,66,65,64,63,62,61,60,59,58,57,56,55,54,53,52,51,50,49,48,47,46,45,44,43,42,41,40,39,38,37,36,35,34,33,32,31,30,29,28,27,26,25,24],"card_choices":[{"not_picked":["Exhume","Chrysalis"],"picked":"Malaise","floor":6.0},{"not_picked":["Buffer","Impervious"],"picked":"Grand Finale","floor":7.0},{"not_picked":["Feed","Impervious"],"picked":"All For One","floor":8.0},{"not_picked":["Thunder Strike","Machine Learning"],"picked":"Apotheosis","floor":10.0},{"not_picked":["Sadistic Nature","Rainbow"],"picked":"Creative AI","floor":12.0},{"not_picked":["Sadistic Nature","Glass Knife","Meteor Strike"],"picked":"SKIP","floor":13.0},{"not_picked":["Sadistic Nature","Glass Knife","Meteor Strike"],"picked":"SKIP","floor":13.0},{"not_picked":["Apotheosis","Juggernaut"],"picked":"Seek","floor":14.0},{"not_picked":["Rainbow+1","Panache"],"picked":"After Image","floor":16.0},{"not_picked":["Machine Learning","Corpse Explosion+1"],"picked":"Thinking Ahead+1","floor":23.0},{"not_picked":["Phantasmal Killer+1","Chrysalis+1","Glass Knife"],"picked":"SKIP","floor":24.0},{"not_picked":["Phantasmal Killer+1","Chrysalis+1","Glass Knife"],"picked":"SKIP","floor":24.0},{"not_picked":["Magnetism","Core Surge","Apotheosis+1"],"picked":"SKIP","floor":25.0},{"not_picked":["Wraith Form v2","Venomology+1","Secret Weapon+1"],"picked":"SKIP","floor":28.0},{"not_picked":["Machine Learning","Sadistic Nature"],"picked":"Master of Strategy+1","floor":29.0},{"not_picked":["Buffer","Corpse Explosion+1","Multi-Cast+1"],"picked":"SKIP","floor":30.0},{"not_picked":["Fiend Fire","Secret Technique+1","Immolate"],"picked":"SKIP","floor":31.0},{"not_picked":["Fiend Fire","Secret Technique+1","Immolate"],"picked":"SKIP","floor":31.0},{"not_picked":["Night Terror+1","Reboot+1","Unload"],"picked":"SKIP","floor":40},{"not_picked":["Biased Cognition+1","Thinking Ahead+1","Transmutation+1"],"picked":"SKIP","floor":41},{"not_picked":["Glass Knife","Corpse Explosion+1","Malaise+1"],"picked":"SKIP","floor":42},{"not_picked":["Offering+1","Meteor Strike","Reaper"],"picked":"SKIP","floor":44},{"not_picked":["Transmutation+1","Wraith Form v2+1","Master of Strategy+1"],"picked":"SKIP","floor":45},{"not_picked":["Die Die Die","Thunder Strike"],"picked":"Echo Form+1","floor":46},{"not_picked":["Apotheosis+1","Reaper","Storm of Steel+1"],"picked":"SKIP","floor":47},{"not_picked":["Redo+1","Dodge and Roll+1"],"picked":"Skim+1","floor":48}],"player_experience":2407888,"relics_obtained":[{"floor":1.0,"key":"Snake Skull"},{"floor":2.0,"key":"Ornamental Fan"},{"floor":4.0,"key":"Shuriken"},{"floor":6.0,"key":"Bag of Preparation"},{"floor":7.0,"key":"Letter Opener"},{"floor":8.0,"key":"Happy Flower"},{"floor":9.0,"key":"The Courier"},{"floor":10.0,"key":"Gremlin Horn"},{"floor":12.0,"key":"Paper Crane"},{"floor":13.0,"key":"War Paint"},{"floor":14.0,"key":"Toxic Egg 2"},{"floor":18.0,"key":"Tingsha"},{"floor":20.0,"key":"Bronze Scales"},{"floor":23.0,"key":"Smiling Mask"},{"floor":23.0,"key":"Whetstone"},{"floor":24.0,"key":"Ginger"},{"floor":24.0,"key":"FossilizedHelix"},{"floor":25.0,"key":"Orichalcum"},{"floor":25.0,"key":"Bag of Marbles"},{"floor":26.0,"key":"Potion Belt"},{"floor":28.0,"key":"Meat on the Bone"},{"floor":28.0,"key":"Dodecahedron"},{"floor":29.0,"key":"Art of War"},{"floor":29.0,"key":"Bottled Lightning"},{"floor":30.0,"key":"Gambling Chip"},{"floor":30.0,"key":"Ice Cream"},{"floor":31.0,"key":"Centennial Puzzle"},{"floor":31.0,"key":"Frozen Egg 2"},{"floor":35.0,"key":"Bottled Tornado"},{"floor":38.0,"key":"Matryoshka"},{"floor":40,"key":"Du-Vu Doll"},{"floor":40,"key":"Torii"},{"floor":41,"key":"Calipers"},{"floor":41,"key":"Tough Bandages"},{"floor":42,"key":"Thread and Needle"},{"floor":42,"key":"The Specimen"},{"floor":43,"key":"Incense Burner"},{"floor":43,"key":"StoneCalendar"},{"floor":44,"key":"Bird Faced Urn"},{"floor":44,"key":"Prayer Wheel"},{"floor":45,"key":"Pocketwatch"},{"floor":45,"key":"Turnip"},{"floor":46,"key":"Girya"},{"floor":46,"key":"Nunchaku"},{"floor":47,"key":"Circlet"},{"floor":47,"key":"Circlet"},{"floor":48,"key":"Circlet"}],"event_choices":[{"damage_healed":0.0,"max_hp_gain":0.0,"max_hp_loss":0.0,"gold_gain":0.0,"event_name":"Accursed Blacksmith","player_choice":"Rummage","floor":3.0,"gold_loss":0.0,"damage_taken":0.0,"relics_obtained":["WarpedTongs"],"cards_obtained":["Pain"]},{"damage_healed":0.0,"max_hp_gain":5.0,"max_hp_loss":0.0,"gold_gain":0.0,"event_name":"Big Fish","player_choice":"Donut","floor":5.0,"gold_loss":0.0,"damage_taken":0.0},{"damage_healed":0.0,"max_hp_gain":0.0,"max_hp_loss":0.0,"gold_gain":0.0,"event_name":"Ghosts","player_choice":"Ignored","floor":19.0,"gold_loss":0.0,"damage_taken":0.0},{"damage_healed":0.0,"max_hp_gain":0.0,"max_hp_loss":0.0,"gold_gain":0.0,"event_name":"Beggar","player_choice":"Ignored","floor":22.0,"gold_loss":0.0,"damage_taken":0.0},{"damage_healed":0.0,"max_hp_gain":0.0,"max_hp_loss":0.0,"gold_gain":0.0,"event_name":"Tomb of Lord Red Mask","player_choice":"Ignored","floor":36.0,"gold_loss":0.0,"damage_taken":0.0},{"damage_healed":0,"gold_gain":0,"player_choice":"Fight","damage_taken":0,"max_hp_gain":0,"max_hp_loss":0,"event_name":"Mysterious Sphere","floor":48,"gold_loss":0}],"is_beta":false,"boss_relics":[{"not_picked":["WristBlade","Velvet Choker"],"picked":"Black Star"},{"not_picked":["Lizard Tail","Snecko Eye"],"picked":"Coffee Dripper"}],"items_purged_floors":[11,21,37,39],"is_endless":false,"potions_floor_spawned":[1,6,7,8,14,20,25,31,33,42,45,48],"ascension_level":1}