{"gold_per_floor":[112,112,122,142,58,58,84,84,108,108,108,108,134,146,146,220,220,233,244,244,140,166,193,213,228,228,228,248,279,279,296,296,370,370,389,1388,1122,1122,1141,1141,528,528,604,621,188,0,14,33,33,33,33],"floor_reached":52,"playtime":2035,"items_purged":["Pain","Normality","Normality"],"score":1975,"play_id":"aac0e7e0-0d02-43d8-8e64-d6f92b2ae71f","local_time":"20181106105239","daily_mods":["SealedDeck"],"is_ascension_mode":true,"campfire_choices":[{"data":"Feed","floor":6.0,"key":"SMITH"},{"data":"Spot Weakness","floor":8.0,"key":"SMITH"},{"data":"Fiend Fire","floor":11.0,"key":"SMITH"},{"data":"Armaments","floor":15.0,"key":"SMITH"},{"data":"Disarm","floor":27.0,"key":"SMITH"},{"data":"Uppercut","floor":30.0,"key":"SMITH"},{"data":"Seeing Red","floor":32.0,"key":"SMITH"},{"data":"Limit Break","floor":40.0,"key":"SMITH"},{"data":"True Grit","floor":42.0,"key":"SMITH"},{"data":"Fiend Fire","floor":49.0,"key":"SMITH"}],"neow_cost":"","seed_source_timestamp":0,"circlet_count":0,"master_deck":["AscendersBane","Heavy Blade","Spot Weakness+1","Shrug It Off","Iron Wave","Cleave","Anger","Pommel Strike","Flame Barrier","Shrug It Off","Spot Weakness+1","Battle Trance+1","Sword Boomerang","Feed+1","Fiend Fire+1","Seeing Red+1","Armaments+1","Reaper","Uppercut+1","True Grit+1","Disarm+1","Pummel","Limit Break+1","Heavy Blade+1","True Grit+1","Burning Pact","Exhume","Bludgeon","Blood for Blood","Whirlwind","Fiend Fire+1"],"special_seed":0,"relics":["Burning Blood","Potion Belt","Pen Nib","Question Card","WarpedTongs","Dead Branch","Eternal Feather","Orichalcum","Matryoshka","Centennial Puzzle","Mummified Hand","War Paint","Snecko Eye","Red Skull","Happy Flower","Dream Catcher","Mercury Hourglass","Pantograph","Red Mask"],"potions_floor_usage":[51,51,51],"damage_taken":[{"damage":0.0,"enemies":"2 Louse","floor":1.0,"turns":2.0},{"damage":0.0,"enemies":"Cultist","floor":3.0,"turns":3.0},{"damage":4.0,"enemies":"Small Slimes","floor":4.0,"turns":3.0},{"damage":15.0,"enemies":"Lagavulin","floor":7.0,"turns":6.0},{"damage":1.0,"enemies":"Gremlin Nob","floor":13.0,"turns":2.0},{"damage":4.0,"enemies":"Exordium Thugs","floor":14.0,"turns":2.0},{"damage":38.0,"enemies":"Hexaghost","floor":16.0,"turns":6.0},{"damage":9.0,"enemies":"2 Thieves","floor":18.0,"turns":2.0},{"damage":23.0,"enemies":"Spheric Guardian","floor":19.0,"turns":4.0},{"damage":14.0,"enemies":"Gremlin Leader","floor":23.0,"turns":4.0},{"damage":12.0,"enemies":"3 Cultists","floor":24.0,"turns":3.0},{"damage":35.0,"enemies":"Snecko","floor":25.0,"turns":6.0},{"damage":12.0,"enemies":"Snake Plant","floor":28.0,"turns":2.0},{"damage":9.0,"enemies":"Book of Stabbing","floor":29.0,"turns":3.0},{"damage":0.0,"enemies":"Centurion and Healer","floor":31.0,"turns":4.0},{"damage":54.0,"enemies":"Collector","floor":33.0,"turns":8.0},{"damage":22.0,"enemies":"3 Shapes","floor":35.0,"turns":5.0},{"damage":11.0,"enemies":"3 Darklings","floor":39.0,"turns":4.0},{"damage":0.0,"enemies":"4 Shapes","floor":44.0,"turns":3.0},{"damage":3.0,"enemies":"Jaw Worm Horde","floor":47.0,"turns":3.0},{"damage":0.0,"enemies":"Maw","floor":48.0,"turns":6.0},{"damage":33.0,"enemies":"Awakened One","floor":50.0,"turns":5.0},{"damage":0,"enemies":"Time Eater","floor":51,"turns":3}],"seed_played":"8704835382976035092","potions_obtained":[{"floor":1.0,"key":"FearPotion"},{"floor":4.0,"key":"Dexterity Potion"},{"floor":7.0,"key":"LiquidBronze"},{"floor":13.0,"key":"SkillPotion"},{"floor":25.0,"key":"Strength Potion"},{"floor":29.0,"key":"Energy Potion"},{"floor":47.0,"key":"Dexterity Potion"},{"floor":48.0,"key":"GamblersBrew"}],"is_trial":true,"path_per_floor":["M","?","M","M","$","R","E","R","T","T","R","?","E","M","R","B",null,"M","M","?","$","T","E","M","M","T","R","M","E","R","M","R","B",null,"M","?","$","?","M","R","$","R","T","M","$","?","M","M","R","B","B",null],"character_chosen":"IRONCLAD","items_purchased":["Feed","True Grit","Strength Potion","True Grit","Burning Pact","Red Skull","Happy Flower","Exhume","Pantograph","Bludgeon","Blood for Blood"],"campfire_rested":0,"item_purchase_floors":[5,21,37,37,37,41,41,41,45,45,45],"current_hp_per_floor":[74,74,75,75,75,75,66,66,66,66,66,66,71,73,73,41,67,64,47,47,47,47,61,75,56,56,68,62,79,79,79,79,54,73,57,57,57,57,75,75,75,75,75,75,75,75,75,75,75,48,75],"gold":33,"neow_bonus":"","is_prod":false,"is_daily":false,"chose_seed":false,"campfire_upgraded":10,"win_rate":0,"timestamp":1541530359,"path_taken":["M","?","?","M","$","R","E","R","T","?","R","?","E","M","R","BOSS","M","M","?","$","?","E","M","M","T","R","M","E","R","M","R","BOSS","M","?","$","?","M","R","?","R","T","M","$","?","M","M","R","BOSS","BOSS"],"build_version":"2018-11-01","purchased_purges":3,"victory":true,"max_hp_per_floor":[75,75,75,75,75,75,75,75,75,75,75,75,75,75,75,75,75,75,75,75,75,75,75,75,79,79,79,79,79,79,79,79,79,79,79,79,79,75,75,75,75,75,75,75,75,75,75,75,75,75,75],"card_choices":[{"not_picked":["True Grit","Headbutt"],"picked":"Battle Trance","floor":1.0},{"not_picked":["Inflame","True Grit","Evolve"],"picked":"SKIP","floor":3.0},{"not_picked":["Inflame","Anger"],"picked":"Sword Boomerang","floor":4.0},{"not_picked":["Headbutt","Clash"],"picked":"Fiend Fire","floor":7.0},{"not_picked":["Thunderclap","Clothesline","Spot Weakness"],"picked":"Seeing Red","floor":13.0},{"not_picked":["Pommel Strike","Havoc","True Grit"],"picked":"Armaments","floor":14.0},{"not_picked":["Bludgeon","Impervious","Brutality"],"picked":"Reaper","floor":16.0},{"not_picked":["Twin Strike+1","Clash","Whirlwind"],"picked":"Uppercut","floor":18.0},{"not_picked":["Cleave","Searing Blow","Clash","Spot Weakness"],"picked":"SKIP","floor":19.0},{"not_picked":["Clash","Pommel Strike","True Grit","Cleave"],"picked":"SKIP","floor":23.0},{"not_picked":["Wild Strike+1","Body Slam","Sever Soul","Sword Boomerang"],"picked":"SKIP","floor":24.0},{"not_picked":["Clothesline","Sword Boomerang","Cleave"],"picked":"Disarm","floor":25.0},{"not_picked":["Second Wind","Armaments","Pummel","Body Slam+1"],"picked":"SKIP","floor":28.0},{"not_picked":["Infernal Blade","Clothesline","Ghostly Armor"],"picked":"Pummel","floor":29.0},{"not_picked":["Heavy Blade","True Grit","Intimidate","Perfected Strike"],"picked":"SKIP","floor":31.0},{"not_picked":["Feed","Barricade","Reaper"],"picked":"Limit Break","floor":33.0},{"not_picked":["Clash","Second Wind","Perfected Strike"],"picked":"Heavy Blade+1","floor":35.0},{"not_picked":["Rampage","Pommel Strike+1","Clash+1","Thunderclap+1"],"picked":"SKIP","floor":39.0},{"not_picked":["Anger","Cleave","True Grit","Headbutt"],"picked":"SKIP","floor":44.0},{"not_picked":["Hemokinesis","Burning Pact","Clothesline"],"picked":"Whirlwind","floor":47.0},{"not_picked":["Rampage+1","Thunderclap","Ghostly Armor+1"],"picked":"Fiend Fire","floor":48.0}],"player_experience":1599113,"relics_obtained":[{"floor":7.0,"key":"Potion Belt"},{"floor":9.0,"key":"Pen Nib"},{"floor":10.0,"key":"Question Card"},{"floor":13.0,"key":"Dead Branch"},{"floor":22.0,"key":"Orichalcum"},{"floor":23.0,"key":"Matryoshka"},{"floor":26.0,"key":"Centennial Puzzle"},{"floor":26.0,"key":"Mummified Hand"},{"floor":29.0,"key":"War Paint"},{"floor":43.0,"key":"Dream Catcher"},{"floor":43.0,"key":"Mercury Hourglass"}],"event_choices":[{"damage_healed":0.0,"max_hp_gain":0.0,"max_hp_loss":0.0,"gold_gain":0.0,"event_name":"Upgrade Shrine","player_choice":"Upgraded","floor":2.0,"gold_loss":0.0,"damage_taken":0.0,"cards_upgraded":["Spot Weakness"]},{"damage_healed":0.0,"max_hp_gain":0.0,"max_hp_loss":0.0,"gold_gain":0.0,"event_name":"Accursed Blacksmith","player_choice":"Rummage","floor":12.0,"gold_loss":0.0,"damage_taken":0.0,"relics_obtained":["WarpedTongs"],"cards_obtained":["Pain"]},{"damage_healed":0.0,"max_hp_gain":0.0,"max_hp_loss":0.0,"gold_gain":0.0,"event_name":"Match and Keep!","player_choice":"0 cards matched","floor":20.0,"gold_loss":0.0,"damage_taken":0.0,"cards_obtained":[]},{"damage_healed":0.0,"max_hp_gain":0.0,"max_hp_loss":0.0,"gold_gain":999.0,"event_name":"MindBloom","player_choice":"Gold","floor":36.0,"gold_loss":0.0,"damage_taken":0.0,"cards_obtained":["Normality","Normality"]},{"damage_healed":0.0,"max_hp_gain":0.0,"max_hp_loss":4.0,"gold_gain":0.0,"event_name":"Winding Halls","player_choice":"Max HP","floor":38.0,"gold_loss":0.0,"damage_taken":0.0},{"damage_healed":0.0,"max_hp_gain":0.0,"max_hp_loss":0.0,"gold_gain":0.0,"event_name":"Tomb of Lord Red Mask","player_choice":"Paid","floor":46.0,"gold_loss":188.0,"damage_taken":0.0,"relics_obtained":["Red Mask"]}],"is_beta":false,"boss_relics":[{"not_picked":["Runic Pyramid","Velvet Choker"],"picked":"Eternal Feather"},{"not_picked":["Tiny House","White Beast Statue"],"picked":"Snecko Eye"}],"items_purged_floors":[21,37,41],"is_endless":false,"potions_floor_spawned":[1,4,7,13,25,29,31,47,48],"ascension_level":20}