{"gold_per_floor":[117,79,2,18,31,65,65,83,106,118],"floor_reached":10,"playtime":413,"items_purged":[],"score":75,"play_id":"0c3f4cc4-1784-479f-9844-1af6fb8cbb2e","local_time":"20190508160337","is_ascension_mode":true,"campfire_choices":[{"floor":7,"key":"REST"}],"neow_cost":"NONE","seed_source_timestamp":197357465084600,"circlet_count":0,"master_deck":["Defend_G","Defend_G","Defend_G","Defend_G","Defend_G","Strike_G","Strike_G","Strike_G","Strike_G","Strike_G","Survivor","Neutralize","Escape Plan","Noxious Fumes","Noxious Fumes","Acrobatics","Dagger Spray"],"relics":["Ring of the Snake","Dream Catcher","MawBank"],"potions_floor_usage":[6],"damage_taken":[{"damage":0,"enemies":"Small Slimes","floor":1,"turns":3},{"damage":0,"enemies":"2 Louse","floor":4,"turns":4},{"damage":3,"enemies":"Cultist","floor":5,"turns":5},{"damage":60,"enemies":"Gremlin Nob","floor":6,"turns":6},{"damage":30,"enemies":"Lots of Slimes","floor":8,"turns":3},{"damage":7,"enemies":"Gremlin Gang","floor":10,"turns":1}],"seed_played":"-8259092533768051443","potions_obtained":[{"floor":5,"key":"Energy Potion"}],"is_trial":false,"path_per_floor":["M","?","$","M","M","E","R","M","T","M"],"character_chosen":"THE_SILENT","items_purchased":["Noxious Fumes"],"campfire_rested":1,"item_purchase_floors":[3],"current_hp_per_floor":[77,77,77,77,74,14,37,7,7,0],"gold":118,"neow_bonus":"TEN_PERCENT_HP_BONUS","is_prod":false,"is_daily":false,"chose_seed":false,"campfire_upgraded":0,"win_rate":0,"timestamp":1557320617,"path_taken":["M","?","$","M","M","E","R","M","T","M"],"build_version":"2019-01-23","purchased_purges":0,"victory":false,"max_hp_per_floor":[77,77,77,77,77,77,77,77,77,77],"card_choices":[{"not_picked":["Deflect","Prepared"],"picked":"Escape Plan","floor":1},{"not_picked":["Dodge and Roll","Backstab"],"picked":"Noxious Fumes","floor":4},{"not_picked":["Accuracy","Slice"],"picked":"Acrobatics","floor":5},{"not_picked":["Underhanded Strike","Dagger Throw","Poisoned Stab"],"picked":"SKIP","floor":6},{"not_picked":["Well Laid Plans","Acrobatics"],"picked":"Dagger Spray","floor":7},{"not_picked":["Distraction","Predator","Cloak And Dagger"],"picked":"SKIP","floor":8}],"player_experience":394108,"relics_obtained":[{"floor":6,"key":"Dream Catcher"},{"floor":9,"key":"MawBank"}],"event_choices":[{"damage_healed":0,"gold_gain":0,"player_choice":"Left Gold","damage_taken":0,"max_hp_gain":0,"max_hp_loss":0,"event_name":"World of Goop","floor":2,"gold_loss":38}],"is_beta":false,"boss_relics":[],"items_purged_floors":[],"is_endless":false,"potions_floor_spawned":[5],"killed_by":"Gremlin Gang","ascension_level":2}