{"gold_per_floor":[111,186,198,198,26,53,68,68,145,171,171,204,204,204,204,279,279,292,292,311,85,99,129,129,161,161,172,172,172,28,28,28,103,103,118,128,128,128,50,80,96,96,96,126,140,240,240,254,254,254],"floor_reached":51,"playtime":2621,"items_purged":["Strike_B"],"score":1472,"play_id":"b0f4d9e7-aa24-48d7-8c55-e8c86ed5ba78","local_time":"20190304111731","is_ascension_mode":true,"campfire_choices":[{"data":"Zap","floor":11.0,"key":"SMITH"},{"data":"Defragment","floor":13.0,"key":"SMITH"},{"data":"Streamline","floor":15.0,"key":"SMITH"},{"floor":24.0,"key":"REST"},{"floor":29,"key":"REST"},{"data":"Defragment","floor":32,"key":"SMITH"},{"data":"Biased Cognition","floor":42,"key":"SMITH"},{"data":"FTL","floor":47,"key":"SMITH"},{"data":"Coolheaded","floor":49,"key":"SMITH"}],"neow_cost":"NONE","seed_source_timestamp":12917104443927,"circlet_count":0,"master_deck":["AscendersBane","Strike_B+1","Defend_B+1","Defend_B+1","Defend_B+1","Defend_B+1","Zap+1","Dualcast","Streamline+1","Coolheaded+1","Sunder","Cold Snap","Glacier+1","Chill+1","Defragment+1","Doom and Gloom","Core Surge","Coolheaded+1","Ball Lightning","Coolheaded+1","Coolheaded+1","Gash","Leap+1","FTL+1","Defragment+1","Biased Cognition+1","Turbo+1","Self Repair","Apotheosis+1","Consume+1","Coolheaded+1","Force Field+1","Genetic Algorithm+1","Reinforced Body+1","Fission+1"],"special_seed":0,"relics":["Cracked Core","Pear","Gremlin Horn","Toxic Egg 2","Dead Branch","Orichalcum","Cursed Key","War Paint","Vajra","Inserter","StoneCalendar","DataDisk","Unceasing Top"],"potions_floor_usage":[],"damage_taken":[{"damage":5.0,"enemies":"2 Louse","floor":1.0,"turns":3.0},{"damage":6.0,"enemies":"Jaw Worm","floor":3.0,"turns":4.0},{"damage":24.0,"enemies":"Lagavulin","floor":6.0,"turns":7.0},{"damage":0.0,"enemies":"Cultist","floor":7.0,"turns":3.0},{"damage":17.0,"enemies":"Gremlin Nob","floor":10.0,"turns":5.0},{"damage":4.0,"enemies":"3 Sentries","floor":12.0,"turns":7.0},{"damage":24.0,"enemies":"The Guardian","floor":16.0,"turns":12.0},{"damage":5.0,"enemies":"Shell Parasite","floor":18.0,"turns":7.0},{"damage":3.0,"enemies":"Spheric Guardian","floor":20.0,"turns":4.0},{"damage":2.0,"enemies":"Snake Plant","floor":22.0,"turns":4.0},{"damage":15.0,"enemies":"Slavers","floor":23.0,"turns":5.0},{"damage":29.0,"enemies":"Book of Stabbing","floor":25.0,"turns":7.0},{"damage":1,"enemies":"3 Cultists","floor":27,"turns":4},{"damage":1,"enemies":"Collector","floor":33,"turns":14},{"damage":0,"enemies":"3 Darklings","floor":35,"turns":4},{"damage":0,"enemies":"Orb Walker","floor":36,"turns":3},{"damage":0,"enemies":"Nemesis","floor":40,"turns":10},{"damage":0,"enemies":"Sphere and 2 Shapes","floor":41,"turns":4},{"damage":0,"enemies":"Giant Head","floor":44,"turns":12},{"damage":10,"enemies":"Transient","floor":45,"turns":5},{"damage":0,"enemies":"Mind Bloom Boss Battle","floor":46,"turns":7},{"damage":0,"enemies":"3 Darklings","floor":48,"turns":2},{"damage":2,"enemies":"Donu and Deca","floor":50,"turns":10}],"seed_played":"2183173896305246367","potions_obtained":[{"floor":1.0,"key":"AttackPotion"},{"floor":18.0,"key":"SpeedPotion"},{"floor":25.0,"key":"Block Potion"}],"is_trial":false,"path_per_floor":["M","?","M","?","$","E","M","T","T","E","R","E","R","?","R","B",null,"M","?","M","$","M","E","R","E","T","M","?","R","$","?","R","B",null,"M","M","?","?","$","E","M","R","T","E","M","?","R","M","R","B",null],"character_chosen":"DEFECT","items_purchased":["Sunder","EntropicBrew","FocusPotion","Ball Lightning","Coolheaded+1","Defragment","Regen Potion","Consume+1"],"campfire_rested":2,"item_purchase_floors":[5,5,21,21,21,30,30,39],"current_hp_per_floor":[66,55,49,75,75,61,61,61,61,44,44,40,40,40,40,16,70,65,65,62,62,60,45,71,42,42,41,41,67,67,67,67,66,83,83,83,83,83,83,88,88,88,88,88,85,88,88,88,88,88],"gold":254,"neow_bonus":"TEN_PERCENT_HP_BONUS","is_prod":false,"is_daily":false,"chose_seed":false,"campfire_upgraded":7,"win_rate":0,"timestamp":1551727051,"path_taken":["M","?","M","?","$","E","M","?","T","E","R","E","R","?","R","BOSS","M","?","M","$","M","E","R","E","T","?","?","R","$","?","R","BOSS","M","M","?","?","$","E","M","R","T","E","M","?","R","M","R","BOSS"],"build_version":"2019-01-23","purchased_purges":1,"victory":true,"max_hp_per_floor":[78,78,78,78,78,88,88,88,88,88,88,88,88,88,88,88,88,88,88,88,88,88,88,88,88,88,88,88,88,88,88,88,88,88,88,88,88,88,88,88,88,88,88,88,88,88,88,88,88,88],"card_choices":[{"not_picked":["Go for the Eyes","Conserve Battery"],"picked":"Streamline","floor":1.0},{"not_picked":["Turbo","Hologram"],"picked":"Coolheaded","floor":3.0},{"not_picked":["White Noise","Storm"],"picked":"Cold Snap","floor":6.0},{"not_picked":["Reprogram","Cold Snap"],"picked":"Glacier","floor":7.0},{"not_picked":["Leap+1","Skim+1"],"picked":"Chill+1","floor":10.0},{"not_picked":["Leap+1","Beam Cell"],"picked":"Defragment","floor":12.0},{"not_picked":["Machine Learning","Thunder Strike"],"picked":"Core Surge","floor":16.0},{"not_picked":["Stack+1","Barrage"],"picked":"Turbo+1","floor":18.0},{"not_picked":["Streamline","Redo+1"],"picked":"Coolheaded+1","floor":20.0},{"not_picked":["Tempest+1","Compile Driver"],"picked":"Coolheaded+1","floor":22.0},{"not_picked":["Auto Shields+1","Doom and Gloom"],"picked":"Gash","floor":23.0},{"not_picked":["Streamline","Meteor Strike"],"picked":"Leap+1","floor":25.0},{"not_picked":["Beam Cell+1","Rip and Tear"],"picked":"FTL","floor":27},{"not_picked":["All For One","Rainbow+1"],"picked":"Biased Cognition","floor":33},{"not_picked":["Redo+1","Tempest+1"],"picked":"Turbo+1","floor":35},{"not_picked":["FTL","Steam+1"],"picked":"Self Repair","floor":36},{"not_picked":["Madness+1","HandOfGreed"],"picked":"Apotheosis+1","floor":37},{"not_picked":["Beam Cell+1","Fusion+1"],"picked":"Coolheaded+1","floor":40},{"not_picked":["Sweeping Beam","Beam Cell"],"picked":"Force Field+1","floor":41},{"not_picked":["Conserve Battery+1","Go for the Eyes"],"picked":"Genetic Algorithm+1","floor":44},{"not_picked":["Force Field+1","Tempest+1"],"picked":"Reinforced Body+1","floor":45},{"not_picked":["Scrape+1","Reprogram+1"],"picked":"Fission+1","floor":48}],"player_experience":2315020,"relics_obtained":[{"floor":6.0,"key":"Pear"},{"floor":8.0,"key":"Gremlin Horn"},{"floor":9.0,"key":"Toxic Egg 2"},{"floor":10.0,"key":"Dead Branch"},{"floor":12.0,"key":"Orichalcum"},{"floor":23.0,"key":"War Paint"},{"floor":25.0,"key":"Vajra"},{"floor":40,"key":"StoneCalendar"},{"floor":44,"key":"DataDisk"},{"floor":46,"key":"Unceasing Top"}],"event_choices":[{"damage_healed":0.0,"max_hp_gain":0.0,"max_hp_loss":0.0,"gold_gain":75.0,"event_name":"World of Goop","player_choice":"Gather Gold","floor":2.0,"gold_loss":0.0,"damage_taken":11.0},{"damage_healed":26.0,"max_hp_gain":0.0,"max_hp_loss":0.0,"gold_gain":0.0,"event_name":"Big Fish","player_choice":"Banana","floor":4.0,"gold_loss":0.0,"damage_taken":0.0},{"damage_healed":0.0,"max_hp_gain":0.0,"max_hp_loss":0.0,"gold_gain":0.0,"cards_transformed":["Strike_B"],"event_name":"Transmorgrifier","player_choice":"Transformed","floor":14.0,"gold_loss":0.0,"damage_taken":0.0,"cards_obtained":["Doom and Gloom"]},{"cards_removed":["Strike_B"],"damage_healed":0.0,"max_hp_gain":0.0,"max_hp_loss":0.0,"gold_gain":0.0,"event_name":"Bonfire Elementals","player_choice":"Offered Basic","floor":19.0,"gold_loss":0.0,"damage_taken":0.0},{"damage_healed":0,"gold_gain":0,"player_choice":"Simplicity","damage_taken":0,"max_hp_gain":0,"max_hp_loss":0,"event_name":"Back to Basics","floor":31,"gold_loss":0,"cards_upgraded":["Strike_B","Defend_B","Defend_B","Defend_B"]},{"damage_healed":0,"gold_gain":0,"player_choice":"Memory 1","damage_taken":0,"max_hp_gain":0,"max_hp_loss":0,"event_name":"SensoryStone","floor":37,"gold_loss":0},{"cards_removed":["Turbo"],"damage_healed":0,"gold_gain":0,"player_choice":"Removed Skill","damage_taken":0,"max_hp_gain":0,"max_hp_loss":0,"event_name":"Falling","floor":38,"gold_loss":0},{"damage_healed":0,"gold_gain":0,"player_choice":"Fight","damage_taken":0,"max_hp_gain":0,"max_hp_loss":0,"event_name":"MindBloom","floor":46,"gold_loss":0}],"is_beta":false,"boss_relics":[{"not_picked":["Calling Bell","Empty Cage"],"picked":"Cursed Key"},{"not_picked":["Eternal Feather","Velvet Choker"],"picked":"Inserter"}],"items_purged_floors":[21],"is_endless":false,"potions_floor_spawned":[1,6,7,18,25,44,45,48],"ascension_level":15}