{"gold_per_floor":[110,121,121,121,2,27,27,79,79,55,55,68,86,98,98,201,201,212,229,304,314,314,314,332,332,332,51,70,70,87,99,99,99],"floor_reached":33,"playtime":4031,"items_purged":[],"score":249,"play_id":"6c978af5-5122-4d94-b275-692b225c3c66","local_time":"20190507113327","is_ascension_mode":false,"campfire_choices":[{"data":"Armaments","floor":7,"key":"SMITH"},{"data":"Blind","floor":11,"key":"SMITH"},{"data":"Uppercut","floor":15,"key":"SMITH"},{"data":"Bloodletting","floor":23,"key":"SMITH"},{"data":"Fiend Fire","floor":25,"key":"SMITH"},{"data":"Flame Barrier","floor":29,"key":"SMITH"},{"floor":32,"key":"REST"}],"neow_cost":"NONE","seed_source_timestamp":69495983747059,"circlet_count":0,"master_deck":["Strike_R","Strike_R","Strike_R","Strike_R","Strike_R","Defend_R","Defend_R","Defend_R+1","Defend_R","Bash","Battle Trance+1","Heavy Blade","Shrug It Off+1","Blind+1","Armaments+1","Flex","Shrug It Off","Cleave","Uppercut+1","Flex","Fiend Fire+1","Spot Weakness+1","Sword Boomerang+1","Bloodletting+1","Flame Barrier+1","Trip","Wild Strike+1","Anger+1","Headbutt+1","Shockwave","Sword Boomerang+1"],"relics":["Burning Blood","War Paint","Matryoshka","Runic Pyramid","Orichalcum","Centennial Puzzle","Molten Egg 2"],"potions_floor_usage":[14,16,16,33,33],"damage_taken":[{"damage":4,"enemies":"Jaw Worm","floor":1,"turns":5},{"damage":0,"enemies":"Small Slimes","floor":2,"turns":3},{"damage":41,"enemies":"Lagavulin","floor":6,"turns":7},{"damage":0,"enemies":"Cultist","floor":12,"turns":2},{"damage":1,"enemies":"3 Louse","floor":13,"turns":4},{"damage":0,"enemies":"Gremlin Gang","floor":14,"turns":1},{"damage":19,"enemies":"Hexaghost","floor":16,"turns":9},{"damage":2,"enemies":"Spheric Guardian","floor":18,"turns":3},{"damage":8,"enemies":"3 Byrds","floor":19,"turns":6},{"damage":16,"enemies":"Snake Plant","floor":21,"turns":3},{"damage":5,"enemies":"Centurion and Healer","floor":24,"turns":5},{"damage":7,"enemies":"Sentry and Sphere","floor":28,"turns":3},{"damage":3,"enemies":"Snake Plant","floor":30,"turns":3},{"damage":13,"enemies":"Shelled Parasite and Fungi","floor":31,"turns":5},{"damage":81,"enemies":"Automaton","floor":33,"turns":6}],"seed_played":"-1684633669995571296","potions_obtained":[{"floor":1,"key":"Strength Potion"},{"floor":6,"key":"Explosive Potion"},{"floor":13,"key":"LiquidBronze"},{"floor":21,"key":"PowerPotion"},{"floor":24,"key":"PowerPotion"},{"floor":28,"key":"GamblersBrew"}],"is_trial":false,"path_per_floor":["M","M","?","?","$","E","R","?","T","$","R","M","M","M","R","B",null,"M","M","?","M","?","R","M","R","T","$","M","R","M","M","R","B"],"character_chosen":"IRONCLAD","items_purchased":["Blind","Armaments","Shrug It Off","Molten Egg 2","Anger+1"],"campfire_rested":1,"item_purchase_floors":[5,5,10,27,27],"current_hp_per_floor":[80,80,80,80,80,45,45,45,45,45,45,51,56,62,62,49,80,80,78,70,60,60,60,61,61,61,61,60,60,63,56,80,0],"gold":99,"neow_bonus":"THREE_CARDS","is_prod":false,"is_daily":false,"chose_seed":false,"campfire_upgraded":6,"win_rate":0.0,"timestamp":1557196407,"path_taken":["M","M","?","?","$","E","R","?","T","?","R","M","M","M","R","BOSS","M","?","?","?","?","R","M","R","T","$","M","R","?","M","R","BOSS"],"build_version":"2019-01-23","purchased_purges":0,"victory":false,"max_hp_per_floor":[80,80,80,80,80,80,80,80,80,80,80,80,80,80,80,80,80,80,80,80,80,80,80,80,80,80,80,80,80,80,80,80,80],"card_choices":[{"not_picked":["Pommel Strike","Armaments"],"picked":"Battle Trance","floor":0},{"not_picked":["Intimidate","True Grit"],"picked":"Heavy Blade","floor":1},{"not_picked":["Armaments","Combust"],"picked":"Shrug It Off","floor":2},{"not_picked":["Iron Wave","Thunderclap"],"picked":"Flex","floor":6},{"not_picked":["Iron Wave","Wild Strike"],"picked":"Cleave","floor":12},{"not_picked":["Warcry","Cleave"],"picked":"Uppercut","floor":13},{"not_picked":["Warcry","Clothesline"],"picked":"Flex","floor":14},{"not_picked":["Reaper","Offering"],"picked":"Fiend Fire","floor":16},{"not_picked":["Reckless Charge+1","Pummel"],"picked":"Spot Weakness+1","floor":18},{"not_picked":["Cleave","Carnage"],"picked":"Sword Boomerang+1","floor":19},{"not_picked":["Entrench","Iron Wave"],"picked":"Bloodletting","floor":21},{"not_picked":["Clash","Rampage"],"picked":"Wild Strike+1","floor":24},{"not_picked":["Warcry","Flex"],"picked":"Headbutt+1","floor":28},{"not_picked":["Clash+1","Brutality"],"picked":"Shockwave","floor":30},{"not_picked":["Clothesline+1","Entrench"],"picked":"Sword Boomerang+1","floor":31}],"player_experience":39400,"relics_obtained":[{"floor":6,"key":"War Paint"},{"floor":9,"key":"Matryoshka"},{"floor":26,"key":"Orichalcum"},{"floor":26,"key":"Centennial Puzzle"}],"event_choices":[{"damage_healed":0,"gold_gain":0,"player_choice":"Grow","damage_taken":0,"max_hp_gain":0,"max_hp_loss":0,"event_name":"Living Wall","floor":3,"gold_loss":0,"cards_upgraded":["Battle Trance"]},{"damage_healed":0,"gold_gain":0,"player_choice":"Ignored","damage_taken":0,"max_hp_gain":0,"max_hp_loss":0,"event_name":"Liars Game","floor":4,"gold_loss":0},{"damage_healed":0,"gold_gain":52,"player_choice":"Gained Gold","damage_taken":0,"max_hp_gain":0,"max_hp_loss":0,"event_name":"Golden Wing","floor":8,"gold_loss":0},{"damage_healed":0,"gold_gain":75,"player_choice":"Touch","damage_taken":8,"max_hp_gain":0,"max_hp_loss":0,"event_name":"FaceTrader","floor":20,"gold_loss":0},{"damage_healed":0,"gold_gain":0,"player_choice":"2 cards matched","damage_taken":0,"max_hp_gain":0,"max_hp_loss":0,"event_name":"Match and Keep!","floor":22,"gold_loss":0,"cards_obtained":["Flame Barrier","Trip"]}],"is_beta":false,"boss_relics":[{"not_picked":["Runic Dome","Ectoplasm"],"picked":"Runic Pyramid"}],"items_purged_floors":[],"is_endless":false,"potions_floor_spawned":[1,6,13,21,24,28,30,31],"killed_by":"Automaton","ascension_level":0}