{"gold_per_floor":[117,192,192,205,54,54,81,81,81,81],"floor_reached":10,"playtime":523,"items_purged":[],"score":128,"play_id":"8ca241a4-d776-4cf4-ba73-bb231dd11a80","local_time":"20190114181026","is_ascension_mode":true,"campfire_choices":[{"data":"Zap","floor":6,"key":"SMITH"},{"floor":8,"key":"REST"}],"neow_cost":"TEN_PERCENT_HP_LOSS","seed_source_timestamp":345014996495526,"circlet_count":0,"master_deck":["AscendersBane","Strike_B","Strike_B","Strike_B","Defend_B","Defend_B","Defend_B","Defend_B","Zap+1","Dualcast","Glacier","Capacitor","Hologram","Echo Form","Cold Snap"],"relics":["Cracked Core","Prayer Wheel","Bottled Lightning","Question Card"],"potions_floor_usage":[],"damage_taken":[{"damage":0,"enemies":"Cultist","floor":1,"turns":3},{"damage":7,"enemies":"Jaw Worm","floor":4,"turns":3},{"damage":36,"enemies":"3 Sentries","floor":7,"turns":13},{"damage":49,"enemies":"Gremlin Nob","floor":10,"turns":4}],"seed_played":"6005266221347162991","potions_obtained":[{"floor":1,"key":"SteroidPotion"}],"is_trial":false,"path_per_floor":["M","?","?","M","$","R","E","R","T","E"],"character_chosen":"DEFECT","items_purchased":["Echo Form"],"campfire_rested":1,"item_purchase_floors":[5],"current_hp_per_floor":[64,53,53,46,46,46,10,29,29,0],"gold":81,"neow_bonus":"ONE_RARE_RELIC","is_prod":false,"is_daily":false,"chose_seed":false,"campfire_upgraded":1,"win_rate":0,"timestamp":1547507426,"path_taken":["M","?","?","M","$","R","E","R","T","E"],"build_version":"2019-01-10","purchased_purges":0,"victory":false,"max_hp_per_floor":[64,64,64,64,64,64,64,64,64,64],"card_choices":[{"not_picked":["Rebound","Ball Lightning"],"picked":"Glacier","floor":1},{"not_picked":["Auto Shields","Stack","Melter"],"picked":"SKIP","floor":1},{"not_picked":["Compile Driver","Streamline"],"picked":"Capacitor","floor":4},{"not_picked":["Heatsinks","Coolheaded"],"picked":"Hologram","floor":4},{"not_picked":["Static Discharge","Conserve Battery"],"picked":"Cold Snap","floor":7}],"player_experience":1640781,"relics_obtained":[{"floor":7,"key":"Bottled Lightning"},{"floor":9,"key":"Question Card"}],"event_choices":[{"damage_healed":0,"gold_gain":75,"player_choice":"Gather Gold","damage_taken":11,"max_hp_gain":0,"max_hp_loss":0,"event_name":"World of Goop","floor":2,"gold_loss":0},{"cards_removed":["Strike_B"],"damage_healed":0,"gold_gain":0,"player_choice":"Forget","damage_taken":0,"max_hp_gain":0,"max_hp_loss":0,"event_name":"Living Wall","floor":3,"gold_loss":0}],"is_beta":true,"boss_relics":[],"items_purged_floors":[],"is_endless":false,"potions_floor_spawned":[1],"killed_by":"Gremlin Nob","ascension_level":20}