{"gold_per_floor":[110,110,122,8,23,52,52,86,158,158,169,185,210,221,221,319,319,338,353,380,380,67,92,106,134,134,150,150,150,164,174,174,269,269,285,299,299,6,24,41,58,84,84,84,95,95,107,137,149,161],"floor_reached":50,"playtime":2474,"items_purged":["Regret","Barrage"],"score":617,"play_id":"e9964774-4224-478e-b599-b3e8a2177fdc","local_time":"25610805023709","is_ascension_mode":true,"campfire_choices":[{"data":"Beam Cell","floor":7.0,"key":"SMITH"},{"data":"Self Repair","floor":10.0,"key":"SMITH"},{"data":"Ball Lightning","floor":15.0,"key":"SMITH"},{"floor":29.0,"key":"REST"},{"data":"Zap","floor":32.0,"key":"SMITH"},{"floor":44.0,"key":"REST"},{"floor":47.0,"key":"REST"},{"data":"Hello World","floor":49.0,"key":"SMITH"}],"neow_cost":"NONE","seed_source_timestamp":0,"circlet_count":0,"master_deck":["Strike_B","Strike_B","Strike_B","Strike_B","Defend_B","Defend_B","Defend_B","Defend_B","Zap+1","Dualcast","Hello World+1","Self Repair+1","Beam Cell+1","Coolheaded","Glacier","Doom and Gloom","Ball Lightning+1","All For One","Core Surge","Sweeping Beam+1","Auto Shields","Ball Lightning+1","Consume+1","Reinforced Body","Genetic Algorithm+1","Blizzard","Barrage+1","Hologram","Electrodynamics","Steam+1","Turbo+1","Genetic Algorithm+1","Undo+1","Chill","Rebound+1","Cold Snap+1","Conserve Battery+1","Normality","Reprogram+1"],"special_seed":0,"relics":["Runic Pyramid","Thread and Needle","Bag of Marbles","Art of War","Bottled Tornado","Potion Belt","Nuclear Battery","Red Mask","Unceasing Top","Ancient Tea Set","Boot","Pear","Sozu","DollysMirror","Smiling Mask","Du-Vu Doll","MawBank"],"potions_floor_usage":[],"damage_taken":[{"damage":12.0,"enemies":"Small Slimes","floor":1.0,"turns":3.0},{"damage":12.0,"enemies":"Jaw Worm","floor":3.0,"turns":4.0},{"damage":1.0,"enemies":"Cultist","floor":5.0,"turns":5.0},{"damage":10.0,"enemies":"3 Sentries","floor":6.0,"turns":7.0},{"damage":12.0,"enemies":"Gremlin Nob","floor":8.0,"turns":4.0},{"damage":3.0,"enemies":"Looter","floor":11.0,"turns":3.0},{"damage":2.0,"enemies":"3 Louse","floor":12.0,"turns":4.0},{"damage":1.0,"enemies":"Lagavulin","floor":13.0,"turns":6.0},{"damage":0.0,"enemies":"Lots of Slimes","floor":14.0,"turns":1.0},{"damage":11.0,"enemies":"The Guardian","floor":16.0,"turns":12.0},{"damage":14.0,"enemies":"3 Byrds","floor":18.0,"turns":4.0},{"damage":10.0,"enemies":"Shell Parasite","floor":19.0,"turns":5.0},{"damage":25.0,"floor":20.0,"turns":5.0},{"damage":19.0,"enemies":"Book of Stabbing","floor":23.0,"turns":5.0},{"damage":12.0,"enemies":"Sentry and Sphere","floor":24.0,"turns":4.0},{"damage":35.0,"enemies":"Slavers","floor":25.0,"turns":4.0},{"damage":14.0,"enemies":"Centurion and Healer","floor":27.0,"turns":8.0},{"damage":3.0,"enemies":"Snake Plant","floor":30.0,"turns":4.0},{"damage":0.0,"enemies":"3 Cultists","floor":31.0,"turns":4.0},{"damage":59.0,"enemies":"Automaton","floor":33.0,"turns":13.0},{"damage":8.0,"enemies":"3 Darklings","floor":35.0,"turns":5.0},{"damage":5.0,"enemies":"Flame Bruiser 1 Orb","floor":36.0,"turns":4.0},{"damage":0.0,"enemies":"3 Darklings","floor":39.0,"turns":5.0},{"damage":23.0,"enemies":"Transient","floor":40.0,"turns":5.0},{"damage":16.0,"enemies":"4 Shapes","floor":41.0,"turns":4.0},{"damage":63.0,"enemies":"Giant Head","floor":42.0,"turns":11.0},{"damage":6.0,"enemies":"Spire Growth","floor":45.0,"turns":4.0},{"damage":0.0,"enemies":"Sphere and 2 Shapes","floor":48.0,"turns":2.0},{"damage":87,"enemies":"Donu and Deca","floor":50,"turns":10}],"seed_played":"-1276282612231099006","potions_obtained":[{"floor":5.0,"key":"Weak Potion"},{"floor":6.0,"key":"Energy Potion"},{"floor":11.0,"key":"SpeedPotion"},{"floor":13.0,"key":"FairyPotion"},{"floor":20.0,"key":"SpeedPotion"},{"floor":24.0,"key":"SteroidPotion"},{"floor":27.0,"key":"GamblersBrew"},{"floor":30.0,"key":"SteroidPotion"},{"floor":31.0,"key":"FocusPotion"}],"is_trial":false,"path_per_floor":["M","?","M","$","M","E","R","E","T","R","M","M","E","M","R","B",null,"M","M","?","?","$","E","M","E","T","M","?","R","M","M","R","B",null,"M","M","?","$","M","M","M","E","T","R","M","?","R","M","R"],"character_chosen":"DEFECT","items_purchased":["Self Repair","Unceasing Top","DollysMirror"],"campfire_rested":3,"item_purchase_floors":[4,22,38],"current_hp_per_floor":[63,63,51,51,57,54,54,49,49,49,56,64,73,73,73,72,75,71,71,56,56,56,47,45,20,30,26,54,79,85,85,85,36,85,85,85,85,85,85,72,66,13,13,38,42,42,67,77,77,0],"gold":161,"neow_bonus":"BOSS_RELIC","is_prod":false,"is_daily":false,"chose_seed":false,"campfire_upgraded":5,"win_rate":0,"timestamp":1533411429,"path_taken":["M","?","M","$","M","E","R","E","T","R","M","M","E","M","R","BOSS","M","M","?","?","$","E","M","E","T","M","?","R","?","M","R","BOSS","M","M","?","$","M","M","M","E","T","R","?","?","R","M","R","BOSS"],"build_version":"2018-08-02","purchased_purges":2,"victory":false,"max_hp_per_floor":[75,75,75,75,75,75,75,75,75,75,75,75,75,75,75,75,75,75,75,75,75,75,75,75,75,85,85,85,85,85,85,85,85,85,85,85,85,85,85,85,85,85,85,85,85,85,85,85,85,85],"card_choices":[{"not_picked":["Turbo","Skim"],"picked":"Barrage","floor":1.0},{"not_picked":["Loop","Steam"],"picked":"Hello World","floor":3.0},{"not_picked":["Tempest","Lockon"],"picked":"Beam Cell","floor":5.0},{"not_picked":["Hologram","Blizzard"],"picked":"Coolheaded","floor":6.0},{"not_picked":["Melter","Coolheaded"],"picked":"Glacier","floor":8.0},{"not_picked":["Darkness","Force Field"],"picked":"Doom and Gloom","floor":11.0},{"not_picked":["Turbo","Stack","Static Discharge"],"picked":"SKIP","floor":12.0},{"not_picked":["Glacier","Storm"],"picked":"Ball Lightning","floor":13.0},{"not_picked":["Barrage","Hologram"],"picked":"All For One","floor":14.0},{"not_picked":["Meteor Strike","Biased Cognition"],"picked":"Core Surge","floor":16.0},{"not_picked":["Hologram","Steam Power"],"picked":"Sweeping Beam+1","floor":18.0},{"not_picked":["Barrage","Self Repair"],"picked":"Auto Shields","floor":19.0},{"not_picked":["Consume","Redo"],"picked":"Ball Lightning+1","floor":20.0},{"not_picked":["Steam Power","Gash"],"picked":"Consume+1","floor":23.0},{"not_picked":["Tempest+1","Force Field"],"picked":"Reinforced Body","floor":24.0},{"not_picked":["Static Discharge","Barrage+1"],"picked":"Genetic Algorithm+1","floor":25.0},{"not_picked":["Undo","Reinforced Body"],"picked":"Blizzard","floor":27.0},{"not_picked":["Lockon+1","Sweeping Beam"],"picked":"Barrage+1","floor":30.0},{"not_picked":["Redo","Darkness"],"picked":"Hologram","floor":31.0},{"not_picked":["Echo Form","Meteor Strike"],"picked":"Electrodynamics","floor":33.0},{"not_picked":["Go for the Eyes","Aggregate+1"],"picked":"Steam+1","floor":35.0},{"not_picked":["Barrage+1","Leap"],"picked":"Turbo+1","floor":36.0},{"not_picked":["Coolheaded+1","Fusion+1"],"picked":"Undo+1","floor":39.0},{"not_picked":["Streamline+1","Lockon"],"picked":"Chill","floor":40.0},{"not_picked":["Conserve Battery","Turbo"],"picked":"Rebound+1","floor":41.0},{"not_picked":["Machine Learning","Compile Driver"],"picked":"Cold Snap+1","floor":42.0},{"not_picked":["Redo","Barrage+1"],"picked":"Conserve Battery+1","floor":45.0},{"not_picked":["Go for the Eyes+1","Compile Driver+1"],"picked":"Reprogram+1","floor":48.0}],"player_experience":198064,"relics_obtained":[{"floor":6.0,"key":"Bag of Marbles"},{"floor":8.0,"key":"Art of War"},{"floor":9.0,"key":"Bottled Tornado"},{"floor":13.0,"key":"Potion Belt"},{"floor":20.0,"key":"Red Mask"},{"floor":23.0,"key":"Ancient Tea Set"},{"floor":25.0,"key":"Boot"},{"floor":26.0,"key":"Pear"},{"floor":42.0,"key":"Smiling Mask"},{"floor":43.0,"key":"Du-Vu Doll"}],"event_choices":[{"event_name":"Big Fish","player_choice":"Box","floor":2.0,"damage_taken":0.0},{"event_name":"Masked Bandits","player_choice":"Fought over 353 gold","floor":20.0,"damage_taken":0.0},{"event_name":"Ghosts","player_choice":"Ignored","floor":21.0,"damage_taken":0.0},{"event_name":"The Library","player_choice":"Heal","floor":28.0,"damage_taken":0.0},{"event_name":"The Lab","player_choice":"Got Potions","floor":37.0,"damage_taken":0.0},{"event_name":"Accursed Blacksmith","player_choice":"Rummage","floor":46.0,"damage_taken":0.0}],"is_beta":false,"boss_relics":[{"not_picked":["Fusion Hammer","Philosopher\u0027s Stone"],"picked":"Nuclear Battery"},{"not_picked":["Empty Cage","Lizard Tail"],"picked":"Sozu"}],"items_purged_floors":[4,38],"is_endless":false,"potions_floor_spawned":[5,6,11,13,20,24,27,30,31,39,40,41,42,48],"killed_by":"Donu and Deca","ascension_level":2}