{"gold_per_floor":[114,125,135,135,85,85,117,42,66,21,31,48,62,75,75,175,175,187,197,197],"floor_reached":20,"playtime":3390,"items_purged":["Strike_B"],"score":178,"play_id":"ba647f30-aa62-4aee-a1a5-4c1548da1f39","local_time":"20181004224032","is_ascension_mode":false,"campfire_choices":[{"data":"Chill","floor":6,"key":"SMITH"},{"data":"Chaos","floor":15,"key":"SMITH"}],"neow_cost":"","seed_source_timestamp":1557858908777167,"circlet_count":0,"master_deck":["Strike_B","Strike_B","Defend_B","Defend_B","Defend_B","Defend_B","Zap","Dualcast","Chill+1","Darkness","Conserve Battery","Leap","Blizzard","Chaos+1","White Noise","Genetic Algorithm","Biased Cognition","Coolheaded"],"relics":["Cracked Core","Bag of Marbles","Oddly Smooth Stone","Lizard Tail"],"potions_floor_usage":[16,16,16],"damage_taken":[{"damage":0,"enemies":"Small Slimes","floor":1,"turns":3},{"damage":0,"enemies":"Cultist","floor":2,"turns":4},{"damage":6,"enemies":"Jaw Worm","floor":3,"turns":2},{"damage":34,"enemies":"3 Sentries","floor":7,"turns":15},{"damage":2,"enemies":"Blue Slaver","floor":11,"turns":8},{"damage":5,"enemies":"Exordium Wildlife","floor":12,"turns":8},{"damage":3,"enemies":"Large Slime","floor":13,"turns":5},{"damage":6,"enemies":"3 Louse","floor":14,"turns":4},{"damage":28,"enemies":"The Guardian","floor":16,"turns":11},{"damage":10,"enemies":"Spheric Guardian","floor":18,"turns":4},{"damage":7,"enemies":"Chosen","floor":19,"turns":5},{"damage":109,"enemies":"Centurion and Healer","floor":20,"turns":20}],"seed_played":"-586535906776246341","potions_obtained":[{"floor":1,"key":"GamblersBrew"},{"floor":7,"key":"Poison Potion"},{"floor":13,"key":"Poison Potion"},{"floor":14,"key":"Regen Potion"},{"floor":16,"key":"Block Potion"},{"floor":19,"key":"Poison Potion"}],"is_trial":false,"path_per_floor":["M","M","M","?","?","R","E","$","T","?","M","M","M","M","R","B",null,"M","M"],"character_chosen":"DEFECT","items_purchased":[],"campfire_rested":0,"item_purchase_floors":[],"current_hp_per_floor":[75,75,69,69,69,69,35,35,35,35,33,28,25,19,19,6,75,65,58,0],"gold":197,"neow_bonus":"","is_prod":false,"is_daily":false,"chose_seed":false,"campfire_upgraded":2,"win_rate":0,"timestamp":1538685632,"path_taken":["M","M","M","?","?","R","E","?","T","?","M","M","M","M","R","BOSS","M","M","M"],"build_version":"2018-09-27","purchased_purges":1,"victory":false,"max_hp_per_floor":[75,75,75,75,75,75,75,75,75,75,75,75,75,75,75,75,75,75,75,75],"card_choices":[{"not_picked":["Reinforced Body","Ball Lightning"],"picked":"Chill","floor":1},{"not_picked":["Barrage","Streamline"],"picked":"Darkness","floor":2},{"not_picked":["Rebound","Lockon"],"picked":"Conserve Battery","floor":3},{"not_picked":["Reinforced Body","Skim"],"picked":"Leap","floor":7},{"not_picked":["Redo","Beam Cell"],"picked":"Blizzard","floor":11},{"not_picked":["Streamline","Doom and Gloom"],"picked":"Chaos","floor":12},{"not_picked":["Multi-Cast","Darkness"],"picked":"White Noise","floor":13},{"not_picked":["Sunder","Sweeping Beam"],"picked":"Genetic Algorithm","floor":14},{"not_picked":["Buffer","Echo Form"],"picked":"Biased Cognition","floor":16},{"not_picked":["Hologram+1","Beam Cell","Lockon"],"picked":"SKIP","floor":18},{"not_picked":["Conserve Battery","Streamline+1"],"picked":"Coolheaded","floor":19}],"player_experience":82123,"relics_obtained":[{"floor":7,"key":"Bag of Marbles"},{"floor":9,"key":"Oddly Smooth Stone"}],"event_choices":[{"event_name":"The Woman in Blue","player_choice":"Bought 0 Potions","floor":4,"damage_taken":0},{"event_name":"The Cleric","player_choice":"Card Removal","floor":5,"damage_taken":0},{"event_name":"World of Goop","player_choice":"Left","floor":10,"damage_taken":0}],"is_beta":false,"boss_relics":[{"not_picked":["Velvet Choker","Calling Bell"],"picked":"Lizard Tail"}],"items_purged_floors":[8],"is_endless":false,"potions_floor_spawned":[1,7,13,14,16,19],"killed_by":"Centurion and Healer","ascension_level":0}