{"gold_per_floor":[161,111,127,33,33,33,50,67,90,90,90,90,22,33,33,128,128],"floor_reached":17,"playtime":349,"items_purged":[],"score":145,"play_id":"2253443f-85a9-4ef6-9c7b-c5f12c61a902","local_time":"20181216133041","is_ascension_mode":false,"campfire_choices":[{"data":"Inflame","floor":6,"key":"SMITH"},{"data":"Corruption","floor":11,"key":"SMITH"},{"data":"Uppercut","floor":15,"key":"SMITH"}],"neow_cost":"NONE","seed_source_timestamp":18366463899046,"circlet_count":0,"master_deck":["Strike_R","Strike_R","Strike_R+1","Strike_R","Defend_R","Defend_R","Defend_R","Defend_R","Bash","Wild Strike","Corruption+1","Pommel Strike","Inflame+1","Twin Strike","Flame Barrier","Uppercut+1","Parasite","Feel No Pain","Pummel","Demon Form"],"relics":["Tiny House"],"potions_floor_usage":[16],"damage_taken":[{"damage":7,"enemies":"2 Louse","floor":1,"turns":3},{"damage":3,"enemies":"Small Slimes","floor":3,"turns":4},{"damage":1,"enemies":"Cultist","floor":7,"turns":3},{"damage":0,"enemies":"3 Louse","floor":8,"turns":3},{"damage":7,"enemies":"Red Slaver","floor":14,"turns":3},{"damage":27,"enemies":"The Guardian","floor":16,"turns":8}],"seed_played":"4980439799698446969","potions_obtained":[{"floor":0,"key":"Fire Potion"},{"floor":3,"key":"LiquidBronze"},{"floor":7,"key":"BloodPotion"},{"floor":16,"key":"SteroidPotion"}],"is_trial":false,"path_per_floor":["M","?","M","$","?","R","M","M","T","?","R","?","$","M","R","B",null],"character_chosen":"IRONCLAD","items_purchased":["Inflame","Twin Strike","Feel No Pain"],"campfire_rested":0,"item_purchase_floors":[4,4,13],"current_hp_per_floor":[78,78,75,75,80,80,79,79,79,90,90,90,90,83,83,56,56],"gold":128,"neow_bonus":"BOSS_RELIC","is_prod":false,"is_daily":false,"chose_seed":false,"campfire_upgraded":3,"win_rate":0,"timestamp":1544995841,"path_taken":["M","?","M","$","?","R","M","M","T","?","R","?","$","?","R","BOSS"],"build_version":"2018-12-13","purchased_purges":0,"victory":false,"max_hp_per_floor":[85,85,85,85,90,90,90,90,90,90,90,90,90,90,90,90,90],"card_choices":[{"not_picked":["Shrug It Off","Flame Barrier"],"picked":"Wild Strike","floor":0},{"not_picked":["Flame Barrier","Clash"],"picked":"Corruption","floor":1},{"not_picked":["True Grit","Thunderclap"],"picked":"Pommel Strike","floor":3},{"not_picked":["Searing Blow","Intimidate"],"picked":"Flame Barrier","floor":7},{"not_picked":["Perfected Strike","Flex"],"picked":"Uppercut","floor":8},{"not_picked":["Carnage","Sever Soul"],"picked":"Pummel","floor":14},{"not_picked":["Dark Embrace","Juggernaut"],"picked":"Demon Form","floor":16}],"player_experience":1829000,"relics_obtained":[],"event_choices":[{"cards_removed":["Strike_R"],"damage_healed":0,"gold_gain":0,"player_choice":"Card Removal","damage_taken":0,"max_hp_gain":0,"max_hp_loss":0,"event_name":"The Cleric","floor":2,"gold_loss":50},{"damage_healed":0,"gold_gain":0,"player_choice":"Donut","damage_taken":0,"max_hp_gain":5,"max_hp_loss":0,"event_name":"Big Fish","floor":5,"gold_loss":0},{"damage_healed":22,"gold_gain":0,"player_choice":"Healed and dodged fight","damage_taken":0,"max_hp_gain":0,"max_hp_loss":0,"event_name":"Mushrooms","floor":10,"gold_loss":0,"cards_obtained":["Parasite"]},{"damage_healed":0,"gold_gain":0,"player_choice":"Ignored","damage_taken":0,"max_hp_gain":0,"max_hp_loss":0,"event_name":"WeMeetAgain","floor":12,"gold_loss":0}],"is_beta":false,"boss_relics":[],"items_purged_floors":[],"is_endless":false,"potions_floor_spawned":[3,7,14,16],"ascension_level":0}