{"gold_per_floor":[109,124,124,144,144,175,175,193,193,210,222,222,256,273,273,371,371,357,370,370,382,382],"floor_reached":22,"playtime":1309,"items_purged":[],"score":290,"play_id":"2bea4dc0-f376-49ed-a2c6-d2e50af86fc6","local_time":"20190102042953","is_ascension_mode":true,"campfire_choices":[{"floor":7.0,"key":"REST"},{"floor":12,"key":"REST"},{"floor":15,"key":"REST"}],"neow_cost":"NONE","seed_source_timestamp":38834451305039,"circlet_count":0,"master_deck":["Defend_G","Defend_G","Defend_G","Defend_G","Defend_G","Strike_G","Strike_G","Strike_G","Strike_G","Strike_G","Survivor","Neutralize","Deadly Poison","Noxious Fumes","Caltrops","Die Die Die","PiercingWail","Footwork","Skewer","Bullet Time","Bane","A Thousand Cuts","Bouncing Flask","Poisoned Stab"],"special_seed":0,"relics":["Sozu","Happy Flower","Bottled Tornado","Torii","Lizard Tail"],"potions_floor_usage":[],"damage_taken":[{"damage":5.0,"enemies":"Cultist","floor":1.0,"turns":5.0},{"damage":0.0,"enemies":"2 Louse","floor":2.0,"turns":3.0},{"damage":6.0,"enemies":"Jaw Worm","floor":4.0,"turns":4.0},{"damage":27.0,"enemies":"3 Sentries","floor":6.0,"turns":7.0},{"damage":11.0,"enemies":"Looter","floor":8.0,"turns":3.0},{"damage":2.0,"enemies":"2 Fungi Beasts","floor":10.0,"turns":3.0},{"damage":5,"enemies":"Large Slime","floor":11,"turns":6},{"damage":35,"enemies":"Gremlin Nob","floor":13,"turns":5},{"damage":2,"enemies":"Blue Slaver","floor":14,"turns":3},{"damage":3,"enemies":"The Guardian","floor":16,"turns":10},{"damage":8,"enemies":"2 Thieves","floor":18,"turns":4},{"damage":6,"enemies":"3 Byrds","floor":19,"turns":5},{"damage":54,"enemies":"Shelled Parasite and Fungi","floor":21,"turns":5},{"damage":27,"enemies":"Snake Plant","floor":22,"turns":2}],"seed_played":"-4810005591399857783","potions_obtained":[],"is_trial":false,"path_per_floor":["M","M","?","M","$","E","R","M","T","M","M","R","E","M","R","B",null,"M","M","?","M","M"],"character_chosen":"THE_SILENT","items_purchased":[],"campfire_rested":3,"item_purchase_floors":[],"current_hp_per_floor":[58,58,58,52,52,25,46,35,35,33,28,49,14,12,33,30,60,52,46,39,27,0],"gold":382,"neow_bonus":"BOSS_RELIC","is_prod":false,"is_daily":false,"chose_seed":false,"campfire_upgraded":0,"win_rate":0,"timestamp":1546399793,"path_taken":["M","M","?","M","$","E","R","M","T","?","?","R","E","M","R","BOSS","M","M","?","M","M"],"build_version":"2019-01-01","purchased_purges":0,"victory":false,"max_hp_per_floor":[70,70,70,70,70,70,70,70,70,70,70,70,70,70,70,70,70,70,70,70,70,70],"card_choices":[{"not_picked":["Backflip","Underhanded Strike"],"picked":"Deadly Poison","floor":1.0},{"not_picked":["Tactician","Footwork"],"picked":"Noxious Fumes","floor":2.0},{"not_picked":["Backflip","Dagger Throw"],"picked":"Caltrops","floor":4.0},{"not_picked":["Poisoned Stab","PiercingWail"],"picked":"Die Die Die","floor":6.0},{"not_picked":["Dagger Spray","Heel Hook"],"picked":"PiercingWail","floor":8.0},{"not_picked":["Riddle With Holes","Bouncing Flask"],"picked":"Footwork","floor":10.0},{"not_picked":["Terror","Flying Knee"],"picked":"Skewer","floor":11},{"not_picked":["Underhanded Strike","Terror"],"picked":"Bullet Time","floor":13},{"not_picked":["Sucker Punch","Flying Knee"],"picked":"Bane","floor":14},{"not_picked":["Venomology","Wraith Form v2"],"picked":"A Thousand Cuts","floor":16},{"not_picked":["Escape Plan","Slice"],"picked":"Bouncing Flask","floor":18},{"not_picked":["Slice","Quick Slash"],"picked":"Poisoned Stab","floor":19},{"not_picked":["Outmaneuver","Dagger Spray","Masterful Stab+1"],"picked":"SKIP","floor":21}],"player_experience":352407,"relics_obtained":[{"floor":6.0,"key":"Happy Flower"},{"floor":9.0,"key":"Bottled Tornado"},{"floor":13,"key":"Torii"}],"event_choices":[{"damage_healed":0.0,"max_hp_gain":0.0,"max_hp_loss":0.0,"gold_gain":0.0,"event_name":"Lab","player_choice":"Got Potions","floor":3.0,"gold_loss":0.0,"damage_taken":0.0},{"damage_healed":0,"gold_gain":0,"player_choice":"","damage_taken":7,"max_hp_gain":0,"max_hp_loss":0,"event_name":"Knowing Skull","floor":20,"potions_obtained":[],"gold_loss":0,"cards_obtained":[]}],"is_beta":true,"boss_relics":[{"not_picked":["Runic Dome","Philosopher\u0027s Stone"],"picked":"Lizard Tail"}],"items_purged_floors":[],"is_endless":false,"potions_floor_spawned":[4,6,11,13,14,18,19],"killed_by":"Snake Plant","ascension_level":9}