{"gold_per_floor":[110,110,110,285,296,296,325,325,325,9,84,7,18,30,30,126,126,144,144,155,78,78,78,98,98,98,121,139,139,170,190,190,293,293,312,328,328,345,150,150,161,161,215,215,31,46,46,64,64,64],"floor_reached":51,"playtime":3440,"items_purged":["Doubt"],"score":715,"play_id":"6be19856-a405-4959-b6c1-651492eb7017","local_time":"20190115042555","is_ascension_mode":false,"campfire_choices":[{"data":"Zap","floor":6.0,"key":"SMITH"},{"floor":8.0,"key":"REST"},{"data":"Dualcast","floor":15.0,"key":"SMITH"},{"data":"Go for the Eyes","floor":23.0,"key":"SMITH"},{"data":"Leap","floor":25.0,"key":"SMITH"},{"floor":29.0,"key":"REST"},{"floor":32.0,"key":"REST"},{"data":"Streamline","floor":40.0,"key":"SMITH"},{"floor":47.0,"key":"REST"},{"data":"Gash","floor":49,"key":"SMITH"}],"neow_cost":"NONE","seed_source_timestamp":0,"circlet_count":0,"master_deck":["Strike_B+1","Strike_B","Strike_B","Defend_B","Defend_B","Defend_B","Defend_B","Zap+1","Dualcast+1","Leap+1","Cold Snap","Hologram+1","Gash+1","Beam Cell","Ball Lightning","Conserve Battery+1","Gash+1","Hologram+1","Go for the Eyes+1","Hologram+1","Streamline+1","Stack+1","Go for the Eyes+1","Redo+1","Coolheaded+1","Redo+1","Conserve Battery+1","Coolheaded+1","Hologram+1"],"special_seed":0,"relics":["Cracked Core","Emotion Chip","Potion Belt","Gremlin Horn","Toxic Egg 2","Nuclear Battery","Nilry\u0027s Codex","Blue Candle","Whetstone","Pen Nib","Regal Pillow","Runic Pyramid","Runic Capacitor","Vajra","Strawberry"],"potions_floor_usage":[50,50,50],"damage_taken":[{"damage":7.0,"enemies":"Jaw Worm","floor":1.0,"turns":4.0},{"damage":0.0,"enemies":"Small Slimes","floor":5.0,"turns":2.0},{"damage":33.0,"enemies":"Gremlin Nob","floor":7.0,"turns":5.0},{"damage":1.0,"enemies":"2 Louse","floor":13.0,"turns":2.0},{"damage":0.0,"enemies":"Looter","floor":14.0,"turns":2.0},{"damage":26.0,"enemies":"The Guardian","floor":16.0,"turns":14.0},{"damage":11.0,"enemies":"Spheric Guardian","floor":18.0,"turns":4.0},{"damage":1.0,"enemies":"Shell Parasite","floor":20.0,"turns":4.0},{"damage":10.0,"enemies":"Chosen and Byrds","floor":24.0,"turns":6.0},{"damage":9.0,"enemies":"Centurion and Healer","floor":28.0,"turns":4.0},{"damage":23.0,"enemies":"Gremlin Leader","floor":30.0,"turns":5.0},{"damage":1.0,"enemies":"3 Cultists","floor":31.0,"turns":5.0},{"damage":60.0,"enemies":"Automaton","floor":33.0,"turns":13.0},{"damage":24.0,"enemies":"3 Darklings","floor":35.0,"turns":7.0},{"damage":1.0,"enemies":"3 Shapes","floor":36.0,"turns":5.0},{"damage":0.0,"enemies":"Maw","floor":38.0,"turns":8.0},{"damage":0.0,"enemies":"4 Shapes","floor":41.0,"turns":7.0},{"damage":9.0,"enemies":"Jaw Worm Horde","floor":46.0,"turns":4.0},{"damage":9,"enemies":"Writhing Mass","floor":48,"turns":7},{"damage":53,"enemies":"Time Eater","floor":50,"turns":12}],"seed_played":"-1642694784854362995","potions_obtained":[{"floor":7.0,"key":"EssenceOfSteel"},{"floor":16.0,"key":"Fire Potion"},{"floor":20.0,"key":"Weak Potion"},{"floor":24.0,"key":"SteroidPotion"},{"floor":28.0,"key":"Regen Potion"},{"floor":30.0,"key":"AttackPotion"},{"floor":38.0,"key":"Strength Potion"}],"is_trial":false,"path_per_floor":["M","?","?","?","M","R","E","R","T","$","?","$","M","M","R","B",null,"M","?","M","$","?","R","M","R","T","T","M","R","E","M","R","B",null,"M","M","?","M","$","R","M","?","T","?","$","M","R","M","R","B",null],"character_chosen":"DEFECT","items_purchased":["Toxic Egg 2","Hologram+1","Gash","Hologram+1","Go for the Eyes","Runic Capacitor","Strawberry","Conserve Battery+1"],"campfire_rested":4,"item_purchase_floors":[10,12,12,21,21,39,45,45],"current_hp_per_floor":[75,68,68,68,68,68,35,59,59,59,48,48,47,47,47,21,82,71,55,54,54,54,54,44,44,44,44,35,59,48,47,82,22,82,58,57,57,57,57,57,57,57,57,57,64,55,89,80,80,27],"gold":64,"neow_bonus":"TEN_PERCENT_HP_BONUS","is_prod":false,"is_daily":false,"chose_seed":false,"campfire_upgraded":6,"win_rate":0,"timestamp":1547522755,"path_taken":["M","?","?","?","M","R","E","R","T","$","?","?","M","M","R","BOSS","M","?","M","$","?","R","M","R","T","?","M","R","E","M","R","BOSS","M","M","?","?","?","R","M","?","T","?","$","?","R","M","R","BOSS"],"build_version":"2019-01-10","purchased_purges":1,"victory":true,"max_hp_per_floor":[82,82,82,82,82,82,82,82,82,82,82,82,82,82,82,82,82,82,82,82,82,82,82,82,82,82,82,82,82,82,82,82,82,82,82,82,82,82,82,82,82,82,82,82,89,89,89,89,89,89],"card_choices":[{"not_picked":["Double Energy","Rebound"],"picked":"Leap","floor":1.0},{"not_picked":["Stack","Capacitor"],"picked":"Coolheaded","floor":5.0},{"not_picked":["Rip and Tear","Fission"],"picked":"Cold Snap","floor":7.0},{"not_picked":["Defragment","Genetic Algorithm+1"],"picked":"Beam Cell","floor":13.0},{"not_picked":["Coolheaded+1","Beam Cell"],"picked":"Ball Lightning","floor":14.0},{"not_picked":["Auto Shields+1","Ball Lightning"],"picked":"Conserve Battery+1","floor":18.0},{"not_picked":["Self Repair","Cold Snap"],"picked":"Gash","floor":20.0},{"not_picked":["Defragment","Coolheaded+1"],"picked":"Hologram+1","floor":24.0},{"not_picked":["Compile Driver","Ball Lightning"],"picked":"Streamline","floor":28.0},{"not_picked":["Doom and Gloom","BootSequence+1"],"picked":"Stack+1","floor":30.0},{"not_picked":["Turbo+1","Barrage","Streamline"],"picked":"SKIP","floor":31.0},{"not_picked":["Coolheaded+1","Cold Snap+1"],"picked":"Go for the Eyes+1","floor":35.0},{"not_picked":["BootSequence+1","Skim+1"],"picked":"Redo+1","floor":36.0},{"not_picked":["Meteor Strike","Auto Shields+1"],"picked":"Coolheaded+1","floor":38.0},{"not_picked":["Ball Lightning","Stack+1"],"picked":"Redo+1","floor":41.0},{"not_picked":["Sweeping Beam","Go for the Eyes"],"picked":"Coolheaded+1","floor":46.0},{"not_picked":["Tempest+1","Aggregate+1"],"picked":"Hologram+1","floor":48}],"player_experience":468079,"relics_obtained":[{"floor":7.0,"key":"Potion Belt"},{"floor":9.0,"key":"Gremlin Horn"},{"floor":19.0,"key":"Nilry\u0027s Codex"},{"floor":26.0,"key":"Whetstone"},{"floor":27.0,"key":"Pen Nib"},{"floor":30.0,"key":"Regal Pillow"},{"floor":43.0,"key":"Vajra"}],"event_choices":[{"cards_removed":["Strike_B"],"damage_healed":0.0,"max_hp_gain":0.0,"max_hp_loss":0.0,"gold_gain":0.0,"event_name":"Golden Wing","player_choice":"Card Removal","floor":2.0,"gold_loss":0.0,"damage_taken":7.0},{"damage_healed":0.0,"max_hp_gain":0.0,"max_hp_loss":0.0,"gold_gain":0.0,"event_name":"Big Fish","player_choice":"Box","floor":3.0,"gold_loss":0.0,"damage_taken":0.0,"relics_obtained":["Emotion Chip"],"cards_obtained":["Regret"]},{"damage_healed":0.0,"max_hp_gain":0.0,"max_hp_loss":0.0,"gold_gain":175.0,"event_name":"Liars Game","player_choice":"AGREE","floor":4.0,"gold_loss":0.0,"damage_taken":0.0,"cards_obtained":["Doubt"]},{"damage_healed":0.0,"max_hp_gain":0.0,"max_hp_loss":0.0,"gold_gain":75.0,"event_name":"World of Goop","player_choice":"Gather Gold","floor":11.0,"gold_loss":0.0,"damage_taken":11.0},{"damage_healed":0.0,"max_hp_gain":0.0,"max_hp_loss":0.0,"gold_gain":0.0,"event_name":"Cursed Tome","player_choice":"Obtained Book","floor":19.0,"gold_loss":0.0,"damage_taken":16.0},{"damage_healed":0.0,"max_hp_gain":0.0,"max_hp_loss":0.0,"gold_gain":0.0,"event_name":"The Mausoleum","player_choice":"Opened","floor":22.0,"gold_loss":0.0,"damage_taken":0.0,"relics_obtained":["Blue Candle"]},{"cards_removed":["Regret"],"damage_healed":0.0,"max_hp_gain":0.0,"max_hp_loss":0.0,"gold_gain":0.0,"event_name":"Purifier","player_choice":"Purged","floor":37.0,"gold_loss":0.0,"damage_taken":0.0},{"cards_removed":["Coolheaded"],"damage_healed":0.0,"max_hp_gain":0.0,"max_hp_loss":0.0,"gold_gain":0.0,"event_name":"Falling","player_choice":"Removed Skill","floor":42.0,"gold_loss":0.0,"damage_taken":0.0},{"damage_healed":0.0,"max_hp_gain":0.0,"max_hp_loss":0.0,"gold_gain":0.0,"event_name":"Match and Keep!","player_choice":"0 cards matched","floor":44.0,"gold_loss":0.0,"damage_taken":0.0,"cards_obtained":[]}],"is_beta":false,"boss_relics":[{"not_picked":["Black Star","Calling Bell"],"picked":"Nuclear Battery"},{"not_picked":["Lizard Tail","Fusion Hammer"],"picked":"Runic Pyramid"}],"items_purged_floors":[10],"is_endless":false,"potions_floor_spawned":[7,16,20,24,28,30,38],"ascension_level":0}