{"gold_per_floor":[113,130,130,148,223,251,262,297,297,316,331,363,363,38,38,111,111,130,142,57,77,77,103,120,147,174,224,235,263,263,281,281,360,360,375,70,116,126,146,172,185,220,245,245,245,274,76,91,91,91,91],"floor_reached":52,"playtime":2009,"items_purged":[],"score":2448,"play_id":"18c1239a-8b89-4165-bb77-1cc3b8cfe839","local_time":"20181019123419","daily_mods":["SealedDeck"],"is_ascension_mode":true,"campfire_choices":[{"data":"Beam Cell","floor":13.0,"key":"SMITH"},{"data":"Self Repair","floor":15.0,"key":"SMITH"},{"data":"Biased Cognition","floor":30.0,"key":"SMITH"},{"data":"Barrage","floor":32.0,"key":"SMITH"},{"data":"Seek","floor":44,"key":"SMITH"},{"data":"FTL","floor":49,"key":"SMITH"}],"neow_cost":"","seed_source_timestamp":0,"circlet_count":0,"master_deck":["AscendersBane","Self Repair+1","Cold Snap","Steam+1","Barrage+1","Ball Lightning+1","Go for the Eyes+1","Beam Cell+1","Cold Snap","Compile Driver","Genetic Algorithm","Ball Lightning+1","Biased Cognition+1","Hologram+1","Compile Driver+1","Seek+1","Chill+1","Parasite","FTL+1"],"special_seed":0,"relics":["Cracked Core","Pear","Bag of Marbles","Strawberry","Blue Candle","Lantern","Orichalcum","Coffee Dripper","Happy Flower","Mummified Hand","Oddly Smooth Stone","DataDisk","Whetstone","Eternal Feather","Runic Capacitor","Pocketwatch","Bag of Preparation","Centennial Puzzle","Art of War","Question Card","Vajra"],"potions_floor_usage":[51,51],"damage_taken":[{"damage":0.0,"enemies":"2 Louse","floor":1.0,"turns":2.0},{"damage":5.0,"enemies":"Small Slimes","floor":2.0,"turns":2.0},{"damage":0.0,"enemies":"Cultist","floor":4.0,"turns":3.0},{"damage":0.0,"enemies":"Lagavulin","floor":6.0,"turns":5.0},{"damage":13.0,"enemies":"Gremlin Gang","floor":7.0,"turns":3.0},{"damage":0.0,"enemies":"Gremlin Nob","floor":8.0,"turns":3.0},{"damage":0.0,"enemies":"Blue Slaver","floor":10.0,"turns":2.0},{"damage":3.0,"enemies":"Exordium Wildlife","floor":11.0,"turns":3.0},{"damage":3.0,"enemies":"Lagavulin","floor":12.0,"turns":4.0},{"damage":30.0,"enemies":"The Guardian","floor":16.0,"turns":7.0},{"damage":5.0,"enemies":"2 Thieves","floor":18.0,"turns":3.0},{"damage":6.0,"enemies":"Shell Parasite","floor":19.0,"turns":3.0},{"damage":15.0,"enemies":"Snake Plant","floor":21.0,"turns":3.0},{"damage":37.0,"enemies":"Slavers","floor":23.0,"turns":5.0},{"damage":5.0,"enemies":"3 Cultists","floor":24.0,"turns":4.0},{"damage":15.0,"enemies":"Book of Stabbing","floor":25.0,"turns":3.0},{"damage":0.0,"enemies":"Sentry and Sphere","floor":28.0,"turns":3.0},{"damage":11.0,"enemies":"Slavers","floor":29.0,"turns":4.0},{"damage":14.0,"enemies":"Centurion and Healer","floor":31.0,"turns":2.0},{"damage":0.0,"enemies":"Collector","floor":33.0,"turns":5.0},{"damage":8,"enemies":"3 Darklings","floor":35,"turns":4},{"damage":2,"enemies":"2 Orb Walkers","floor":37,"turns":3},{"damage":0,"enemies":"Orb Walker","floor":38,"turns":2},{"damage":0,"enemies":"Writhing Mass","floor":39,"turns":6},{"damage":1,"enemies":"Nemesis","floor":40,"turns":5},{"damage":1,"enemies":"Maw","floor":41,"turns":4},{"damage":0,"enemies":"Giant Head","floor":42,"turns":5},{"damage":1,"enemies":"Nemesis","floor":46,"turns":3},{"damage":1,"enemies":"Jaw Worm Horde","floor":48,"turns":2},{"damage":17,"enemies":"Awakened One","floor":50,"turns":8},{"damage":1,"enemies":"Donu and Deca","floor":51,"turns":7}],"seed_played":"7707838067603052125","potions_obtained":[{"floor":1.0,"key":"Poison Potion"},{"floor":2.0,"key":"PowerPotion"},{"floor":7.0,"key":"Explosive Potion"},{"floor":8.0,"key":"FocusPotion"},{"floor":16.0,"key":"FearPotion"},{"floor":23.0,"key":"FocusPotion"},{"floor":25.0,"key":"Poison Potion"},{"floor":35,"key":"FearPotion"},{"floor":48,"key":"PowerPotion"}],"is_trial":true,"path_per_floor":["M","M","?","M","?","E","M","E","T","M","M","E","R","$","R","B",null,"M","M","?","M","?","E","M","E","T","?","M","E","R","M","R","B",null,"M","$","?","M","M","E","M","E","T","R","?","E","$","M","R","B","B"],"character_chosen":"DEFECT","items_purchased":["Lantern","Orichalcum","Runic Capacitor","Regen Potion","Vajra","FTL"],"campfire_rested":0,"item_purchase_floors":[14,14,36,36,47,47],"current_hp_per_floor":[71,71,50,57,46,63,57,64,71,78,82,86,86,86,86,66,83,88,88,88,83,88,61,66,61,61,61,71,70,70,66,66,76,85,87,87,88,88,88,88,88,88,88,88,88,88,88,88,88,81,88],"gold":91,"neow_bonus":"","is_prod":false,"is_daily":false,"chose_seed":false,"campfire_upgraded":6,"win_rate":0,"timestamp":1539977659,"path_taken":["M","M","?","M","?","E","?","E","T","M","M","E","R","$","R","BOSS","M","M","?","M","?","E","?","E","T","?","M","E","R","M","R","BOSS","BOSS","M","$","?","M","M","E","M","E","T","R","?","E","$","M","R","BOSS","BOSS"],"build_version":"2018-10-18","purchased_purges":0,"victory":true,"max_hp_per_floor":[71,71,71,71,71,81,81,81,88,88,88,88,88,88,88,88,88,88,88,88,88,88,88,88,88,88,88,88,88,88,88,88,88,88,88,88,88,88,88,88,88,88,88,88,88,88,88,88,88,88,88],"card_choices":[{"not_picked":["Rebound","Beam Cell"],"picked":"Genetic Algorithm","floor":1.0},{"not_picked":["Gash","Streamline","Conserve Battery"],"picked":"SKIP","floor":2.0},{"not_picked":["Heatsinks","Rainbow","Sweeping Beam"],"picked":"SKIP","floor":4.0},{"not_picked":["Conserve Battery","Redo","Go for the Eyes"],"picked":"SKIP","floor":6.0},{"not_picked":["Blizzard","Static Discharge","Coolheaded"],"picked":"SKIP","floor":7.0},{"not_picked":["Rebound","Lockon","Darkness"],"picked":"SKIP","floor":8.0},{"not_picked":["Sweeping Beam","Steam","Barrage"],"picked":"SKIP","floor":10.0},{"not_picked":["Gash","Sweeping Beam"],"picked":"Ball Lightning","floor":11.0},{"not_picked":["Turbo","Heatsinks","Gash"],"picked":"SKIP","floor":12.0},{"not_picked":["Rainbow","Echo Form"],"picked":"Biased Cognition","floor":16.0},{"not_picked":["White Noise","Beam Cell","Cold Snap"],"picked":"SKIP","floor":18.0},{"not_picked":["Sunder","Cold Snap","Leap"],"picked":"SKIP","floor":19.0},{"not_picked":["Steam","Barrage","Streamline"],"picked":"SKIP","floor":21.0},{"not_picked":["Hologram","Fusion","Gash"],"picked":"SKIP","floor":23.0},{"not_picked":["Ball Lightning","Turbo","Hologram"],"picked":"SKIP","floor":24.0},{"not_picked":["Reprogram","Tempest"],"picked":"Hologram+1","floor":25.0},{"not_picked":["Go for the Eyes","Seek"],"picked":"Compile Driver+1","floor":28.0},{"not_picked":["Tempest","Steam","Force Field"],"picked":"SKIP","floor":29.0},{"not_picked":["Hologram","Steam","Auto Shields"],"picked":"SKIP","floor":31.0},{"not_picked":["Buffer","Creative AI"],"picked":"Seek","floor":33},{"not_picked":["Defragment+1","Ball Lightning","Barrage"],"picked":"SKIP","floor":35},{"not_picked":["Gash","Barrage+1"],"picked":"Chill+1","floor":37},{"not_picked":["Blizzard","Streamline","Chill"],"picked":"SKIP","floor":38},{"not_picked":["Fusion","Beam Cell","Genetic Algorithm"],"picked":"SKIP","floor":39},{"not_picked":["Static Discharge+1","Aggregate+1","Steam+1"],"picked":"SKIP","floor":40},{"not_picked":["Ball Lightning","Lockon+1","Turbo+1"],"picked":"SKIP","floor":41},{"not_picked":["Creative AI","Go for the Eyes","Leap"],"picked":"SKIP","floor":42},{"not_picked":["Steam","Genetic Algorithm+1","Conserve Battery"],"picked":"SKIP","floor":46},{"not_picked":["Leap","Reprogram","Hologram","Redo"],"picked":"SKIP","floor":48}],"player_experience":1396722,"relics_obtained":[{"floor":6.0,"key":"Pear"},{"floor":8.0,"key":"Bag of Marbles"},{"floor":9.0,"key":"Strawberry"},{"floor":12.0,"key":"Blue Candle"},{"floor":23.0,"key":"Mummified Hand"},{"floor":25.0,"key":"Oddly Smooth Stone"},{"floor":26.0,"key":"DataDisk"},{"floor":29.0,"key":"Whetstone"},{"floor":37,"key":"Pocketwatch"},{"floor":40,"key":"Bag of Preparation"},{"floor":42,"key":"Centennial Puzzle"},{"floor":43,"key":"Art of War"},{"floor":46,"key":"Question Card"}],"event_choices":[{"damage_healed":0.0,"max_hp_gain":0.0,"max_hp_loss":0.0,"gold_gain":0.0,"event_name":"Shining Light","player_choice":"Entered Light","floor":3.0,"gold_loss":0.0,"damage_taken":21.0,"cards_upgraded":["Steam","Go for the Eyes"]},{"damage_healed":0.0,"max_hp_gain":0.0,"max_hp_loss":0.0,"gold_gain":75.0,"event_name":"World of Goop","player_choice":"Gather Gold","floor":5.0,"gold_loss":0.0,"damage_taken":11.0},{"damage_healed":0.0,"max_hp_gain":0.0,"max_hp_loss":0.0,"gold_gain":0.0,"event_name":"Addict","player_choice":"Obtained Relic","floor":20.0,"gold_loss":85.0,"damage_taken":0.0,"relics_obtained":["Happy Flower"]},{"cards_removed":["Conserve Battery"],"damage_healed":5.0,"max_hp_gain":0.0,"max_hp_loss":0.0,"gold_gain":0.0,"event_name":"Bonfire Elementals","player_choice":"Offered Common","floor":22.0,"gold_loss":0.0,"damage_taken":0.0},{"cards_removed":["Conserve Battery"],"damage_healed":5.0,"max_hp_gain":0.0,"max_hp_loss":0.0,"gold_gain":0.0,"event_name":"Bonfire Elementals","player_choice":"Offered Special","floor":22.0,"gold_loss":0.0,"damage_taken":0.0},{"damage_healed":0.0,"max_hp_gain":0.0,"max_hp_loss":0.0,"gold_gain":50.0,"event_name":"Nest","player_choice":"Stole From Cult","floor":27.0,"gold_loss":0.0,"damage_taken":0.0},{"damage_healed":0,"gold_gain":0,"player_choice":"Fight","damage_taken":0,"max_hp_gain":0,"max_hp_loss":0,"event_name":"Mysterious Sphere","floor":37,"gold_loss":0},{"damage_healed":0,"gold_gain":0,"player_choice":"Ignored","damage_taken":0,"max_hp_gain":0,"max_hp_loss":0,"event_name":"Tomb of Lord Red Mask","floor":45,"gold_loss":0}],"is_beta":false,"boss_relics":[{"not_picked":["Runic Pyramid","Philosopher\u0027s Stone"],"picked":"Coffee Dripper"},{"not_picked":["Pandora\u0027s Box","Snecko Eye"],"picked":"Eternal Feather"}],"items_purged_floors":[],"is_endless":false,"potions_floor_spawned":[1,2,7,8,16,21,23,25,35,37,38,48],"ascension_level":20}