{"gold_per_floor":[211,227,241,241,211,211,238,238,268,285,296,346,346,98,98,174,174,191,203,253,37,37,37,63,63,114,141,174,188,188,213,213,285,285,302,302,318,370,370,370,97,132,132,178,158,193,210,243,243,243],"floor_reached":51,"playtime":2693,"items_purged":["Strike_G","Strike_G","Strike_G"],"score":1611,"play_id":"6aee710f-91ed-48f0-aca7-742d95cdc04e","local_time":"20190105175854","is_ascension_mode":true,"campfire_choices":[{"data":"Neutralize","floor":6.0,"key":"SMITH"},{"data":"Caltrops","floor":8.0,"key":"SMITH"},{"data":"Footwork","floor":15.0,"key":"SMITH"},{"data":"Calculated Gamble","floor":23.0,"key":"SMITH"},{"data":"Footwork","floor":25.0,"key":"SMITH"},{"data":"Deadly Poison","floor":30,"key":"SMITH"},{"data":"Deadly Poison","floor":32,"key":"SMITH"},{"data":"Burst","floor":40,"key":"SMITH"},{"data":"Well Laid Plans","floor":49,"key":"SMITH"}],"neow_cost":"NONE","seed_source_timestamp":33345497678440,"circlet_count":0,"master_deck":["AscendersBane","Defend_G","Defend_G","Defend_G+1","Defend_G+1","Defend_G","Strike_G","Strike_G","Survivor","Neutralize+1","Deadly Poison+1","Dagger Spray","PiercingWail","Deadly Poison+1","Caltrops+1","Escape Plan","Footwork+1","After Image","Backflip","Footwork+1","Dash","Calculated Gamble+1","Well Laid Plans+1","Dodge and Roll+1","PiercingWail","Cloak And Dagger","Burst+1","Backflip","Leg Sweep","Deadly Poison","Infinite Blades","Adrenaline","Master of Strategy","Acrobatics"],"special_seed":0,"relics":["Ring of the Snake","Ninja Scroll","Tiny Chest","PreservedInsect","Gremlin Horn","Membership Card","Coffee Dripper","Bronze Scales","Mummified Hand","Orichalcum","Bag of Preparation","Ancient Tea Set","Red Mask","WristBlade","Blue Candle","Torii","Vajra","Darkstone Periapt","Strawberry","War Paint","Potion Belt"],"potions_floor_usage":[28,38,50],"damage_taken":[{"damage":1.0,"enemies":"Small Slimes","floor":1.0,"turns":4.0},{"damage":2.0,"enemies":"Jaw Worm","floor":2.0,"turns":5.0},{"damage":0.0,"enemies":"2 Louse","floor":3.0,"turns":2.0},{"damage":1.0,"enemies":"Looter","floor":5.0,"turns":4.0},{"damage":12.0,"enemies":"3 Sentries","floor":7.0,"turns":9.0},{"damage":1.0,"enemies":"Blue Slaver","floor":10.0,"turns":4.0},{"damage":0.0,"enemies":"3 Louse","floor":11.0,"turns":2.0},{"damage":7.0,"enemies":"The Guardian","floor":16.0,"turns":10.0},{"damage":2.0,"enemies":"Chosen","floor":18.0,"turns":6.0},{"damage":4.0,"enemies":"Shell Parasite","floor":19.0,"turns":7.0},{"damage":0.0,"enemies":"Book of Stabbing","floor":24.0,"turns":4.0},{"damage":0,"enemies":"Slavers","floor":28,"turns":3},{"damage":0,"enemies":"Cultist and Chosen","floor":29,"turns":6},{"damage":0,"enemies":"Masked Bandits","floor":31,"turns":6},{"damage":0,"enemies":"Automaton","floor":33,"turns":13},{"damage":0,"enemies":"Orb Walker","floor":35,"turns":3},{"damage":0,"enemies":"3 Shapes","floor":37,"turns":6},{"damage":1,"enemies":"2 Orb Walkers","floor":38,"turns":6},{"damage":0,"enemies":"Giant Head","floor":42,"turns":7},{"damage":0,"enemies":"Nemesis","floor":46,"turns":7},{"damage":0,"enemies":"Transient","floor":47,"turns":5},{"damage":0,"enemies":"Reptomancer","floor":48,"turns":6},{"damage":17,"enemies":"Time Eater","floor":50,"turns":14}],"seed_played":"-3093985026158062175","potions_obtained":[{"floor":1.0,"key":"FearPotion"},{"floor":3.0,"key":"Dexterity Potion"},{"floor":7.0,"key":"Weak Potion"},{"floor":11.0,"key":"EssenceOfSteel"},{"floor":18.0,"key":"SteroidPotion"},{"floor":28,"key":"Weak Potion"},{"floor":29,"key":"GamblersBrew"},{"floor":37,"key":"Strength Potion"},{"floor":38,"key":"Energy Potion"},{"floor":48,"key":"GamblersBrew"}],"is_trial":false,"path_per_floor":["M","M","M","?","M","R","E","R","T","M","M","T","T","$","R","B",null,"M","M","?","$","?","R","E","R","T","T","E","M","R","?","R","B",null,"M","?","M","?","?","R","$","E","T","T","?","E","M","E","R","B",null],"character_chosen":"THE_SILENT","items_purchased":["Membership Card","Footwork","Footwork","Bronze Scales","Dash","Calculated Gamble","Infinite Blades","Adrenaline","Master of Strategy"],"campfire_rested":0,"item_purchase_floors":[14,14,21,21,21,21,41,41,41],"current_hp_per_floor":[58,56,56,56,55,55,43,43,43,42,42,42,42,42,42,35,58,56,52,52,52,52,52,52,52,52,52,52,52,52,52,52,52,63,63,63,63,62,62,62,62,62,62,69,69,69,69,69,69,52],"gold":243,"neow_bonus":"HUNDRED_GOLD","is_prod":false,"is_daily":false,"chose_seed":false,"campfire_upgraded":9,"win_rate":0,"timestamp":1546739934,"path_taken":["M","M","M","?","M","R","E","R","T","M","M","?","?","$","R","BOSS","M","M","?","$","?","R","E","R","T","?","E","M","R","?","R","BOSS","M","?","?","?","?","R","$","E","T","?","?","E","M","E","R","BOSS"],"build_version":"2019-01-03v4","purchased_purges":3,"victory":true,"max_hp_per_floor":[66,66,66,66,66,66,66,66,66,66,66,66,66,66,66,66,66,66,66,66,66,66,66,66,66,66,66,66,66,66,66,66,66,66,66,66,66,66,63,63,63,63,63,70,70,70,70,70,70,70],"card_choices":[{"not_picked":["Catalyst","Tactician"],"picked":"Deadly Poison","floor":1.0},{"not_picked":["Choke","Accuracy"],"picked":"Dagger Spray","floor":2.0},{"not_picked":["Slice","Choke"],"picked":"PiercingWail","floor":3.0},{"not_picked":["PiercingWail","Cloak And Dagger"],"picked":"Deadly Poison","floor":5.0},{"not_picked":["Slice","Glass Knife"],"picked":"Caltrops","floor":7.0},{"not_picked":["Flying Knee","Expertise"],"picked":"Escape Plan","floor":10.0},{"not_picked":["Quick Slash","Finisher","Expertise"],"picked":"SKIP","floor":11.0},{"not_picked":["Malaise","Burst"],"picked":"After Image","floor":16.0},{"not_picked":["Distraction","Masterful Stab","Deadly Poison"],"picked":"SKIP","floor":18.0},{"not_picked":["Dagger Throw","Outmaneuver"],"picked":"Backflip","floor":19.0},{"not_picked":["Acrobatics","Dagger Throw"],"picked":"Well Laid Plans","floor":24.0},{"not_picked":["Flechettes","Acrobatics"],"picked":"Dodge and Roll+1","floor":28},{"not_picked":["Setup","Blade Dance"],"picked":"PiercingWail","floor":29},{"not_picked":["Dagger Spray","Sucker Punch"],"picked":"Cloak And Dagger","floor":31},{"not_picked":["After Image","Phantasmal Killer"],"picked":"Burst","floor":33},{"not_picked":["Accuracy","Infinite Blades"],"picked":"Backflip","floor":35},{"not_picked":["Blur","Blade Dance"],"picked":"Leg Sweep","floor":37},{"not_picked":["Well Laid Plans","Terror"],"picked":"Deadly Poison","floor":38},{"not_picked":["Backstab","Deadly Poison"],"picked":"Acrobatics","floor":42},{"not_picked":["Poisoned Stab","Acrobatics","Blade Dance"],"picked":"SKIP","floor":46},{"not_picked":["Flying Knee","Backstab","Deadly Poison"],"picked":"SKIP","floor":47},{"not_picked":["Poisoned Stab","Backstab","Eviscerate"],"picked":"SKIP","floor":48}],"player_experience":1960480,"relics_obtained":[{"floor":7.0,"key":"Ninja Scroll"},{"floor":9.0,"key":"Tiny Chest"},{"floor":12.0,"key":"PreservedInsect"},{"floor":13.0,"key":"Gremlin Horn"},{"floor":24.0,"key":"Mummified Hand"},{"floor":26.0,"key":"Orichalcum"},{"floor":27.0,"key":"Bag of Preparation"},{"floor":28,"key":"Ancient Tea Set"},{"floor":31,"key":"Red Mask"},{"floor":38,"key":"Torii"},{"floor":42,"key":"Vajra"},{"floor":43,"key":"Darkstone Periapt"},{"floor":44,"key":"Strawberry"},{"floor":46,"key":"War Paint"},{"floor":48,"key":"Potion Belt"}],"event_choices":[{"damage_healed":0.0,"max_hp_gain":0.0,"max_hp_loss":0.0,"gold_gain":0.0,"event_name":"Liars Game","player_choice":"Ignored","floor":4.0,"gold_loss":0.0,"damage_taken":0.0},{"damage_healed":0.0,"max_hp_gain":0.0,"max_hp_loss":0.0,"gold_gain":50.0,"event_name":"Nest","player_choice":"Stole From Cult","floor":20.0,"gold_loss":0.0,"damage_taken":0.0},{"damage_healed":0,"gold_gain":0,"player_choice":"Fought Bandits","damage_taken":0,"max_hp_gain":0,"max_hp_loss":0,"event_name":"Masked Bandits","floor":31,"gold_loss":0},{"damage_healed":0,"gold_gain":0,"player_choice":"Gave Potion","damage_taken":0,"relics_obtained":["Blue Candle"],"max_hp_gain":0,"max_hp_loss":0,"event_name":"WeMeetAgain","floor":36,"gold_loss":0},{"damage_healed":0,"gold_gain":0,"player_choice":"Fight","damage_taken":0,"max_hp_gain":0,"max_hp_loss":0,"event_name":"Mysterious Sphere","floor":38,"gold_loss":0},{"damage_healed":0,"gold_gain":0,"player_choice":"Max HP","damage_taken":0,"max_hp_gain":0,"max_hp_loss":3,"event_name":"Winding Halls","floor":39,"gold_loss":0},{"damage_healed":0,"gold_gain":0,"player_choice":"Bought 1 Potion","damage_taken":0,"max_hp_gain":0,"max_hp_loss":0,"event_name":"The Woman in Blue","floor":45,"gold_loss":0}],"is_beta":false,"boss_relics":[{"not_picked":["Runic Dome","White Beast Statue"],"picked":"Coffee Dripper"},{"not_picked":["Lizard Tail","Velvet Choker"],"picked":"WristBlade"}],"items_purged_floors":[14,21,41],"is_endless":false,"potions_floor_spawned":[1,3,7,11,18,28,29,33,37,38,46,47,48],"ascension_level":15}