{"gold_per_floor":[112,187,187,205,229,229,154,154,154,167,186,186,205,11,11,107,107,131,31,24,54,54],"floor_reached":22,"playtime":846,"items_purged":["Strike_G","Deadly Poison"],"score":352,"play_id":"4b43ff6e-476f-4561-a12b-70ba68e33167","local_time":"20190401002544","is_ascension_mode":true,"campfire_choices":[{"data":"Cloak And Dagger","floor":6.0,"key":"SMITH"},{"data":"Neutralize","floor":12.0,"key":"SMITH"},{"data":"Choke","floor":15.0,"key":"SMITH"}],"neow_cost":"NONE","seed_source_timestamp":0,"circlet_count":0,"master_deck":["AscendersBane","Survivor","Neutralize+1","Cloak And Dagger+1","Choke+1","Endless Agony","Terror","Infinite Blades","Night Terror","Envenom","Catalyst","Concentrate","Distraction","Infinite Blades","Crippling Poison","Dodge and Roll","Writhe"],"special_seed":0,"relics":["Ring of the Snake","Juzu Bracelet","Golden Idol","Turnip","Pandora\u0027s Box","Tiny Chest"],"potions_floor_usage":[],"damage_taken":[{"damage":0.0,"enemies":"Jaw Worm","floor":1.0,"turns":6.0},{"damage":6.0,"enemies":"2 Louse","floor":4.0,"turns":6.0},{"damage":2.0,"enemies":"Small Slimes","floor":5.0,"turns":4.0},{"damage":10.0,"enemies":"Exordium Wildlife","floor":10.0,"turns":6.0},{"damage":16.0,"enemies":"Large Slime","floor":11.0,"turns":9.0},{"damage":0.0,"enemies":"Lots of Slimes","floor":13.0,"turns":5.0},{"damage":12.0,"enemies":"Slime Boss","floor":16.0,"turns":8.0},{"damage":26.0,"enemies":"3 Byrds","floor":18.0,"turns":4.0},{"damage":10,"enemies":"2 Thieves","floor":20,"turns":4},{"damage":30,"enemies":"3 Cultists","floor":22,"turns":4}],"seed_played":"-2264140361600906542","potions_obtained":[{"floor":13.0,"key":"SkillPotion"},{"floor":16.0,"key":"Fruit Juice"}],"is_trial":false,"path_per_floor":["M","?","?","M","M","R","?","?","T","M","M","R","M","$","R","B",null,"M","$","M","?","M"],"character_chosen":"THE_SILENT","items_purchased":["Terror","Infinite Blades"],"campfire_rested":0,"item_purchase_floors":[14,14],"current_hp_per_floor":[59,48,48,42,40,40,40,40,40,30,14,14,14,14,14,7,51,25,25,15,15,0],"gold":54,"neow_bonus":"RANDOM_COMMON_RELIC","is_prod":false,"is_daily":false,"chose_seed":true,"campfire_upgraded":3,"win_rate":0,"timestamp":1554049544,"path_taken":["M","?","?","M","M","R","?","?","T","M","M","R","M","$","R","BOSS","M","?","M","?","M"],"build_version":"2019-03-15","purchased_purges":2,"victory":false,"max_hp_per_floor":[66,66,60,60,60,60,60,60,60,60,60,60,60,60,60,65,65,65,65,65,65,65],"card_choices":[{"not_picked":["Underhanded Strike","PiercingWail"],"picked":"Cloak And Dagger","floor":1.0},{"not_picked":["Bouncing Flask","Sucker Punch","Expertise"],"picked":"SKIP","floor":4.0},{"not_picked":["Bouncing Flask","Sucker Punch","Expertise"],"picked":"SKIP","floor":4.0},{"not_picked":["Dagger Spray","Caltrops","Deadly Poison"],"picked":"SKIP","floor":5.0},{"not_picked":["Underhanded Strike","Acrobatics"],"picked":"Choke","floor":10.0},{"not_picked":["Blade Dance","Poisoned Stab"],"picked":"Endless Agony","floor":11.0},{"not_picked":["Sucker Punch","Slice","Leg Sweep"],"picked":"SKIP","floor":13.0},{"not_picked":["Malaise","Tools of the Trade"],"picked":"Night Terror","floor":16.0},{"not_picked":["Catalyst","Quick Slash"],"picked":"Dodge and Roll","floor":18.0},{"not_picked":["Deadly Poison","Riddle With Holes","Reflex"],"picked":"SKIP","floor":20}],"player_experience":1310581,"relics_obtained":[{"floor":9.0,"key":"Turnip"}],"event_choices":[{"damage_healed":0.0,"max_hp_gain":0.0,"max_hp_loss":0.0,"gold_gain":75.0,"event_name":"World of Goop","player_choice":"Gather Gold","floor":2.0,"gold_loss":0.0,"damage_taken":11.0},{"damage_healed":0.0,"max_hp_gain":0.0,"max_hp_loss":6.0,"gold_gain":0.0,"event_name":"Golden Idol","player_choice":"Lose Max HP","floor":3.0,"gold_loss":0.0,"damage_taken":0.0,"relics_obtained":["Golden Idol"]},{"cards_removed":["Strike_G"],"damage_healed":0.0,"max_hp_gain":0.0,"max_hp_loss":0.0,"gold_gain":0.0,"event_name":"The Cleric","player_choice":"Card Removal","floor":7.0,"gold_loss":75.0,"damage_taken":0.0},{"cards_removed":["Strike_G"],"damage_healed":0.0,"max_hp_gain":0.0,"max_hp_loss":0.0,"gold_gain":0.0,"event_name":"Bonfire Elementals","player_choice":"Offered Basic","floor":8.0,"gold_loss":0.0,"damage_taken":0.0},{"damage_healed":0,"gold_gain":0,"player_choice":"Opened","damage_taken":0,"relics_obtained":["Tiny Chest"],"max_hp_gain":0,"max_hp_loss":0,"event_name":"The Mausoleum","floor":21,"gold_loss":0,"cards_obtained":["Writhe"]}],"is_beta":true,"boss_relics":[{"not_picked":["Black Star","White Beast Statue"],"picked":"Pandora\u0027s Box"}],"items_purged_floors":[14,19],"is_endless":false,"potions_floor_spawned":[13,16],"killed_by":"3 Cultists","ascension_level":20}