{"gold_per_floor":[119,119,119,119,59,59,90,90,90,90,106,122,122,137,137,215,215,232,245,345,395,407,407,439,458,458,470,496,496,411,361,361,438,438,452,452,471,484,409,409,422,471,471,481,491,101,120,138,138,138],"floor_reached":51,"playtime":2493,"items_purged":["Strike_B","Defend_B"],"score":1350,"play_id":"5a0ab5ec-ba85-4a5d-93dd-fe120f6328f8","local_time":"20180907112347","is_ascension_mode":true,"campfire_choices":[{"data":"Zap","floor":6.0,"key":"SMITH"},{"floor":8.0,"key":"REST"},{"data":"Dualcast","floor":10.0,"key":"SMITH"},{"data":"Barrage","floor":15.0,"key":"SMITH"},{"floor":23.0,"key":"REST"},{"floor":29,"key":"REST"},{"floor":32,"key":"REST"},{"floor":40,"key":"REST"},{"floor":49,"key":"REST"}],"neow_cost":"NONE","seed_source_timestamp":2253465350117,"circlet_count":0,"master_deck":["Defend_B","Defend_B+1","Defend_B+1","Zap+1","Dualcast+1","AscendersBane","Compile Driver","Compile Driver+1","Barrage+1","Reinforced Body","Glacier","Biased Cognition","Ball Lightning+1","Electrodynamics","BootSequence","Chill","Echo Form+1","Skim","Core Surge","Glacier","Biased Cognition+1","Defragment+1","Auto Shields+1","Conserve Battery+1","Leap+1","Coolheaded+1","Hologram+1"],"special_seed":0,"relics":["Cracked Core","Prayer Wheel","Symbiotic Virus","Fusion Hammer","Unceasing Top","Shuriken","Frozen Egg 2","Whetstone","Cables","Anchor","Nuclear Battery","Dead Branch","Toxic Egg 2","Oddly Smooth Stone"],"potions_floor_usage":[50,50],"damage_taken":[{"damage":15.0,"enemies":"Small Slimes","floor":1.0,"turns":3.0},{"damage":29.0,"enemies":"3 Sentries","floor":7.0,"turns":8.0},{"damage":1.0,"enemies":"2 Louse","floor":11.0,"turns":2.0},{"damage":0.0,"enemies":"Cultist","floor":12.0,"turns":3.0},{"damage":0.0,"enemies":"3 Louse","floor":14.0,"turns":4.0},{"damage":5.0,"enemies":"The Guardian","floor":16.0,"turns":10.0},{"damage":0.0,"enemies":"Chosen","floor":18.0,"turns":2.0},{"damage":0.0,"enemies":"2 Thieves","floor":19.0,"turns":3.0},{"damage":0.0,"enemies":"Colosseum Slavers","floor":20.0,"turns":3.0},{"damage":10.0,"enemies":"Colosseum Nobs","floor":20.0,"turns":4.0},{"damage":0.0,"enemies":"3 Cultists","floor":22.0,"turns":3.0},{"damage":24.0,"enemies":"Slavers","floor":24.0,"turns":3.0},{"damage":15,"enemies":"Shelled Parasite and Fungi","floor":25,"turns":5},{"damage":0,"enemies":"Chosen and Byrds","floor":27,"turns":5},{"damage":0,"enemies":"Gremlin Leader","floor":28,"turns":5},{"damage":37,"enemies":"Champ","floor":33,"turns":10},{"damage":0,"enemies":"3 Shapes","floor":35,"turns":3},{"damage":0,"enemies":"3 Darklings","floor":37,"turns":3},{"damage":0,"enemies":"Spire Growth","floor":38,"turns":5},{"damage":9,"enemies":"Transient","floor":41,"turns":6},{"damage":0,"enemies":"Mysterious Sphere","floor":42,"turns":4},{"damage":0,"enemies":"3 Darklings","floor":44,"turns":2},{"damage":14,"enemies":"Maw","floor":45,"turns":5},{"damage":0,"enemies":"Spire Growth","floor":47,"turns":5},{"damage":0,"enemies":"Transient","floor":48,"turns":6},{"damage":20,"enemies":"Awakened One","floor":50,"turns":14}],"seed_played":"7225802505761955125","potions_obtained":[{"floor":1.0,"key":"SpeedPotion"},{"floor":7.0,"key":"Ancient Potion"},{"floor":25,"key":"Dexterity Potion"},{"floor":38,"key":"Ancient Potion"}],"is_trial":false,"path_per_floor":["M","?","?","?","$","R","E","R","T","R","M","M","?","M","R","B",null,"M","M","?","?","M","R","E","M","T","M","E","R","?","?","R","B",null,"M","?","M","M","$","R","M","?","T","M","M","$","M","M","R","B"],"character_chosen":"DEFECT","items_purchased":["Compile Driver","Leap+1","Coolheaded+1","Oddly Smooth Stone"],"campfire_rested":6,"item_purchase_floors":[5,46,46,46],"current_hp_per_floor":[49,71,64,43,43,43,14,35,35,35,34,34,34,34,34,29,61,61,61,51,51,51,71,47,32,32,32,32,53,53,53,71,34,62,62,62,62,62,62,71,62,62,62,62,48,48,48,48,69,49],"gold":138,"neow_bonus":"REMOVE_CARD","is_prod":false,"is_daily":false,"chose_seed":false,"campfire_upgraded":3,"win_rate":0,"timestamp":1536344627,"path_taken":["M","?","?","?","$","R","E","R","T","R","?","M","?","M","R","BOSS","M","M","?","?","?","R","E","M","T","M","E","R","?","?","R","BOSS","M","?","?","M","$","R","?","?","T","?","M","$","M","M","R","BOSS"],"build_version":"2018-09-06","purchased_purges":2,"victory":true,"max_hp_per_floor":[71,71,71,71,71,71,71,71,71,71,71,71,71,71,71,71,71,71,71,71,71,71,71,71,71,71,71,71,71,71,71,71,71,71,71,71,71,71,71,71,71,71,71,71,71,71,71,71,71,71],"card_choices":[{"not_picked":["Hello World","Chill"],"picked":"Compile Driver","floor":1.0},{"not_picked":["Sweeping Beam","Compile Driver"],"picked":"Barrage","floor":7.0},{"not_picked":["Creative AI","Rebound"],"picked":"Reinforced Body","floor":11.0},{"not_picked":["Leap","Rebound"],"picked":"Glacier","floor":11.0},{"not_picked":["Barrage","Compile Driver","Redo"],"picked":"SKIP","floor":12.0},{"not_picked":["Gash","Steam Power","Recycle"],"picked":"SKIP","floor":12.0},{"not_picked":["Blizzard","Static Discharge"],"picked":"Ball Lightning","floor":14.0},{"not_picked":["Gash","Streamline","Compile Driver"],"picked":"SKIP","floor":14.0},{"not_picked":["Multi-Cast","Core Surge"],"picked":"Electrodynamics","floor":16.0},{"not_picked":["Cold Snap","Self Repair"],"picked":"BootSequence","floor":18.0},{"not_picked":["Barrage","Sunder","Steam Power"],"picked":"SKIP","floor":18.0},{"not_picked":["Turbo","Compile Driver"],"picked":"Chill","floor":19.0},{"not_picked":["Gash","Compile Driver","Go for the Eyes"],"picked":"SKIP","floor":19.0},{"not_picked":["Coolheaded","Redo+1"],"picked":"Echo Form","floor":20.0},{"not_picked":["Compile Driver","Redo"],"picked":"Skim","floor":22.0},{"not_picked":["Reinforced Body","Melter","Aggregate"],"picked":"SKIP","floor":22.0},{"not_picked":["Coolheaded","Cold Snap"],"picked":"Core Surge","floor":24.0},{"not_picked":["Streamline","Doom and Gloom+1"],"picked":"Glacier","floor":25},{"not_picked":["Turbo","Reprogram","Gash+1"],"picked":"SKIP","floor":25},{"not_picked":["Barrage","Gash","Hologram"],"picked":"SKIP","floor":27},{"not_picked":["Consume","Ball Lightning","Streamline"],"picked":"SKIP","floor":27},{"not_picked":["Scrape","Coolheaded","Undo"],"picked":"SKIP","floor":28},{"not_picked":["All For One","Amplify"],"picked":"Biased Cognition+1","floor":33},{"not_picked":["Leap","Turbo","Chill"],"picked":"SKIP","floor":35},{"not_picked":["Redo","Genetic Algorithm","Sweeping Beam"],"picked":"SKIP","floor":35},{"not_picked":["Redo","Rebound"],"picked":"Defragment+1","floor":37},{"not_picked":["Steam","Consume+1","Reinforced Body"],"picked":"SKIP","floor":37},{"not_picked":["Coolheaded+1","Sweeping Beam","Storm+1"],"picked":"SKIP","floor":38},{"not_picked":["Sweeping Beam","Storm+1","Compile Driver"],"picked":"SKIP","floor":38},{"not_picked":["BootSequence","Coolheaded","Creative AI+1"],"picked":"SKIP","floor":41},{"not_picked":["Sweeping Beam","Rebound","Gash"],"picked":"SKIP","floor":41},{"not_picked":["Genetic Algorithm+1","Turbo+1"],"picked":"Auto Shields+1","floor":44},{"not_picked":["Go for the Eyes+1","White Noise+1","Streamline+1"],"picked":"SKIP","floor":44},{"not_picked":["Consume+1","Sweeping Beam"],"picked":"Conserve Battery+1","floor":45},{"not_picked":["Streamline+1","Coolheaded+1","All For One"],"picked":"SKIP","floor":45},{"not_picked":["Sweeping Beam","FTL","Gash"],"picked":"SKIP","floor":47},{"not_picked":["Turbo+1","Rebound","Storm+1"],"picked":"SKIP","floor":47},{"not_picked":["FTL","Consume+1"],"picked":"Hologram+1","floor":48},{"not_picked":["Chaos+1","Turbo+1","Steam+1"],"picked":"SKIP","floor":48}],"player_experience":1079893,"relics_obtained":[{"floor":7.0,"key":"Prayer Wheel"},{"floor":9.0,"key":"Symbiotic Virus"},{"floor":20.0,"key":"Unceasing Top"},{"floor":20.0,"key":"Shuriken"},{"floor":24.0,"key":"Frozen Egg 2"},{"floor":26,"key":"Whetstone"},{"floor":28,"key":"Cables"},{"floor":42,"key":"Dead Branch"},{"floor":43,"key":"Toxic Egg 2"}],"event_choices":[{"event_name":"Big Fish","player_choice":"Banana","floor":2.0,"damage_taken":0.0},{"event_name":"Golden Wing","player_choice":"Card Removal","floor":3.0,"damage_taken":0.0},{"event_name":"Shining Light","player_choice":"Entered Light","floor":4.0,"damage_taken":0.0},{"event_name":"Transmorgrifier","player_choice":"Transform","floor":13.0,"damage_taken":0.0},{"event_name":"Colosseum","player_choice":"Fight","floor":20.0,"damage_taken":0.0},{"event_name":"Colosseum","player_choice":"Fought Nobs","floor":20.0,"damage_taken":0.0},{"event_name":"Nest","player_choice":"Stole From Cult","floor":21.0,"damage_taken":0.0},{"event_name":"Addict","player_choice":"Obtained Relic","floor":30,"damage_taken":0},{"event_name":"Designer","player_choice":"Upgrade Card","floor":31,"damage_taken":0},{"event_name":"Tomb of Lord Red Mask","player_choice":"Ignored","floor":36,"damage_taken":0},{"event_name":"Mysterious Sphere","player_choice":"Fight","floor":42,"damage_taken":0}],"is_beta":false,"boss_relics":[{"not_picked":["Pandora\u0027s Box","Runic Pyramid"],"picked":"Fusion Hammer"},{"not_picked":["Velvet Choker","Cursed Key"],"picked":"Nuclear Battery"}],"items_purged_floors":[39,46],"is_endless":false,"potions_floor_spawned":[1,7,16,20,22,25,38,44,47],"ascension_level":17}