{"gold_per_floor":[114,114,35,50,50,385,385,413,413,432,445,445,460,152,152,249,249,269,269,284,284,304,304,304,304,304,304,315,350,400,198,198,295,295,306,306,317,317,317,317,342,342,342,354,33,50,50,63,63,63],"floor_reached":51,"playtime":2766,"items_purged":["Decay","Reckless Charge"],"score":1190,"play_id":"7203d622-4cff-4e1e-b2ec-22d562d5b2da","local_time":"20190117051323","is_ascension_mode":true,"campfire_choices":[{"data":"Flame Barrier","floor":7.0,"key":"SMITH"},{"floor":15.0,"key":"REST"},{"floor":23,"key":"REST"},{"data":"Juggernaut","floor":25,"key":"SMITH"},{"floor":27,"key":"REST"},{"floor":32,"key":"REST"},{"data":"Entrench","floor":40,"key":"SMITH"},{"floor":42,"key":"REST"},{"floor":47,"key":"REST"},{"floor":49,"key":"REST"}],"neow_cost":"NONE","seed_source_timestamp":9854727744868,"circlet_count":0,"master_deck":["AscendersBane","Bash","Cleave","Flame Barrier+1","Headbutt","Warcry","Carnage","Shrug It Off","Flash of Steel","Juggernaut+1","Dual Wield","Entrench+1","Shrug It Off","Rage","Battle Trance","Disarm","Immolate","Offering","Combust+1","Whirlwind","Metallicize+1","Entrench+1","True Grit","Flame Barrier","Mayhem+1","Shrug It Off","Juggernaut+1"],"special_seed":0,"relics":["Burning Blood","NeowsBlessing","Old Coin","Gambling Chip","Mercury Hourglass","Happy Flower","Velvet Choker","Enchiridion","Paper Frog","Prayer Wheel","Frozen Egg 2","Anchor","Pandora\u0027s Box","Girya","Bottled Tornado"],"potions_floor_usage":[22,22,29,37,37,48],"damage_taken":[{"damage":0.0,"enemies":"2 Louse","floor":1.0,"turns":1.0},{"damage":0.0,"enemies":"Cultist","floor":4.0,"turns":1.0},{"damage":0.0,"enemies":"Gremlin Nob","floor":6.0,"turns":1.0},{"damage":48.0,"enemies":"Lagavulin","floor":8.0,"turns":11.0},{"damage":0.0,"enemies":"Small Slimes","floor":10.0,"turns":2.0},{"damage":0.0,"enemies":"2 Fungi Beasts","floor":11.0,"turns":2.0},{"damage":4.0,"enemies":"Gremlin Gang","floor":13.0,"turns":2.0},{"damage":30.0,"enemies":"The Guardian","floor":16.0,"turns":11.0},{"damage":2.0,"enemies":"3 Byrds","floor":18.0,"turns":4.0},{"damage":16.0,"enemies":"Spheric Guardian","floor":20.0,"turns":4.0},{"damage":14,"enemies":"Snake Plant","floor":22,"turns":4},{"damage":14,"enemies":"Shelled Parasite and Fungi","floor":28,"turns":5},{"damage":18,"enemies":"Slavers","floor":29,"turns":4},{"damage":0,"enemies":"Champ","floor":33,"turns":14},{"damage":6,"enemies":"Orb Walker","floor":35,"turns":3},{"damage":8,"enemies":"3 Darklings","floor":37,"turns":2},{"damage":67,"enemies":"Reptomancer","floor":41,"turns":6},{"damage":20,"enemies":"Transient","floor":44,"turns":5},{"damage":17,"enemies":"Sphere and 2 Shapes","floor":46,"turns":3},{"damage":9,"enemies":"Spire Growth","floor":48,"turns":4},{"damage":40,"enemies":"Donu and Deca","floor":50,"turns":9}],"seed_played":"-7526531293689021551","potions_obtained":[{"floor":6.0,"key":"SpeedPotion"},{"floor":11.0,"key":"Ancient Potion"},{"floor":13.0,"key":"AttackPotion"},{"floor":18.0,"key":"PowerPotion"},{"floor":28,"key":"LiquidBronze"},{"floor":33,"key":"Weak Potion"},{"floor":37,"key":"SpeedPotion"},{"floor":44,"key":"EssenceOfSteel"},{"floor":48,"key":"FearPotion"}],"is_trial":false,"path_per_floor":["M","?","$","M","?","E","R","E","T","M","M","?","M","$","R","B",null,"M","?","M","?","M","R","?","R","T","R","M","E","?","$","R","B",null,"M","?","M","?","?","R","E","R","T","M","$","M","R","M","R","B",null],"character_chosen":"IRONCLAD","items_purchased":["Flame Barrier","Happy Flower","Flash of Steel","Anchor","Block Potion","Mayhem+1","Shrug It Off"],"campfire_rested":7,"item_purchase_floors":[3,14,14,31,31,45,45],"current_hp_per_floor":[78,71,71,77,77,80,80,38,38,44,50,34,36,36,60,36,69,73,65,55,39,31,55,55,55,55,79,71,59,59,59,80,80,80,80,80,78,78,76,76,15,37,37,23,23,12,34,31,53,19],"gold":63,"neow_bonus":"THREE_ENEMY_KILL","is_prod":false,"is_daily":false,"chose_seed":false,"campfire_upgraded":3,"win_rate":0,"timestamp":1547698403,"path_taken":["M","?","$","M","?","E","R","E","T","?","M","?","M","$","R","BOSS","M","?","?","?","M","R","?","R","T","R","M","E","?","$","R","BOSS","M","?","M","?","?","R","E","R","T","M","$","?","R","?","R","BOSS"],"build_version":"2019-01-10","purchased_purges":2,"victory":true,"max_hp_per_floor":[80,80,80,80,80,80,80,80,80,80,80,80,80,80,80,80,80,80,80,80,80,80,80,80,80,80,80,80,80,80,80,80,80,80,80,80,80,80,76,76,76,76,76,76,76,76,76,76,76,76],"card_choices":[{"not_picked":["Pommel Strike","Thunderclap"],"picked":"Cleave","floor":1.0},{"not_picked":["Evolve","Warcry"],"picked":"Headbutt","floor":4.0},{"not_picked":["Pummel","Thunderclap"],"picked":"Warcry","floor":6.0},{"not_picked":["Exhume","Second Wind"],"picked":"Carnage","floor":8.0},{"not_picked":["Burning Pact","Body Slam"],"picked":"Shrug It Off","floor":10.0},{"not_picked":["Warcry","Clothesline","Armaments"],"picked":"SKIP","floor":11.0},{"not_picked":["Warcry","Burning Pact","Iron Wave"],"picked":"SKIP","floor":13.0},{"not_picked":["Brutality","Dark Embrace"],"picked":"Juggernaut","floor":16.0},{"not_picked":["Intimidate","True Grit"],"picked":"Dual Wield","floor":18.0},{"not_picked":["Anger","Burning Pact"],"picked":"Entrench+1","floor":20.0},{"not_picked":["Pommel Strike","Uppercut"],"picked":"Shrug It Off","floor":22},{"not_picked":["Spot Weakness","Flex"],"picked":"Rage","floor":28},{"not_picked":["Iron Wave","Spot Weakness","Perfected Strike"],"picked":"SKIP","floor":28},{"not_picked":["Wild Strike","Havoc","Flex+1"],"picked":"SKIP","floor":29},{"not_picked":["Perfected Strike","Headbutt"],"picked":"Entrench","floor":35},{"not_picked":["Evolve+1","Sentinel","Clothesline+1"],"picked":"SKIP","floor":35},{"not_picked":["Headbutt","Anger"],"picked":"True Grit","floor":37},{"not_picked":["Heavy Blade+1","Dual Wield+1","Barricade+1"],"picked":"SKIP","floor":37},{"not_picked":["Entrench","Bludgeon"],"picked":"Flame Barrier","floor":41},{"not_picked":["Rampage","Headbutt","Pommel Strike"],"picked":"SKIP","floor":44},{"not_picked":["Clash","Rupture+1","Iron Wave"],"picked":"SKIP","floor":44},{"not_picked":["Cleave","Havoc"],"picked":"Juggernaut+1","floor":46},{"not_picked":["Clothesline+1","Wild Strike+1","Fire Breathing+1"],"picked":"SKIP","floor":46},{"not_picked":["Body Slam","Heavy Blade","Twin Strike"],"picked":"SKIP","floor":48},{"not_picked":["Armaments","Demon Form+1","Iron Wave"],"picked":"SKIP","floor":48}],"player_experience":487890,"relics_obtained":[{"floor":6.0,"key":"Old Coin"},{"floor":8.0,"key":"Gambling Chip"},{"floor":9.0,"key":"Mercury Hourglass"},{"floor":21.0,"key":"Enchiridion"},{"floor":26,"key":"Prayer Wheel"},{"floor":29,"key":"Frozen Egg 2"},{"floor":41,"key":"Girya"},{"floor":43,"key":"Bottled Tornado"}],"event_choices":[{"cards_removed":["Strike_R"],"damage_healed":0.0,"max_hp_gain":0.0,"max_hp_loss":0.0,"gold_gain":0.0,"event_name":"Golden Wing","player_choice":"Card Removal","floor":2.0,"gold_loss":0.0,"damage_taken":7.0},{"damage_healed":0.0,"max_hp_gain":0.0,"max_hp_loss":0.0,"gold_gain":0.0,"event_name":"Wheel of Change","player_choice":"Cursed","floor":5.0,"gold_loss":0.0,"damage_taken":0.0,"cards_obtained":["Decay"]},{"damage_healed":0.0,"max_hp_gain":0.0,"max_hp_loss":0.0,"gold_gain":0.0,"event_name":"Shining Light","player_choice":"Entered Light","floor":12.0,"gold_loss":0.0,"damage_taken":16.0,"cards_upgraded":["Strike_R","Defend_R"]},{"damage_healed":0.0,"max_hp_gain":0.0,"max_hp_loss":0.0,"gold_gain":0.0,"event_name":"Knowing Skull","player_choice":"","floor":19.0,"potions_obtained":[],"gold_loss":0.0,"damage_taken":8.0,"cards_obtained":[]},{"damage_healed":0.0,"max_hp_gain":0.0,"max_hp_loss":0.0,"gold_gain":0.0,"event_name":"Cursed Tome","player_choice":"Obtained Book","floor":21.0,"gold_loss":0.0,"damage_taken":16.0},{"damage_healed":0,"gold_gain":0,"player_choice":"Opened","damage_taken":0,"relics_obtained":["Paper Frog"],"max_hp_gain":0,"max_hp_loss":0,"event_name":"The Mausoleum","floor":24,"gold_loss":0},{"damage_healed":0,"gold_gain":100,"player_choice":"Bet on Murderer","damage_taken":0,"max_hp_gain":0,"max_hp_loss":0,"event_name":"The Joust","floor":30,"gold_loss":50},{"damage_healed":0,"gold_gain":0,"player_choice":"Memory 1","damage_taken":0,"max_hp_gain":0,"max_hp_loss":0,"event_name":"SensoryStone","floor":36,"gold_loss":0},{"damage_healed":0,"gold_gain":0,"player_choice":"Ignored","damage_taken":0,"max_hp_gain":0,"max_hp_loss":0,"event_name":"Tomb of Lord Red Mask","floor":38,"gold_loss":0},{"damage_healed":0,"gold_gain":0,"player_choice":"Max HP","damage_taken":0,"max_hp_gain":0,"max_hp_loss":4,"event_name":"Winding Halls","floor":39,"gold_loss":0}],"is_beta":false,"boss_relics":[{"not_picked":["Tiny House","Eternal Feather"],"picked":"Velvet Choker"},{"not_picked":["Snecko Eye","Black Blood"],"picked":"Pandora\u0027s Box"}],"items_purged_floors":[14,45],"is_endless":false,"potions_floor_spawned":[6,11,13,18,28,33,37,44,46,48],"ascension_level":12}