{"gold_per_floor":[118,130,149,167,18,18,18,43,43,77,77,90,120,136,136,239,239,251,451,463,482,499,499,206,206,206,206,225,195,210,224,224,321,321,341,266,281,296,306,306,306,321,321,321,321,331,331,348,348,348,348,348,7,33,33],"floor_reached":55,"playtime":3030,"items_purged":["Strike_B","Discovery"],"score":725,"play_id":"5606f626-9b52-4d0a-b7ab-a54ea5577073","local_time":"20190509223009","is_ascension_mode":false,"campfire_choices":[{"data":"Zap","floor":6.0,"key":"SMITH"},{"data":"Dualcast","floor":11.0,"key":"SMITH"},{"floor":15.0,"key":"REST"},{"data":"Echo Form","floor":23.0,"key":"SMITH"},{"data":"Consume","floor":25.0,"key":"SMITH"},{"data":"Electrodynamics","floor":27.0,"key":"SMITH"},{"data":"Glacier","floor":32,"key":"SMITH"},{"data":"Echo Form","floor":40,"key":"SMITH"},{"floor":45,"key":"RECALL"},{"floor":49,"key":"REST"},{"data":"Cold Snap","floor":52,"key":"SMITH"}],"neow_cost":"NONE","seed_source_timestamp":1099805123281571,"circlet_count":0,"master_deck":["Strike_B","Strike_B","Defend_B","Defend_B+1","Defend_B","Defend_B+1","Zap+1","Dualcast+1","Echo Form+1","Cold Snap+1","Consume+1","Conserve Battery","Electrodynamics+1","Rebound+1","Blizzard+1","Glacier+1","Chill+1","Echo Form+1","Ball Lightning+1","Cold Snap+1","Blizzard"],"special_seed":0,"relics":["Cracked Core","Anchor","Odd Mushroom","Kunai","Unceasing Top","Nuclear Battery","Oddly Smooth Stone","Strawberry","Sozu","Gremlin Horn","War Paint","Ornamental Fan","Art of War"],"potions_floor_usage":[33,33,33,55],"damage_taken":[{"damage":0.0,"enemies":"Cultist","floor":1.0,"turns":3.0},{"damage":1.0,"enemies":"2 Louse","floor":2.0,"turns":3.0},{"damage":2.0,"enemies":"Small Slimes","floor":3.0,"turns":4.0},{"damage":8.0,"enemies":"Exordium Wildlife","floor":4.0,"turns":4.0},{"damage":12.0,"enemies":"The Mushroom Lair","floor":8.0,"turns":6.0},{"damage":27.0,"enemies":"3 Sentries","floor":10.0,"turns":7.0},{"damage":0.0,"enemies":"Lots of Slimes","floor":12.0,"turns":2.0},{"damage":7.0,"enemies":"Gremlin Gang","floor":14.0,"turns":5.0},{"damage":7.0,"enemies":"Slime Boss","floor":16.0,"turns":9.0},{"damage":0.0,"enemies":"Shell Parasite","floor":18.0,"turns":7.0},{"damage":5.0,"enemies":"Spheric Guardian","floor":20.0,"turns":3.0},{"damage":8.0,"enemies":"Cultist and Chosen","floor":21.0,"turns":5.0},{"damage":19.0,"enemies":"Chosen and Byrds","floor":22.0,"turns":7.0},{"damage":0.0,"enemies":"3 Cultists","floor":28.0,"turns":2.0},{"damage":4,"enemies":"Sentry and Sphere","floor":30,"turns":4},{"damage":5,"enemies":"Chosen and Byrds","floor":31,"turns":5},{"damage":0,"enemies":"Champ","floor":33,"turns":13},{"damage":0,"enemies":"3 Shapes","floor":35,"turns":2},{"damage":29,"enemies":"3 Darklings","floor":37,"turns":4},{"damage":0,"enemies":"4 Shapes","floor":38,"turns":2},{"damage":0,"enemies":"Sphere and 2 Shapes","floor":39,"turns":3},{"damage":11,"enemies":"Jaw Worm Horde","floor":42,"turns":3},{"damage":6,"enemies":"Spire Growth","floor":46,"turns":4},{"damage":2,"enemies":"Transient","floor":48,"turns":5},{"damage":26,"enemies":"Time Eater","floor":50,"turns":8},{"damage":0,"enemies":"Shield and Spear","floor":54,"turns":6},{"damage":97,"enemies":"The Heart","floor":55,"turns":8}],"seed_played":"7069624575148928504","potions_obtained":[{"floor":0.0,"key":"Fruit Juice"},{"floor":0.0,"key":"Fruit Juice"},{"floor":0.0,"key":"Ancient Potion"},{"floor":1.0,"key":"Block Potion"},{"floor":8.0,"key":"GamblersBrew"},{"floor":10.0,"key":"Explosive Potion"},{"floor":14.0,"key":"FocusPotion"},{"floor":21.0,"key":"Regen Potion"},{"floor":29.0,"key":"Regen Potion"},{"floor":29.0,"key":"Regen Potion"},{"floor":31,"key":"PowerPotion"},{"floor":33,"key":"GamblersBrew"}],"is_trial":false,"path_per_floor":["M","M","M","M","$","R","$","?","T","E","R","M","?","M","R","B",null,"M","?","M","M","M","R","$","R","T","R","M","?","M","M","R","B",null,"M","$","M","M","M","R","?","M","T","?","R","M","T","M","R","B",null,"R","$","E","B"],"character_chosen":"DEFECT","items_purchased":["Anchor","Oddly Smooth Stone","Strawberry","Ornamental Fan"],"campfire_rested":2,"item_purchase_floors":[5,24,24,53],"current_hp_per_floor":[85,84,82,74,74,74,74,62,62,35,35,35,35,28,53,46,85,85,85,80,72,67,67,74,74,74,74,74,74,70,65,65,92,92,92,92,63,63,63,63,63,52,52,52,52,46,46,44,71,45,92,92,92,92,0],"gold":33,"neow_bonus":"THREE_SMALL_POTIONS","is_prod":false,"is_daily":false,"chose_seed":false,"campfire_upgraded":8,"win_rate":0,"timestamp":1557412209,"path_taken":["M","M","M","?","$","R","$","?","T","E","R","M","?","M","R","BOSS","M","?","?","M","M","R","$","R","T","R","M","?","M","M","R","BOSS","M","$","?","M","?","R","?","M","T","?","R","M","?","M","R","BOSS","R","$","E","BOSS"],"build_version":"2019-01-23","purchased_purges":2,"victory":false,"max_hp_per_floor":[85,85,85,85,85,85,85,85,85,85,85,85,85,85,85,85,85,85,85,85,85,85,85,92,92,92,92,92,92,92,92,92,92,92,92,92,92,92,92,92,92,92,92,92,92,92,92,92,92,92,92,92,92,92,92],"card_choices":[{"not_picked":["Go for the Eyes","Rebound"],"picked":"Echo Form","floor":1.0},{"not_picked":["Compile Driver","Barrage"],"picked":"Cold Snap","floor":2.0},{"not_picked":["Streamline","Reinforced Body"],"picked":"Consume","floor":3.0},{"not_picked":["Darkness","Reprogram","Go for the Eyes"],"picked":"SKIP","floor":4.0},{"not_picked":["Steam","Reboot","Auto Shields"],"picked":"SKIP","floor":10.0},{"not_picked":["Steam","Rebound","Hologram"],"picked":"SKIP","floor":12.0},{"not_picked":["Steam Power","Stack"],"picked":"Conserve Battery","floor":14.0},{"not_picked":["Hyperbeam","Thunder Strike"],"picked":"Electrodynamics","floor":16.0},{"not_picked":["Hologram","Rebound","Sweeping Beam"],"picked":"SKIP","floor":18.0},{"not_picked":["Scrape","Stack","Sweeping Beam"],"picked":"SKIP","floor":20.0},{"not_picked":["Steam","Gash"],"picked":"Rebound+1","floor":21.0},{"not_picked":["Recycle","Coolheaded"],"picked":"Blizzard+1","floor":22.0},{"not_picked":["Coolheaded","Gash+1"],"picked":"Glacier","floor":28.0},{"not_picked":["Machine Learning","Steam+1"],"picked":"Chill+1","floor":30},{"not_picked":["Auto Shields","Turbo+1","Compile Driver"],"picked":"SKIP","floor":31},{"not_picked":["Rainbow","Core Surge"],"picked":"Echo Form","floor":33},{"not_picked":["Beam Cell+1","Steam"],"picked":"Ball Lightning+1","floor":35},{"not_picked":["Beam Cell","Stack","Steam Power+1"],"picked":"SKIP","floor":37},{"not_picked":["Heatsinks","Beam Cell+1","Rebound"],"picked":"SKIP","floor":38},{"not_picked":["Stack","Hologram+1","Steam"],"picked":"SKIP","floor":39},{"not_picked":["Barrage","Hologram"],"picked":"Cold Snap+1","floor":42},{"not_picked":["Blind","Master of Strategy"],"picked":"Discovery","floor":44},{"not_picked":["Steam","Barrage","Reprogram"],"picked":"SKIP","floor":46},{"not_picked":["Stack","Hologram+1","Ball Lightning"],"picked":"SKIP","floor":48},{"not_picked":["Streamline","Heatsinks+1"],"picked":"Blizzard","floor":54}],"player_experience":490759,"relics_obtained":[{"floor":8.0,"key":"Odd Mushroom"},{"floor":9.0,"key":"Kunai"},{"floor":10.0,"key":"Unceasing Top"},{"floor":43,"key":"Gremlin Horn"},{"floor":47,"key":"War Paint"},{"floor":54,"key":"Art of War"}],"event_choices":[{"damage_healed":0.0,"max_hp_gain":0.0,"max_hp_loss":0.0,"gold_gain":0.0,"event_name":"Mushrooms","player_choice":"Fought Mushrooms","floor":8.0,"gold_loss":0.0,"damage_taken":0.0},{"damage_healed":0.0,"max_hp_gain":0.0,"max_hp_loss":0.0,"gold_gain":30.0,"event_name":"Dead Adventurer","player_choice":"Searched \u00271\u0027 times","floor":13.0,"gold_loss":0.0,"damage_taken":0.0},{"damage_healed":0.0,"max_hp_gain":0.0,"max_hp_loss":0.0,"gold_gain":200.0,"event_name":"Wheel of Change","player_choice":"Gold","floor":19.0,"gold_loss":0.0,"damage_taken":0.0},{"damage_healed":0.0,"max_hp_gain":0.0,"max_hp_loss":0.0,"gold_gain":0.0,"event_name":"The Woman in Blue","player_choice":"Bought 2 Potions","floor":29.0,"gold_loss":0.0,"damage_taken":0.0},{"cards_removed":["Strike_B"],"damage_healed":0,"gold_gain":0,"player_choice":"Removed Attack","damage_taken":0,"max_hp_gain":0,"max_hp_loss":0,"event_name":"Falling","floor":41,"gold_loss":0},{"damage_healed":0,"gold_gain":0,"player_choice":"Memory 1","damage_taken":0,"max_hp_gain":0,"max_hp_loss":0,"event_name":"SensoryStone","floor":44,"gold_loss":0}],"is_beta":false,"boss_relics":[{"not_picked":["Runic Pyramid","Orrery"],"picked":"Nuclear Battery"},{"not_picked":["Runic Dome","Calling Bell"],"picked":"Sozu"}],"items_purged_floors":[36,53],"is_endless":false,"potions_floor_spawned":[1,8,10,14,21,31,33,35,37,48],"killed_by":"The Heart","ascension_level":0}