{"gold_per_floor":[216,234,253,52,52,52,83,83,152,44,55,89,89,17,17,90,90,109,127,49,66,66],"floor_reached":22,"playtime":966,"items_purged":["Strike_G"],"score":340,"play_id":"80fcb1ef-d7bb-4d03-a162-af9f22ef2efa","local_time":"20181003185647","is_ascension_mode":true,"campfire_choices":[{"data":"Neutralize","floor":6.0,"key":"SMITH"},{"data":"Cloak And Dagger","floor":8,"key":"SMITH"},{"data":"Cloak And Dagger","floor":13,"key":"SMITH"},{"floor":15,"key":"REST"}],"neow_cost":"NONE","seed_source_timestamp":125997055962594,"circlet_count":0,"master_deck":["Defend_G","Defend_G","Defend_G","Defend_G","Defend_G","Strike_G","Strike_G","Survivor","Neutralize+1","AscendersBane","Sucker Punch","Cloak And Dagger+1","Deadly Poison","Noxious Fumes","Cloak And Dagger+1","Flying Knee","Leg Sweep","Noxious Fumes","Backflip","Deflect","A Thousand Cuts","Dodge and Roll","Blur"],"special_seed":0,"relics":["Ring of the Snake","Juzu Bracelet","Letter Opener","Blood Vial","Empty Cage"],"potions_floor_usage":[7,12,21],"damage_taken":[{"damage":2.0,"enemies":"Jaw Worm","floor":1.0,"turns":7.0},{"damage":0.0,"enemies":"2 Louse","floor":2.0,"turns":4.0},{"damage":2.0,"enemies":"Cultist","floor":3.0,"turns":4.0},{"damage":26,"enemies":"Gremlin Nob","floor":7,"turns":5},{"damage":0,"enemies":"Blue Slaver","floor":11,"turns":5},{"damage":10,"enemies":"Lagavulin","floor":12,"turns":6},{"damage":23,"enemies":"Slime Boss","floor":16,"turns":11},{"damage":24,"enemies":"2 Thieves","floor":18,"turns":5},{"damage":15,"enemies":"Shell Parasite","floor":19,"turns":8},{"damage":13,"enemies":"Chosen and Byrds","floor":21,"turns":8},{"damage":32,"enemies":"Sentry and Sphere","floor":22,"turns":5}],"seed_played":"-4372805863524581540","potions_obtained":[{"floor":2.0,"key":"Swift Potion"},{"floor":7,"key":"AttackPotion"},{"floor":16,"key":"Swift Potion"},{"floor":18,"key":"Strength Potion"}],"is_trial":false,"path_per_floor":["M","M","M","$","?","R","E","R","T","$","M","E","R","?","R","B",null,"M","M","$","M"],"character_chosen":"THE_SILENT","items_purchased":["Noxious Fumes","Cloak And Dagger","Leg Sweep","Noxious Fumes","Regen Potion"],"campfire_rested":1,"item_purchase_floors":[4,4,10,10,20],"current_hp_per_floor":[57,57,55,55,55,55,29,29,29,29,29,19,19,19,38,17,54,32,19,19,23,0],"gold":66,"neow_bonus":"HUNDRED_GOLD","is_prod":false,"is_daily":false,"chose_seed":false,"campfire_upgraded":3,"win_rate":0,"timestamp":1538618207,"path_taken":["M","M","M","$","?","R","E","R","T","$","M","E","R","?","R","BOSS","M","M","?","M","M"],"build_version":"2018-09-27","purchased_purges":1,"victory":false,"max_hp_per_floor":[66,66,66,66,66,66,66,66,66,66,66,66,66,66,66,66,66,66,66,66,66,66],"card_choices":[{"not_picked":["Outmaneuver","Dodge and Roll"],"picked":"Sucker Punch","floor":1.0},{"not_picked":["Sucker Punch","Dagger Throw"],"picked":"Cloak And Dagger","floor":2.0},{"not_picked":["Bouncing Flask","Caltrops"],"picked":"Deadly Poison","floor":3.0},{"not_picked":["Outmaneuver","Terror"],"picked":"Flying Knee","floor":7},{"not_picked":["Sucker Punch","Poisoned Stab"],"picked":"Backflip","floor":11},{"not_picked":["Storm of Steel","Endless Agony"],"picked":"Deflect","floor":12},{"not_picked":["Doppelganger","Bullet Time"],"picked":"A Thousand Cuts","floor":16},{"not_picked":["Underhanded Strike","Deadly Poison","Blade Dance"],"picked":"SKIP","floor":18},{"not_picked":["Noxious Fumes","Accuracy"],"picked":"Dodge and Roll","floor":19},{"not_picked":["Heel Hook","Outmaneuver"],"picked":"Blur","floor":21}],"player_experience":1250631,"relics_obtained":[{"floor":7,"key":"Juzu Bracelet"},{"floor":9,"key":"Letter Opener"},{"floor":12,"key":"Blood Vial"}],"event_choices":[{"event_name":"Liars Game","player_choice":"disagreed","floor":5.0,"damage_taken":0.0},{"event_name":"World of Goop","player_choice":"Left","floor":14,"damage_taken":0}],"is_beta":false,"boss_relics":[{"not_picked":["Ring of the Serpent","Orrery"],"picked":"Empty Cage"}],"items_purged_floors":[4],"is_endless":false,"potions_floor_spawned":[2,7,16,18],"killed_by":"Sentry and Sphere","ascension_level":15}