{"gold_per_floor":[116,132,143,143,16,16,46,63,88,101,128,128,28,53,53,128,128,148,148,173,185,110,110,137,152,203,203,213,246,265,265,265,342,342,361,371,29,29,29,29,60,107,107,107,121,121,141,152,152,152],"floor_reached":51,"playtime":2659,"items_purged":["Strike_R"],"score":1274,"play_id":"34f9aad7-b8de-48ac-85d4-9a09d69fcf66","local_time":"20181003133747","is_ascension_mode":true,"campfire_choices":[{"data":"Havoc","floor":6,"key":"SMITH"},{"data":"Uppercut","floor":12,"key":"SMITH"},{"data":"Bash","floor":15,"key":"SMITH"},{"floor":23,"key":"REST"},{"floor":27,"key":"REST"},{"floor":32,"key":"REST"},{"data":"Shockwave","floor":40,"key":"SMITH"},{"floor":44,"key":"REST"},{"floor":46,"key":"REST"},{"floor":49,"key":"REST"}],"neow_cost":"NONE","seed_source_timestamp":105172283547247,"circlet_count":0,"master_deck":["Bash+1","AscendersBane","Warcry","Havoc+1","Pummel","Metallicize","Shrug It Off","Uppercut+1","Cleave","Dropkick","Twin Strike","Sword Boomerang","Feed","Headbutt+1","Warcry+1","Shockwave+1","Flame Barrier","Offering","Uppercut","Burning Pact","Metallicize","Disarm","Sever Soul","Twin Strike","Armaments+1","Evolve","Feel No Pain+1","Spot Weakness","True Grit+1","Spot Weakness+1"],"relics":["Burning Blood","Centennial Puzzle","Pen Nib","Orichalcum","Lantern","Velvet Choker","Red Mask","Bag of Preparation","Omamori","Darkstone Periapt","Letter Opener","Pandora\u0027s Box","Frozen Egg 2","Bronze Scales","Incense Burner","Prayer Wheel"],"potions_floor_usage":[18,20,28,29,33,42,50],"damage_taken":[{"damage":10,"enemies":"Small Slimes","floor":1,"turns":5},{"damage":7,"enemies":"Jaw Worm","floor":2,"turns":3},{"damage":6,"enemies":"Cultist","floor":3,"turns":4},{"damage":26,"enemies":"Lagavulin","floor":7,"turns":10},{"damage":1,"enemies":"3 Louse","floor":8,"turns":5},{"damage":0,"enemies":"Red Slaver","floor":10,"turns":4},{"damage":7,"enemies":"Gremlin Nob","floor":11,"turns":3},{"damage":8,"enemies":"Lagavulin","floor":14,"turns":6},{"damage":40,"enemies":"Hexaghost","floor":16,"turns":11},{"damage":5,"enemies":"2 Thieves","floor":18,"turns":2},{"damage":42,"enemies":"Masked Bandits","floor":20,"turns":5},{"damage":0,"enemies":"Chosen","floor":21,"turns":4},{"damage":28,"enemies":"Gremlin Leader","floor":24,"turns":5},{"damage":8,"enemies":"Snake Plant","floor":25,"turns":3},{"damage":8,"enemies":"Centurion and Healer","floor":28,"turns":5},{"damage":21,"enemies":"Book of Stabbing","floor":29,"turns":6},{"damage":5,"enemies":"Snecko","floor":30,"turns":3},{"damage":45,"enemies":"Automaton","floor":33,"turns":11},{"damage":4,"enemies":"3 Shapes","floor":35,"turns":9},{"damage":23,"enemies":"3 Darklings","floor":36,"turns":7},{"damage":68,"enemies":"Giant Head","floor":41,"turns":10},{"damage":20,"enemies":"Mysterious Sphere","floor":42,"turns":5},{"damage":13,"enemies":"Sphere and 2 Shapes","floor":45,"turns":5},{"damage":6,"enemies":"Transient","floor":47,"turns":5},{"damage":23,"enemies":"Spire Growth","floor":48,"turns":7},{"damage":72,"enemies":"Donu and Deca","floor":50,"turns":6}],"seed_played":"3557762464449567803","potions_obtained":[{"floor":2,"key":"FairyPotion"},{"floor":14,"key":"FearPotion"},{"floor":16,"key":"SpeedPotion"},{"floor":18,"key":"Ancient Potion"},{"floor":24,"key":"BloodPotion"},{"floor":28,"key":"Dexterity Potion"},{"floor":35,"key":"Regen Potion"},{"floor":47,"key":"LiquidBronze"}],"is_trial":false,"path_per_floor":["M","M","M","?","$","R","E","M","T","M","E","R","$","E","R","B",null,"M","?","?","M","?","R","E","M","T","R","M","E","M","T","R","B",null,"M","M","$","?","$","R","E","?","T","R","M","R","M","M","R","B"],"character_chosen":"IRONCLAD","items_purchased":["Metallicize","Shrug It Off","Twin Strike","Frozen Egg 2","Feel No Pain+1"],"campfire_rested":6,"item_purchase_floors":[5,5,13,37,37],"current_hp_per_floor":[64,63,63,68,68,68,48,53,53,59,58,58,58,56,56,22,66,70,46,13,19,19,46,24,25,25,53,63,48,49,49,78,39,83,88,71,71,91,91,91,29,32,32,62,58,89,89,72,103,37],"gold":152,"neow_bonus":"TRANSFORM_CARD","is_prod":false,"is_daily":false,"chose_seed":false,"campfire_upgraded":4,"win_rate":0,"timestamp":1538599067,"path_taken":["M","M","M","?","?","R","E","M","T","M","E","R","$","E","R","BOSS","M","?","?","M","?","R","E","M","T","R","M","E","M","?","R","BOSS","M","M","$","?","?","R","E","?","T","R","M","R","M","M","R","BOSS"],"build_version":"2018-09-27","purchased_purges":1,"victory":true,"max_hp_per_floor":[75,75,75,80,80,80,80,80,80,80,80,80,80,80,80,80,80,83,88,91,91,91,91,91,94,94,94,97,97,97,97,97,97,97,100,100,100,100,100,100,100,103,103,103,106,106,106,106,106,106],"card_choices":[{"not_picked":["Headbutt","Seeing Red"],"picked":"Havoc","floor":1},{"not_picked":["Entrench","Fire Breathing","Perfected Strike"],"picked":"SKIP","floor":2},{"not_picked":["Clash","Body Slam"],"picked":"Pummel","floor":3},{"not_picked":["Bloodletting","Clothesline"],"picked":"Uppercut","floor":7},{"not_picked":["Dropkick","Havoc","Double Tap"],"picked":"SKIP","floor":8},{"not_picked":["True Grit","Clothesline"],"picked":"Cleave","floor":10},{"not_picked":["Second Wind","Hemokinesis"],"picked":"Dropkick","floor":11},{"not_picked":["Uppercut","Burning Pact"],"picked":"Sword Boomerang","floor":14},{"not_picked":["Limit Break","Double Tap"],"picked":"Feed","floor":16},{"not_picked":["Shrug It Off","Perfected Strike+1"],"picked":"Headbutt+1","floor":18},{"not_picked":["Searing Blow","Sword Boomerang"],"picked":"Warcry+1","floor":20},{"not_picked":["Seeing Red","Twin Strike","Wild Strike"],"picked":"SKIP","floor":21},{"not_picked":["Hemokinesis","Dropkick","Brutality"],"picked":"SKIP","floor":24},{"not_picked":["Flex","Cleave","Pummel"],"picked":"SKIP","floor":25},{"not_picked":["Rupture","Cleave"],"picked":"Shockwave","floor":28},{"not_picked":["Intimidate","Ghostly Armor","Cleave"],"picked":"SKIP","floor":29},{"not_picked":["Dropkick","Shrug It Off"],"picked":"Flame Barrier","floor":30},{"not_picked":["Berserk","Juggernaut"],"picked":"Offering","floor":33},{"not_picked":["Twin Strike","Headbutt"],"picked":"Armaments+1","floor":35},{"not_picked":["Heavy Blade","Blood for Blood"],"picked":"Evolve","floor":36},{"not_picked":["Clash","Iron Wave","Thunderclap"],"picked":"SKIP","floor":41},{"not_picked":["Heavy Blade","Shrug It Off"],"picked":"Spot Weakness","floor":42},{"not_picked":["Flex","Twin Strike","Bloodletting"],"picked":"SKIP","floor":45},{"not_picked":["Carnage","Brutality+1","Uppercut"],"picked":"SKIP","floor":45},{"not_picked":["Iron Wave","Power Through+1"],"picked":"True Grit+1","floor":47},{"not_picked":["Clothesline","Headbutt","Infernal Blade"],"picked":"SKIP","floor":47},{"not_picked":["Bloodletting","Anger"],"picked":"Spot Weakness+1","floor":48},{"not_picked":["Pummel","Hemokinesis","Seeing Red+1"],"picked":"SKIP","floor":48}],"player_experience":1244955,"relics_obtained":[{"floor":7,"key":"Centennial Puzzle"},{"floor":9,"key":"Pen Nib"},{"floor":11,"key":"Orichalcum"},{"floor":14,"key":"Lantern"},{"floor":20,"key":"Red Mask"},{"floor":24,"key":"Bag of Preparation"},{"floor":26,"key":"Omamori"},{"floor":29,"key":"Darkstone Periapt"},{"floor":31,"key":"Letter Opener"},{"floor":41,"key":"Bronze Scales"},{"floor":42,"key":"Incense Burner"},{"floor":43,"key":"Prayer Wheel"}],"event_choices":[{"event_name":"Big Fish","player_choice":"Donut","floor":4,"damage_taken":0},{"event_name":"Forgotten Altar","player_choice":"Shed Blood","floor":19,"damage_taken":0},{"event_name":"Masked Bandits","player_choice":"Fought Bandits","floor":20,"damage_taken":0},{"event_name":"Beggar","player_choice":"Gave Gold","floor":22,"damage_taken":0},{"event_name":"Winding Halls","player_choice":"Writhe","floor":38,"damage_taken":0},{"event_name":"Mysterious Sphere","player_choice":"Fight","floor":42,"damage_taken":0}],"is_beta":false,"boss_relics":[{"not_picked":["Empty Cage","Astrolabe"],"picked":"Velvet Choker"},{"not_picked":["Lizard Tail","Black Star"],"picked":"Pandora\u0027s Box"}],"items_purged_floors":[13],"is_endless":false,"potions_floor_spawned":[2,14,16,18,24,28,35,47],"ascension_level":15}