{"gold_per_floor":[116,116,131,149,149,149,165,199,199,237,257,257,278,312,312,410,410,429,444,98,98,116,154,154,193,193,226,48,71,104,120,120,210,210,226,351,366,699,710,744,744,778,778,169,169,179,179,204,204,204],"floor_reached":51,"playtime":2753,"items_purged":["Anger","Strike_R","Strike_R"],"score":1718,"play_id":"8073745c-9298-4105-8fd5-a5336c25d921","local_time":"20190325094342","is_ascension_mode":true,"campfire_choices":[{"data":"Immolate","floor":6.0,"key":"SMITH"},{"data":"Double Tap","floor":12.0,"key":"SMITH"},{"data":"Spot Weakness","floor":15.0,"key":"SMITH"},{"data":"True Grit","floor":24.0,"key":"SMITH"},{"data":"Inflame","floor":32.0,"key":"SMITH"},{"data":"Disarm","floor":41,"key":"SMITH"},{"data":"Feel No Pain","floor":47,"key":"SMITH"},{"data":"Disarm","floor":49,"key":"SMITH"}],"neow_cost":"NONE","seed_source_timestamp":0,"circlet_count":0,"master_deck":["AscendersBane","Strike_R","Defend_R","Defend_R","Defend_R","Bash+1","Clothesline","Pommel Strike","Immolate+1","Double Tap+1","Headbutt","Spot Weakness+1","Power Through","Feed","Shrug It Off","True Grit+1","Inflame+1","Disarm+1","Shockwave","Heavy Blade","Disarm+1","Body Slam","Metallicize","True Grit+1","Second Wind","Twin Strike+1","Bludgeon","Impervious","Armaments","Barricade","Feel No Pain+1","Entrench","Offering","Corruption","Shrug It Off","Shrug It Off+1","Battle Trance+1"],"special_seed":0,"relics":["Burning Blood","Pear","Mercury Hourglass","PreservedInsect","Regal Pillow","Snecko Eye","Art of War","Bottled Tornado","Blood Vial","Bag of Marbles","Ancient Tea Set","Lizard Tail","FossilizedHelix","Incense Burner","Self Forming Clay","StoneCalendar","Vajra","Singing Bowl","Ornamental Fan"],"potions_floor_usage":[50,50],"damage_taken":[{"damage":0.0,"enemies":"2 Louse","floor":1.0,"turns":4.0},{"damage":8.0,"enemies":"Jaw Worm","floor":3.0,"turns":4.0},{"damage":10.0,"enemies":"Small Slimes","floor":4.0,"turns":3.0},{"damage":11.0,"enemies":"3 Louse","floor":7.0,"turns":2.0},{"damage":17.0,"enemies":"Gremlin Nob","floor":8.0,"turns":4.0},{"damage":12.0,"enemies":"3 Sentries","floor":10.0,"turns":3.0},{"damage":10.0,"enemies":"Red Slaver","floor":11.0,"turns":2.0},{"damage":2.0,"enemies":"2 Fungi Beasts","floor":13.0,"turns":2.0},{"damage":20.0,"enemies":"Lagavulin","floor":14.0,"turns":4.0},{"damage":44.0,"enemies":"The Guardian","floor":16.0,"turns":10.0},{"damage":0.0,"enemies":"Shell Parasite","floor":18.0,"turns":2.0},{"damage":6.0,"enemies":"2 Thieves","floor":19.0,"turns":4.0},{"damage":29.0,"enemies":"3 Cultists","floor":22.0,"turns":4.0},{"damage":13.0,"enemies":"Gremlin Leader","floor":23.0,"turns":6.0},{"damage":7.0,"enemies":"Book of Stabbing","floor":25.0,"turns":5.0},{"damage":11.0,"enemies":"Gremlin Leader","floor":27.0,"turns":4.0},{"damage":0.0,"enemies":"Centurion and Healer","floor":29.0,"turns":1.0},{"damage":1.0,"enemies":"Slavers","floor":30.0,"turns":11.0},{"damage":3.0,"enemies":"Cultist and Chosen","floor":31.0,"turns":3.0},{"damage":49.0,"enemies":"Champ","floor":33.0,"turns":9.0},{"damage":11.0,"enemies":"3 Shapes","floor":35.0,"turns":5.0},{"damage":3.0,"enemies":"Mind Bloom Boss Battle","floor":36.0,"turns":7.0},{"damage":22,"enemies":"3 Darklings","floor":37,"turns":5},{"damage":0,"enemies":"Maw","floor":39,"turns":10},{"damage":0,"enemies":"Giant Head","floor":40,"turns":7},{"damage":19,"enemies":"Reptomancer","floor":42,"turns":6},{"damage":13,"enemies":"Sphere and 2 Shapes","floor":46,"turns":4},{"damage":6,"enemies":"Giant Head","floor":48,"turns":6},{"damage":6,"enemies":"Awakened One","floor":50,"turns":13}],"seed_played":"6221138317085402099","potions_obtained":[{"floor":10.0,"key":"Weak Potion"},{"floor":11.0,"key":"EssenceOfSteel"},{"floor":13.0,"key":"Dexterity Potion"},{"floor":16.0,"key":"BloodPotion"},{"floor":19.0,"key":"Weak Potion"},{"floor":29.0,"key":"Swift Potion"},{"floor":35.0,"key":"PowerPotion"},{"floor":36.0,"key":"Strength Potion"}],"is_trial":false,"path_per_floor":["M","?","M","M","?","R","M","E","T","E","M","R","M","E","R","B",null,"M","M","$","?","M","E","R","E","T","E","$","M","E","M","R","B",null,"M","?","M","?","M","E","R","E","T","$","?","M","R","E","R","B",null],"character_chosen":"IRONCLAD","items_purchased":["Inflame","Disarm","Shockwave","Heavy Blade","Bludgeon","Corruption","Vajra","Shrug It Off","Singing Bowl"],"campfire_rested":0,"item_purchase_floors":[20,20,20,20,28,44,44,44,44],"current_hp_per_floor":[81,81,79,75,74,74,69,68,68,62,58,58,62,48,48,10,66,72,83,83,83,60,56,56,55,55,52,52,60,70,78,78,40,84,84,92,78,78,86,94,94,83,83,83,83,81,81,86,86,91],"gold":204,"neow_bonus":"TEN_PERCENT_HP_BONUS","is_prod":false,"is_daily":false,"chose_seed":false,"campfire_upgraded":8,"win_rate":0,"timestamp":1553532222,"path_taken":["M","?","M","M","?","R","M","E","T","E","M","R","M","E","R","BOSS","M","M","$","?","M","E","R","E","T","E","$","M","E","M","R","BOSS","M","?","M","?","M","E","R","E","T","$","?","M","R","E","R","BOSS"],"build_version":"2019-01-23","purchased_purges":3,"victory":true,"max_hp_per_floor":[82,82,82,82,74,74,74,84,84,84,84,84,84,84,84,84,84,84,87,87,87,87,90,90,90,90,90,90,90,93,96,96,99,99,102,105,105,105,105,105,105,105,105,105,105,108,108,111,111,114],"card_choices":[{"not_picked":["Havoc","Anger"],"picked":"Clothesline","floor":1.0},{"not_picked":["Havoc","Wild Strike"],"picked":"Pommel Strike","floor":3.0},{"not_picked":["Twin Strike","Body Slam"],"picked":"Immolate","floor":4.0},{"not_picked":["Pommel Strike","Perfected Strike"],"picked":"Anger","floor":7.0},{"not_picked":["Juggernaut","Sword Boomerang","Warcry"],"picked":"SKIP","floor":8.0},{"not_picked":["Flex","Sword Boomerang"],"picked":"Double Tap","floor":10.0},{"not_picked":["Pummel","Corruption"],"picked":"Headbutt","floor":11.0},{"not_picked":["Metallicize","Anger"],"picked":"Spot Weakness","floor":13.0},{"not_picked":["Rage","Iron Wave"],"picked":"Power Through","floor":14.0},{"not_picked":["Brutality","Exhume"],"picked":"Feed","floor":16.0},{"not_picked":["Cleave","True Grit"],"picked":"Shrug It Off","floor":18.0},{"not_picked":["Evolve","Sword Boomerang"],"picked":"True Grit+1","floor":19.0},{"not_picked":["Heavy Blade+1","Wild Strike"],"picked":"Metallicize","floor":22.0},{"not_picked":["Rupture","Pommel Strike"],"picked":"True Grit","floor":23.0},{"not_picked":["Burning Pact","Thunderclap"],"picked":"Second Wind","floor":25.0},{"not_picked":["Warcry","Searing Blow"],"picked":"Twin Strike+1","floor":27.0},{"not_picked":["Searing Blow","Armaments","Seeing Red"],"picked":"SKIP","floor":29.0},{"not_picked":["Sentinel+1","Headbutt+1"],"picked":"Impervious","floor":30.0},{"not_picked":["Havoc","Reckless Charge"],"picked":"Armaments","floor":31.0},{"not_picked":["Berserk","Feed"],"picked":"Barricade","floor":33.0},{"not_picked":["Rupture","Iron Wave"],"picked":"Feel No Pain","floor":35.0},{"not_picked":["Wild Strike","Shockwave","Clash+1"],"picked":"SKIP","floor":37},{"not_picked":["Twin Strike+1","Wild Strike"],"picked":"Entrench","floor":39},{"not_picked":["Combust","Rampage","Feel No Pain"],"picked":"SKIP","floor":40},{"not_picked":["Uppercut","Pommel Strike"],"picked":"Offering","floor":42},{"not_picked":["Cleave","Pommel Strike"],"picked":"Shrug It Off+1","floor":46},{"not_picked":["Demon Form","Clash+1"],"picked":"Battle Trance+1","floor":48}],"player_experience":2370659,"relics_obtained":[{"floor":8.0,"key":"Pear"},{"floor":9.0,"key":"Mercury Hourglass"},{"floor":10.0,"key":"PreservedInsect"},{"floor":14.0,"key":"Regal Pillow"},{"floor":23.0,"key":"Art of War"},{"floor":25.0,"key":"Bottled Tornado"},{"floor":26.0,"key":"Blood Vial"},{"floor":27.0,"key":"Bag of Marbles"},{"floor":30.0,"key":"Ancient Tea Set"},{"floor":36.0,"key":"FossilizedHelix"},{"floor":40,"key":"Incense Burner"},{"floor":42,"key":"Self Forming Clay"},{"floor":43,"key":"StoneCalendar"},{"floor":48,"key":"Ornamental Fan"}],"event_choices":[{"damage_healed":0.0,"max_hp_gain":0.0,"max_hp_loss":0.0,"gold_gain":0.0,"event_name":"Living Wall","player_choice":"Grow","floor":2.0,"gold_loss":0.0,"damage_taken":0.0,"cards_upgraded":["Bash"]},{"damage_healed":0.0,"max_hp_gain":0.0,"max_hp_loss":8.0,"gold_gain":0.0,"event_name":"Golden Idol","player_choice":"Lose Max HP","floor":5.0,"gold_loss":0.0,"damage_taken":0.0,"relics_obtained":["Golden Idol"]},{"damage_healed":0.0,"max_hp_gain":0.0,"max_hp_loss":0.0,"gold_gain":0.0,"cards_transformed":["Strike_R","Strike_R"],"event_name":"Drug Dealer","player_choice":"Became Test Subject","floor":21.0,"gold_loss":0.0,"damage_taken":0.0,"cards_obtained":["Disarm","Body Slam"]},{"damage_healed":0.0,"max_hp_gain":0.0,"max_hp_loss":0.0,"gold_gain":0.0,"event_name":"MindBloom","player_choice":"Fight","floor":36.0,"gold_loss":0.0,"damage_taken":0.0},{"damage_healed":0,"gold_gain":333,"player_choice":"Gave Idol","damage_taken":0,"max_hp_gain":0,"max_hp_loss":0,"event_name":"The Moai Head","floor":38,"relics_lost":["Golden Idol"],"gold_loss":0},{"cards_removed":["Defend_R"],"damage_healed":0,"gold_gain":0,"player_choice":"Removed Skill","damage_taken":0,"max_hp_gain":0,"max_hp_loss":0,"event_name":"Falling","floor":45,"gold_loss":0}],"is_beta":false,"boss_relics":[{"not_picked":["Orrery","Astrolabe"],"picked":"Snecko Eye"},{"not_picked":["Runic Dome","Black Blood"],"picked":"Lizard Tail"}],"items_purged_floors":[20,28,44],"is_endless":false,"potions_floor_spawned":[10,11,13,16,19,23,29,30,35,36,46],"ascension_level":15}