{"gold_per_floor":[218,235,235,235,23,63,63,33,59,75,75,89,89,130,130,130],"floor_reached":16,"playtime":783,"items_purged":[],"score":194,"play_id":"f281f350-dbec-4111-b994-99f10d7c6be5","local_time":"20190426002706","is_ascension_mode":true,"campfire_choices":[{"floor":7,"key":"REST"},{"data":"Apotheosis","floor":11,"key":"SMITH"},{"floor":13,"key":"REST"},{"floor":15,"key":"REST"}],"neow_cost":"NONE","seed_source_timestamp":105837976243999,"circlet_count":0,"master_deck":["AscendersBane","Strike_R","Strike_R","Strike_R","Strike_R","Strike_R","Defend_R","Defend_R","Defend_R","Defend_R","Bash","Armaments","Shockwave","Injury","Apotheosis+1","Entrench","Flame Barrier"],"relics":["Burning Blood","Golden Idol","Paper Frog","Lantern","The Courier"],"potions_floor_usage":[2,14,16],"damage_taken":[{"damage":1,"enemies":"Cultist","floor":1,"turns":3},{"damage":7,"enemies":"2 Louse","floor":2,"turns":4},{"damage":50,"enemies":"3 Sentries","floor":6,"turns":11},{"damage":4,"enemies":"Small Slimes","floor":10,"turns":6},{"damage":1,"enemies":"Red Slaver","floor":12,"turns":7},{"damage":36,"enemies":"Lagavulin","floor":14,"turns":11},{"damage":70,"enemies":"Slime Boss","floor":16,"turns":11}],"seed_played":"832824500983790430","potions_obtained":[{"floor":1,"key":"AttackPotion"},{"floor":6,"key":"Poison Potion"},{"floor":8,"key":"LiquidBronze"},{"floor":12,"key":"Explosive Potion"},{"floor":14,"key":"LiquidBronze"}],"is_trial":false,"path_per_floor":["M","M","$","?","$","E","R","?","T","M","R","M","R","E","R","B"],"character_chosen":"IRONCLAD","items_purchased":["Apotheosis"],"campfire_rested":3,"item_purchase_floors":[5],"current_hp_per_floor":[73,72,72,72,72,28,50,50,50,52,52,57,75,45,67,0],"gold":130,"neow_bonus":"HUNDRED_GOLD","is_prod":false,"is_daily":false,"chose_seed":false,"campfire_upgraded":1,"win_rate":0,"timestamp":1556231226,"path_taken":["M","M","$","?","$","E","R","?","T","?","R","M","R","E","R","BOSS"],"build_version":"2019-01-23","purchased_purges":0,"victory":false,"max_hp_per_floor":[75,75,75,75,75,75,75,75,75,75,75,75,75,75,75,75],"card_choices":[{"not_picked":["Searing Blow","Infernal Blade"],"picked":"Armaments","floor":1},{"not_picked":["Burning Pact","Heavy Blade"],"picked":"Shockwave","floor":2},{"not_picked":["Clash","Searing Blow","Bloodletting"],"picked":"SKIP","floor":6},{"not_picked":["Uppercut","Shockwave"],"picked":"Entrench","floor":10},{"not_picked":["Rupture","Perfected Strike"],"picked":"Flame Barrier","floor":12},{"not_picked":["Battle Trance","Infernal Blade","Anger"],"picked":"SKIP","floor":14}],"player_experience":738158,"relics_obtained":[{"floor":6,"key":"Paper Frog"},{"floor":9,"key":"Lantern"},{"floor":14,"key":"The Courier"}],"event_choices":[{"damage_healed":0,"gold_gain":0,"player_choice":"Take Wound","damage_taken":0,"relics_obtained":["Golden Idol"],"max_hp_gain":0,"max_hp_loss":0,"event_name":"Golden Idol","floor":4,"gold_loss":0,"cards_obtained":["Injury"]},{"damage_healed":0,"gold_gain":0,"player_choice":"Bought 2 Potions","damage_taken":0,"max_hp_gain":0,"max_hp_loss":0,"event_name":"The Woman in Blue","floor":8,"gold_loss":0}],"is_beta":false,"boss_relics":[],"items_purged_floors":[],"is_endless":false,"potions_floor_spawned":[1,6,12,14],"killed_by":"Slime Boss","ascension_level":16}