{"gold_per_floor":[109,124,124,134,134,134,54,80,131,131,141,156,156,169,169,247,247,247,247,21,21,21,21],"floor_reached":23,"playtime":1439,"items_purged":[],"score":552,"play_id":"801784a4-e18b-4728-a48c-66f900326371","local_time":"20190329031509","is_ascension_mode":true,"campfire_choices":[{"data":"Bash","floor":6.0,"key":"SMITH"},{"data":"Feed","floor":10.0,"key":"SMITH"},{"data":"Reaper","floor":13.0,"key":"SMITH"},{"data":"Feel No Pain","floor":15.0,"key":"SMITH"}],"neow_cost":"NONE","seed_source_timestamp":208843093812627,"circlet_count":0,"master_deck":["AscendersBane","Strike_R","Strike_R","Strike_R","Strike_R","Strike_R","Defend_R","Defend_R","Defend_R","Defend_R","Bash+1","Offering","Cleave","Armaments+1","Reaper+1","Feed+1","Disarm","Shrug It Off","Feel No Pain+1","Barricade","Intimidate","True Grit+1"],"special_seed":0,"relics":["Burning Blood","Art of War","Orichalcum","Ectoplasm","ClockworkSouvenir"],"potions_floor_usage":[],"damage_taken":[{"damage":8.0,"enemies":"Jaw Worm","floor":1.0,"turns":3.0},{"damage":7.0,"enemies":"Cultist","floor":2.0,"turns":3.0},{"damage":6.0,"enemies":"2 Louse","floor":4.0,"turns":1.0},{"damage":33.0,"enemies":"Gremlin Nob","floor":8.0,"turns":5.0},{"damage":16.0,"enemies":"Exordium Thugs","floor":11.0,"turns":3.0},{"damage":22.0,"enemies":"Looter","floor":12.0,"turns":5.0},{"damage":0.0,"enemies":"Gremlin Gang","floor":14.0,"turns":3.0},{"damage":46.0,"enemies":"Hexaghost","floor":16.0,"turns":12.0},{"damage":20.0,"enemies":"Shell Parasite","floor":18.0,"turns":10.0},{"damage":18.0,"enemies":"3 Byrds","floor":19.0,"turns":8.0},{"damage":12.0,"enemies":"Shelled Parasite and Fungi","floor":21.0,"turns":11.0},{"damage":59,"enemies":"Slavers","floor":23,"turns":3}],"seed_played":"7963198023246966621","potions_obtained":[{"floor":2.0,"key":"GamblersBrew"},{"floor":3.0,"key":"Dexterity Potion"},{"floor":3.0,"key":"EntropicBrew"},{"floor":8.0,"key":"AttackPotion"},{"floor":12.0,"key":"Fire Potion"}],"is_trial":false,"path_per_floor":["M","M","?","M","?","R","$","E","T","R","M","M","R","M","R","B",null,"M","M","$","M","?","E"],"character_chosen":"IRONCLAD","items_purchased":["Reaper","ClockworkSouvenir"],"campfire_rested":0,"item_purchase_floors":[7,20],"current_hp_per_floor":[66,65,65,65,65,65,65,43,43,43,37,29,29,59,59,24,71,61,55,55,57,57,0],"gold":21,"neow_bonus":"ONE_RANDOM_RARE_CARD","is_prod":false,"is_daily":false,"chose_seed":false,"campfire_upgraded":4,"win_rate":0,"timestamp":1553825709,"path_taken":["M","M","?","?","?","R","$","E","T","R","M","M","R","M","R","BOSS","M","M","$","M","?","E"],"build_version":"2019-01-23","purchased_purges":0,"victory":false,"max_hp_per_floor":[75,75,75,75,75,75,75,75,75,75,79,83,83,87,87,87,87,91,91,91,95,95,95],"card_choices":[{"not_picked":["Heavy Blade","Headbutt"],"picked":"Cleave","floor":1.0},{"not_picked":["True Grit","Sentinel"],"picked":"Armaments","floor":2.0},{"not_picked":["Blood for Blood","Pommel Strike","Infernal Blade"],"picked":"SKIP","floor":4.0},{"not_picked":["True Grit","Sword Boomerang"],"picked":"Feed","floor":8.0},{"not_picked":["Infernal Blade","True Grit"],"picked":"Disarm","floor":11.0},{"not_picked":["Clothesline","Pummel"],"picked":"Shrug It Off","floor":12.0},{"not_picked":["Rupture","Perfected Strike","Feel No Pain"],"picked":"SKIP","floor":14.0},{"not_picked":["Rupture","Perfected Strike"],"picked":"Feel No Pain","floor":14.0},{"not_picked":["Exhume","Juggernaut"],"picked":"Barricade","floor":16.0},{"not_picked":["Thunderclap","Evolve"],"picked":"Intimidate","floor":18.0},{"not_picked":["Pommel Strike","Offering"],"picked":"True Grit+1","floor":19.0},{"not_picked":["Anger","Wild Strike","Bloodletting"],"picked":"SKIP","floor":21.0}],"player_experience":648654,"relics_obtained":[{"floor":8.0,"key":"Art of War"},{"floor":9.0,"key":"Orichalcum"}],"event_choices":[{"damage_healed":0.0,"max_hp_gain":0.0,"max_hp_loss":0.0,"gold_gain":0.0,"event_name":"Lab","player_choice":"Got Potions","floor":3.0,"gold_loss":0.0,"damage_taken":0.0},{"damage_healed":0.0,"max_hp_gain":0.0,"max_hp_loss":0.0,"gold_gain":0.0,"event_name":"Living Wall","player_choice":"Grow","floor":5.0,"gold_loss":0.0,"damage_taken":0.0,"cards_upgraded":["Armaments"]},{"damage_healed":0.0,"max_hp_gain":0.0,"max_hp_loss":0.0,"gold_gain":0.0,"event_name":"WeMeetAgain","player_choice":"Ignored","floor":22.0,"gold_loss":0.0,"damage_taken":0.0}],"is_beta":false,"boss_relics":[{"not_picked":["Black Blood","Calling Bell"],"picked":"Ectoplasm"}],"items_purged_floors":[],"is_endless":false,"potions_floor_spawned":[2,4,8,12],"killed_by":"Slavers","ascension_level":16}