{"gold_per_floor":[214,364,289,94,94,122,122,150,197,214,229,254,254,24,24,100,100,113,388,407,427,23,23,39,39,39,73,89,118,132,162,162,236,236,247,7,7,17,27,27,59,59,59,74,90,120,134,162,162,162,162,162,162,37,64,64],"floor_reached":57,"playtime":5271,"items_purged":["Regret","Rebound","Pain"],"score":3340,"play_id":"8ceb324d-cc18-42b1-b6a7-d1dcfca2b915","local_time":"20190310210019","is_ascension_mode":true,"campfire_choices":[{"data":"Darkness","floor":7.0,"key":"SMITH"},{"data":"Reinforced Body","floor":13.0,"key":"SMITH"},{"floor":15.0,"key":"REST"},{"data":"Discovery","floor":23.0,"key":"SMITH"},{"data":"Heatsinks","floor":25.0,"key":"SMITH"},{"data":"Aggregate","floor":32.0,"key":"SMITH"},{"data":"Recycle","floor":40.0,"key":"SMITH"},{"data":"Double Energy","floor":42.0,"key":"SMITH"},{"floor":49.0,"key":"RECALL"},{"floor":53.0,"key":"REST"}],"neow_cost":"NONE","seed_source_timestamp":12191368332100,"circlet_count":0,"master_deck":["AscendersBane","Zap","Dualcast","Darkness+1","White Noise","Reinforced Body+1","Cold Snap+1","Core Surge","Hologram","Melter","Cold Snap+1","Reinforced Body","Aggregate+1","Reprogram","Multi-Cast","Recycle+1","Chill","Discovery+1","Heatsinks+1","Sunder","Loop+1","Defragment+1","Biased Cognition","Double Energy+1","Coolheaded","Skim","Meteor Strike","Turbo+1"],"special_seed":0,"relics":["Cracked Core","PreservedInsect","Incense Burner","Art of War","Lantern","Singing Bowl","Medical Kit","Pandora\u0027s Box","Lee\u0027s Waffle","Question Card","Whetstone","Shuriken","Mummified Hand","Runic Pyramid","WarpedTongs","Boot","Mercury Hourglass","Vajra"],"potions_floor_usage":[56],"damage_taken":[{"damage":10.0,"enemies":"2 Louse","floor":1.0,"turns":3.0},{"damage":39.0,"enemies":"Gremlin Nob","floor":6.0,"turns":4.0},{"damage":15.0,"enemies":"3 Sentries","floor":8.0,"turns":6.0},{"damage":9.0,"enemies":"Small Slimes","floor":10.0,"turns":4.0},{"damage":7.0,"enemies":"Jaw Worm","floor":11.0,"turns":4.0},{"damage":0.0,"enemies":"Lagavulin","floor":12.0,"turns":7.0},{"damage":9.0,"enemies":"Hexaghost","floor":16.0,"turns":8.0},{"damage":0.0,"enemies":"Spheric Guardian","floor":18.0,"turns":2.0},{"damage":11.0,"enemies":"2 Thieves","floor":20.0,"turns":2.0},{"damage":30.0,"enemies":"Snake Plant","floor":21.0,"turns":5.0},{"damage":19.0,"enemies":"Centurion and Healer","floor":24.0,"turns":9.0},{"damage":3.0,"enemies":"Slavers","floor":27.0,"turns":6.0},{"damage":7.0,"enemies":"Shelled Parasite and Fungi","floor":28.0,"turns":4.0},{"damage":34.0,"enemies":"Book of Stabbing","floor":29.0,"turns":5.0},{"damage":3.0,"enemies":"Snecko","floor":30.0,"turns":5.0},{"damage":0.0,"enemies":"Gremlin Leader","floor":31.0,"turns":6.0},{"damage":0.0,"enemies":"Automaton","floor":33.0,"turns":6.0},{"damage":0.0,"enemies":"Orb Walker","floor":35.0,"turns":5.0},{"damage":1.0,"enemies":"3 Shapes","floor":38.0,"turns":4.0},{"damage":9.0,"enemies":"Jaw Worm Horde","floor":39.0,"turns":5.0},{"damage":1.0,"enemies":"Giant Head","floor":41.0,"turns":6.0},{"damage":8.0,"enemies":"Spire Growth","floor":44.0,"turns":5.0},{"damage":1.0,"enemies":"4 Shapes","floor":45.0,"turns":8.0},{"damage":1.0,"enemies":"Reptomancer","floor":46.0,"turns":6.0},{"damage":12.0,"enemies":"Jaw Worm Horde","floor":47.0,"turns":3.0},{"damage":7.0,"enemies":"Giant Head","floor":48.0,"turns":5.0},{"damage":26.0,"enemies":"Donu and Deca","floor":50.0,"turns":17.0},{"damage":13.0,"enemies":"Awakened One","floor":51.0,"turns":20.0},{"damage":33,"enemies":"Shield and Spear","floor":55,"turns":9},{"damage":42,"enemies":"The Heart","floor":56,"turns":13}],"seed_played":"-1138689651598709643","potions_obtained":[{"floor":6.0,"key":"LiquidBronze"},{"floor":12.0,"key":"Weak Potion"},{"floor":18.0,"key":"AttackPotion"},{"floor":24.0,"key":"Explosive Potion"},{"floor":27.0,"key":"Regen Potion"},{"floor":30.0,"key":"LiquidBronze"},{"floor":33.0,"key":"SteroidPotion"},{"floor":38.0,"key":"Swift Potion"},{"floor":41.0,"key":"Block Potion"},{"floor":47.0,"key":"Ancient Potion"}],"is_trial":false,"path_per_floor":["M","?","?","$","?","E","R","E","T","M","M","E","R","$","R","B",null,"M","?","M","M","$","R","M","R","T","E","M","E","M","E","R","B",null,"M","$","?","M","M","R","E","R","T","M","M","E","M","E","R","B","B",null,"R","$","E","B",null],"character_chosen":"DEFECT","items_purchased":["PreservedInsect","Rebound","Medical Kit","Lee\u0027s Waffle","Discovery","Double Energy","Coolheaded"],"campfire_rested":2,"item_purchase_floors":[4,4,14,22,22,36,36],"current_hp_per_floor":[54,54,54,54,71,32,32,17,17,8,1,3,3,3,24,15,59,61,61,50,22,84,84,65,65,65,62,57,37,34,36,36,36,75,77,77,77,78,71,71,72,72,72,64,65,64,54,47,47,21,8,77,100,100,69,27],"gold":64,"neow_bonus":"HUNDRED_GOLD","is_prod":false,"is_daily":false,"chose_seed":false,"campfire_upgraded":7,"win_rate":0,"timestamp":1552222819,"path_taken":["M","?","?","$","?","E","R","E","T","M","M","E","R","?","R","BOSS","M","?","M","M","$","R","M","R","T","E","M","E","?","E","R","BOSS","M","$","?","M","M","R","E","R","T","M","M","E","?","E","R","BOSS","BOSS","R","$","E","BOSS"],"build_version":"2019-01-23","purchased_purges":3,"victory":true,"max_hp_per_floor":[71,71,71,71,71,71,71,71,71,71,71,73,73,73,73,73,73,75,75,75,77,84,84,84,84,84,84,86,86,86,88,88,88,88,90,90,90,92,94,94,96,96,96,96,98,98,100,100,100,100,100,100,100,100,102,102],"card_choices":[{"not_picked":["Coolheaded","Rebound"],"picked":"Darkness","floor":1.0},{"not_picked":["Go for the Eyes","Compile Driver"],"picked":"White Noise","floor":6.0},{"not_picked":["Stack","Gash","Fusion"],"picked":"SKIP","floor":8.0},{"not_picked":["Melter","Stack"],"picked":"Reinforced Body","floor":10.0},{"not_picked":["Conserve Battery","Sweeping Beam"],"picked":"Cold Snap","floor":11.0},{"not_picked":["Beam Cell","Redo","Genetic Algorithm"],"picked":"Singing Bowl","floor":12.0},{"not_picked":["Machine Learning","Thunder Strike"],"picked":"Core Surge","floor":16.0},{"not_picked":["Hologram","Gash","Streamline"],"picked":"Singing Bowl","floor":18.0},{"not_picked":["Genetic Algorithm","FTL"],"picked":"Chill","floor":20.0},{"not_picked":["Streamline","Compile Driver","Turbo"],"picked":"Singing Bowl","floor":21.0},{"not_picked":["Turbo","Loop"],"picked":"Heatsinks","floor":24.0},{"not_picked":["Self Repair","Steam","Machine Learning"],"picked":"Sunder","floor":27.0},{"not_picked":["Streamline","Barrage","Redo","Undo"],"picked":"Singing Bowl","floor":28.0},{"not_picked":["Recycle","Beam Cell+1","Steam"],"picked":"Loop+1","floor":29.0},{"not_picked":["Compile Driver","Scrape","Storm+1"],"picked":"Defragment+1","floor":30.0},{"not_picked":["Fusion","Streamline","Cold Snap","Darkness"],"picked":"Singing Bowl","floor":31.0},{"not_picked":["Thunder Strike","Buffer","Fission"],"picked":"Biased Cognition","floor":33.0},{"not_picked":["Gash","Barrage","Stack","Leap"],"picked":"Singing Bowl","floor":35.0},{"not_picked":["Rebound+1","Compile Driver","Coolheaded","Genetic Algorithm"],"picked":"Singing Bowl","floor":38.0},{"not_picked":["Aggregate+1","Hologram+1","Storm","Scrape"],"picked":"Singing Bowl","floor":39.0},{"not_picked":["Biased Cognition","Barrage","Thunder Strike","Ball Lightning+1"],"picked":"Singing Bowl","floor":41.0},{"not_picked":["Consume+1","Go for the Eyes","Chill"],"picked":"Skim","floor":44.0},{"not_picked":["Defragment","Coolheaded","Gash","Beam Cell"],"picked":"Singing Bowl","floor":45.0},{"not_picked":["Blizzard","All For One","Redo"],"picked":"Meteor Strike","floor":46.0},{"not_picked":["Ball Lightning+1","Stack","Cold Snap","Conserve Battery"],"picked":"Singing Bowl","floor":47.0},{"not_picked":["Leap","Biased Cognition","Compile Driver"],"picked":"Turbo+1","floor":48.0},{"not_picked":["Double Energy","Go for the Eyes+1","Ball Lightning+1","Compile Driver+1"],"picked":"Singing Bowl","floor":55}],"player_experience":2789016,"relics_obtained":[{"floor":6.0,"key":"Incense Burner"},{"floor":8.0,"key":"Art of War"},{"floor":9.0,"key":"Lantern"},{"floor":12.0,"key":"Singing Bowl"},{"floor":26.0,"key":"Question Card"},{"floor":27.0,"key":"Whetstone"},{"floor":29.0,"key":"Shuriken"},{"floor":31.0,"key":"Mummified Hand"},{"floor":46.0,"key":"Boot"},{"floor":48.0,"key":"Mercury Hourglass"},{"floor":55,"key":"Vajra"}],"event_choices":[{"damage_healed":0.0,"max_hp_gain":0.0,"max_hp_loss":0.0,"gold_gain":150.0,"event_name":"Liars Game","player_choice":"AGREE","floor":2.0,"gold_loss":0.0,"damage_taken":0.0,"cards_obtained":["Doubt"]},{"cards_removed":["Doubt"],"damage_healed":0.0,"max_hp_gain":0.0,"max_hp_loss":0.0,"gold_gain":0.0,"event_name":"The Cleric","player_choice":"Card Removal","floor":3.0,"gold_loss":75.0,"damage_taken":0.0},{"damage_healed":23.0,"max_hp_gain":0.0,"max_hp_loss":0.0,"gold_gain":0.0,"event_name":"Big Fish","player_choice":"Banana","floor":5.0,"gold_loss":0.0,"damage_taken":0.0},{"damage_healed":0.0,"max_hp_gain":0.0,"max_hp_loss":0.0,"gold_gain":275.0,"event_name":"Golden Shrine","player_choice":"Desecrate","floor":19.0,"gold_loss":0.0,"damage_taken":0.0,"cards_obtained":["Regret"]},{"damage_healed":0.0,"max_hp_gain":0.0,"max_hp_loss":0.0,"gold_gain":0.0,"event_name":"Accursed Blacksmith","player_choice":"Rummage","floor":37.0,"gold_loss":0.0,"damage_taken":0.0,"relics_obtained":["WarpedTongs"],"cards_obtained":["Pain"]}],"is_beta":false,"boss_relics":[{"not_picked":["Fusion Hammer","Runic Dome"],"picked":"Pandora\u0027s Box"},{"not_picked":["Philosopher\u0027s Stone","Busted Crown"],"picked":"Runic Pyramid"}],"items_purged_floors":[22,36,54],"is_endless":false,"potions_floor_spawned":[6,12,18,24,27,30,33,38,41,47],"ascension_level":20}