{"gold_per_floor":[110,122,142,142,142,142,168,168,214,227,227,554,229,27,27,27],"floor_reached":16,"playtime":465,"items_purged":["Strike_R","Strike_R"],"score":189,"play_id":"3ba4560f-c34f-4638-82bd-9adb94bed92f","local_time":"20181012110925","is_ascension_mode":true,"campfire_choices":[{"data":"Bash","floor":6.0,"key":"SMITH"},{"data":"Clothesline","floor":8.0,"key":"SMITH"},{"data":"Flame Barrier","floor":11.0,"key":"SMITH"},{"data":"True Grit","floor":15.0,"key":"SMITH"}],"neow_cost":"NONE","seed_source_timestamp":9605387380080,"circlet_count":0,"master_deck":["Strike_R","Strike_R","Strike_R","Defend_R","Defend_R","Defend_R","Defend_R","Bash+1","AscendersBane","Double Tap","Clothesline+1","Flame Barrier+1","Twin Strike","True Grit+1","Shrug It Off+1","Pommel Strike"],"special_seed":0,"relics":["Burning Blood","PreservedInsect","Blood Vial","Red Skull","Old Coin","Toxic Egg 2"],"potions_floor_usage":[16],"damage_taken":[{"damage":6.0,"enemies":"Cultist","floor":1.0,"turns":3.0},{"damage":5.0,"enemies":"Small Slimes","floor":2.0,"turns":3.0},{"damage":7.0,"enemies":"Jaw Worm","floor":3.0,"turns":4.0},{"damage":23.0,"enemies":"Lagavulin","floor":7.0,"turns":6.0},{"damage":15.0,"enemies":"Red Slaver","floor":10.0,"turns":3.0},{"damage":13.0,"enemies":"Gremlin Nob","floor":12.0,"turns":4.0},{"damage":45,"enemies":"Slime Boss","floor":16,"turns":7}],"seed_played":"1349959418537383628","potions_obtained":[{"floor":7.0,"key":"Energy Potion"},{"floor":10.0,"key":"Ancient Potion"}],"is_trial":false,"path_per_floor":["M","M","M","?","?","R","E","R","T","M","R","E","$","$","R"],"character_chosen":"IRONCLAD","items_purchased":["Toxic Egg 2","Shrug It Off+1","Pommel Strike"],"campfire_rested":0,"item_purchase_floors":[13,14,14],"current_hp_per_floor":[68,69,68,73,68,68,51,51,51,44,44,39,39,39,39,0],"gold":27,"neow_bonus":"ONE_RANDOM_RARE_CARD","is_prod":false,"is_daily":false,"chose_seed":false,"campfire_upgraded":4,"win_rate":0,"timestamp":1539367765,"path_taken":["M","?","M","?","?","R","E","R","T","?","R","E","?","$","R","BOSS"],"build_version":"2018-10-11","purchased_purges":2,"victory":false,"max_hp_per_floor":[75,75,75,80,80,80,80,80,80,80,80,80,80,80,80,80],"card_choices":[{"not_picked":["Perfected Strike","Twin Strike"],"picked":"Clothesline","floor":1.0},{"not_picked":["Heavy Blade","Sentinel"],"picked":"Flame Barrier","floor":2.0},{"not_picked":["Blood for Blood","Power Through"],"picked":"Twin Strike","floor":3.0},{"not_picked":["Clothesline","Thunderclap","Clash"],"picked":"SKIP","floor":7.0},{"not_picked":["Evolve","Searing Blow","Combust"],"picked":"SKIP","floor":10.0},{"not_picked":["Second Wind","Fire Breathing"],"picked":"True Grit","floor":12.0}],"player_experience":1344217,"relics_obtained":[{"floor":7.0,"key":"Blood Vial"},{"floor":9.0,"key":"Red Skull"},{"floor":12.0,"key":"Old Coin"}],"event_choices":[{"event_name":"Big Fish","player_choice":"Donut","floor":4.0,"damage_taken":0.0},{"event_name":"Scrap Ooze","player_choice":"success","floor":5.0,"damage_taken":5.0}],"is_beta":false,"boss_relics":[],"items_purged_floors":[13,14],"is_endless":false,"potions_floor_spawned":[7,10],"killed_by":"Slime Boss","ascension_level":15}