{"path_per_floor":["M","M","?","M","M","E","M","M","T","?","$","M","R","E","R","B",null,"M","M","M","M","?","R","E","R","T","M","E","?","E","$","R","B",null,"M","M","M","?","M","E","R","?","T","M","M","T","$","M","R","B"],"character_chosen":"THE_SILENT","items_purchased":["Footwork","Regen Potion","Backstab","Infinite Blades","Paper Crane","Dodge and Roll"],"gold_per_floor":[113,126,126,144,162,196,211,226,226,301,75,95,95,130,130,231,231,245,255,273,284,284,284,312,312,312,330,361,276,303,88,88,185,185,200,211,230,230,240,301,301,301,301,320,336,336,39,58,58,58],"floor_reached":51,"campfire_rested":5,"playtime":4641,"current_hp_per_floor":[69,66,66,66,51,40,35,27,27,16,16,16,37,39,60,44,70,62,62,54,47,47,68,49,70,70,49,37,37,37,37,37,33,70,69,68,68,68,61,35,70,61,61,55,55,55,55,55,55,36],"items_purged":["Defend_G","Doubt"],"gold":58,"score":753,"play_id":"99f687a6-1fd2-4594-8d9f-750e82633a91","local_time":"20180523203952","is_prod":false,"is_daily":false,"chose_seed":false,"is_ascension_mode":false,"campfire_upgraded":2,"timestamp":1527133192,"campfire_choices":[{"floor":13,"key":"REST"},{"floor":15,"key":"REST"},{"floor":23,"key":"REST"},{"floor":25,"key":"REST"},{"data":"Choke","floor":32,"key":"SMITH"},{"floor":41,"key":"REST"},{"data":"Neutralize","floor":49,"key":"SMITH"}],"path_taken":["M","?","?","M","M","E","M","M","T","?","$","M","R","E","R","BOSS","M","M","M","M","?","R","E","R","T","?","E","?","E","$","R","BOSS","M","M","M","?","M","E","R","?","T","M","M","?","$","M","R","BOSS"],"build_version":"2018-05-17","seed_source_timestamp":120490899054770,"purchased_purges":2,"victory":true,"master_deck":["Defend_G","Defend_G","Defend_G","Strike_G+1","Strike_G+1","Survivor","Neutralize+1","Choke+1","Cloak And Dagger","Noxious Fumes","Dagger Spray","Slice","Adrenaline","Footwork+1","Prepared","Adrenaline","Backflip+1","Deflect","Decay","Glass Knife","Dagger Throw","Finisher","Leg Sweep+1","Backstab","Infinite Blades+1","A Thousand Cuts+1","Burst+1","Sucker Punch+1","Backstab+1","Backflip+1","Phantasmal Killer+1","Malaise+1","Predator","Madness+1","Madness+1","Clumsy","Acrobatics+1","Noxious Fumes+1","Injury","Dodge and Roll+1","PiercingWail+1"],"max_hp_per_floor":[70,70,70,70,70,70,70,70,70,70,70,70,70,70,70,70,70,70,70,70,70,70,70,70,70,70,70,70,70,70,70,70,70,70,70,70,70,70,70,70,70,70,70,70,70,70,70,70,70,70],"relics":["Black Star","Mercury Hourglass","Frozen Egg 2","Whetstone","Pantograph","Kunai","Cursed Key","Regal Pillow","Pen Nib","Toxic Egg 2","Letter Opener","Bottled Flame","Juzu Bracelet","Meat on the Bone","Bottled Lightning","Astrolabe","Bag of Marbles","Tiny Chest","Toolbox","Prayer Wheel","Paper Crane"],"card_choices":[{"not_picked":["Backflip","Acrobatics"],"picked":"Choke","floor":1},{"not_picked":["Bane","Deadly Poison"],"picked":"Endless Agony","floor":2},{"not_picked":["Terror","Acrobatics"],"picked":"Cloak And Dagger","floor":4},{"not_picked":["Deadly Poison","Dodge and Roll"],"picked":"Noxious Fumes","floor":5},{"not_picked":["Prepared","Flying Knee"],"picked":"Dagger Spray","floor":6},{"not_picked":["Reflex","Dagger Throw"],"picked":"Slice","floor":7},{"not_picked":["Blade Dance","Slice"],"picked":"Adrenaline","floor":8},{"not_picked":["PiercingWail","Prepared","Sucker Punch"],"picked":"SKIP","floor":12},{"not_picked":["Poisoned Stab","Phantasmal Killer"],"picked":"Prepared","floor":14},{"not_picked":["Doppelganger","Burst"],"picked":"Adrenaline","floor":16},{"not_picked":["Well Laid Plans+1","Quick Slash"],"picked":"Backflip+1","floor":18},{"not_picked":["Setup+1","Flechettes+1"],"picked":"Deflect","floor":19},{"not_picked":["Acrobatics","Terror+1","Sucker Punch"],"picked":"SKIP","floor":20},{"not_picked":["Dagger Spray","Dodge and Roll","Sucker Punch"],"picked":"SKIP","floor":21},{"not_picked":["Setup","Poisoned Stab"],"picked":"Glass Knife","floor":24},{"not_picked":["Accuracy+1","Underhanded Strike"],"picked":"Dagger Throw","floor":27},{"not_picked":["Slice+1","Prepared+1"],"picked":"Finisher","floor":28},{"not_picked":["Reflex+1","Bouncing Flask+1"],"picked":"Leg Sweep+1","floor":30},{"not_picked":["Envenom+1","Night Terror+1"],"picked":"A Thousand Cuts+1","floor":33},{"not_picked":["Outmaneuver+1","Dodge and Roll+1"],"picked":"Backflip+1","floor":35},{"not_picked":["Quick Slash+1","Underhanded Strike+1"],"picked":"Phantasmal Killer+1","floor":36},{"not_picked":["Dagger Throw","Bane"],"picked":"Malaise+1","floor":37},{"not_picked":["Expertise+1","Distraction+1"],"picked":"Predator","floor":39},{"not_picked":["Poisoned Stab+1","Dagger Throw","Bane"],"picked":"SKIP","floor":40},{"not_picked":["Finisher+1","Caltrops+1"],"picked":"Acrobatics+1","floor":44},{"not_picked":["Masterful Stab","Dagger Spray"],"picked":"Noxious Fumes+1","floor":45},{"not_picked":["Die Die Die","Infinite Blades+1"],"picked":"PiercingWail+1","floor":48},{"not_picked":["Bane+1","Deadly Poison+1","Backflip+1"],"picked":"SKIP","floor":48}],"player_experience":318653,"potions_floor_usage":[6,14,14,16,16,28,28,30,40,50,50,50],"damage_taken":[{"damage":1,"enemies":"Cultist","floor":1,"turns":4},{"damage":3,"enemies":"Small Slimes","floor":2,"turns":3},{"damage":0,"enemies":"2 Louse","floor":4,"turns":3},{"damage":15,"enemies":"Exordium Wildlife","floor":5,"turns":6},{"damage":11,"enemies":"Lagavulin","floor":6,"turns":9},{"damage":5,"enemies":"Exordium Thugs","floor":7,"turns":4},{"damage":8,"enemies":"Gremlin Gang","floor":8,"turns":3},{"damage":0,"enemies":"Blue Slaver","floor":12,"turns":1},{"damage":10,"enemies":"Gremlin Nob","floor":14,"turns":4},{"damage":26,"enemies":"Slime Boss","floor":16,"turns":8},{"damage":8,"enemies":"Spheric Guardian","floor":18,"turns":4},{"damage":0,"enemies":"Chosen","floor":19,"turns":5},{"damage":8,"enemies":"Snecko","floor":20,"turns":6},{"damage":7,"enemies":"Snake Plant","floor":21,"turns":5},{"damage":19,"enemies":"Book of Stabbing","floor":24,"turns":6},{"damage":21,"enemies":"Centurion and Healer","floor":27,"turns":6},{"damage":12,"enemies":"Gremlin Leader","floor":28,"turns":5},{"damage":0,"enemies":"Slavers","floor":30,"turns":4},{"damage":41,"enemies":"Automaton","floor":33,"turns":9},{"damage":1,"enemies":"3 Shapes","floor":35,"turns":3},{"damage":1,"enemies":"Orb Walker","floor":36,"turns":2},{"damage":0,"enemies":"Maw","floor":37,"turns":5},{"damage":7,"enemies":"4 Shapes","floor":39,"turns":3},{"damage":38,"enemies":"Giant Head","floor":40,"turns":9},{"damage":6,"enemies":"Sphere and 2 Shapes","floor":44,"turns":3},{"damage":0,"enemies":"3 Darklings","floor":45,"turns":2},{"damage":0,"enemies":"4 Shapes","floor":48,"turns":4},{"damage":34,"enemies":"Time Eater","floor":50,"turns":14}],"relics_obtained":[{"floor":6,"key":"Mercury Hourglass"},{"floor":6,"key":"Frozen Egg 2"},{"floor":9,"key":"Whetstone"},{"floor":14,"key":"Pantograph"},{"floor":14,"key":"Kunai"},{"floor":24,"key":"Regal Pillow"},{"floor":24,"key":"Pen Nib"},{"floor":26,"key":"Toxic Egg 2"},{"floor":28,"key":"Letter Opener"},{"floor":28,"key":"Bottled Flame"},{"floor":30,"key":"Meat on the Bone"},{"floor":30,"key":"Bottled Lightning"},{"floor":40,"key":"Bag of Marbles"},{"floor":40,"key":"Tiny Chest"},{"floor":43,"key":"Toolbox"},{"floor":46,"key":"Prayer Wheel"}],"event_choices":[{"event_name":"Purifier","player_choice":"One Purge","floor":3,"damage_taken":0},{"event_name":"World of Goop","player_choice":"Gather Gold","floor":10,"damage_taken":0},{"event_name":"Forgotten Altar","player_choice":"Smashed Altar","floor":22,"damage_taken":0},{"event_name":"Addict","player_choice":"Obtained Relic","floor":29,"damage_taken":0},{"event_name":"Winding Halls","player_choice":"Embrace Madness","floor":42,"damage_taken":0}],"boss_relics":[{"not_picked":["Philosopher\u0027s Stone","Calling Bell"],"picked":"Cursed Key"},{"not_picked":["Lizard Tail","Runic Pyramid"],"picked":"Astrolabe"}],"potions_floor_spawned":[2,7,8,14,16,20,21,28,30,33,35,39,44],"seed_played":"-2452268349825062145","ascension_level":0,"potions_obtained":[{"floor":2,"key":"Block Potion"},{"floor":7,"key":"SteroidPotion"},{"floor":8,"key":"GamblersBrew"},{"floor":14,"key":"FearPotion"},{"floor":16,"key":"SpeedPotion"},{"floor":20,"key":"Poison Potion"},{"floor":21,"key":"Strength Potion"},{"floor":28,"key":"SteroidPotion"},{"floor":30,"key":"Block Potion"},{"floor":33,"key":"PowerPotion"},{"floor":35,"key":"Dexterity Potion"},{"floor":44,"key":"EssenceOfSteel"}],"is_trial":false}