{"gold_per_floor":[119,119,5,5,16,28,28,43,343,343,418,438,438,451,451,522,522,535,352,369,158,158,183,183,202,255,290,290,308,158,172,172,248,298,317,329,329,343,398,424,112,112,112,127,143,162,195,55,55,55,55,55,55,11,43,43],"floor_reached":57,"playtime":2785,"items_purged":["Strike_G","Defend_G","Defend_G","Defend_G","Bouncing Flask+1"],"score":3438,"play_id":"eaad57b7-4b2d-4392-ba30-e7eba74f318f","local_time":"20190428131057","is_ascension_mode":true,"campfire_choices":[{"data":"Bouncing Flask","floor":7.0,"key":"SMITH"},{"data":"Catalyst","floor":10.0,"key":"SMITH"},{"data":"Tactician","floor":13.0,"key":"SMITH"},{"data":"Neutralize","floor":15.0,"key":"SMITH"},{"data":"Expertise","floor":24.0,"key":"SMITH"},{"data":"Calculated Gamble","floor":32.0,"key":"SMITH"},{"data":"Acrobatics","floor":42,"key":"SMITH"},{"floor":49,"key":"RECALL"},{"data":"Well Laid Plans","floor":53,"key":"SMITH"}],"neow_cost":"TEN_PERCENT_HP_LOSS","seed_source_timestamp":634710416600,"circlet_count":0,"master_deck":["AscendersBane","Defend_G+1","Neutralize+1","Calculated Gamble+1","Backstab","Backflip","PiercingWail","Catalyst+1","Tactician+1","Grand Finale","Expertise+1","Prepared","Acrobatics+1","Adrenaline","After Image","Well Laid Plans+1"],"special_seed":0,"relics":["Ring of the Snake","Old Coin","Empty Cage","Tough Bandages","Tiny Chest","Torii","Pantograph","Tiny House","Peace Pipe","Ice Cream","Medical Kit","The Courier","Strawberry"],"potions_floor_usage":[47,56],"damage_taken":[{"damage":0.0,"enemies":"2 Louse","floor":1.0,"turns":4.0},{"damage":0.0,"enemies":"Jaw Worm","floor":5.0,"turns":3.0},{"damage":3.0,"enemies":"Cultist","floor":6.0,"turns":4.0},{"damage":11.0,"enemies":"Gremlin Gang","floor":8.0,"turns":6.0},{"damage":0.0,"enemies":"2 Fungi Beasts","floor":12.0,"turns":3.0},{"damage":9.0,"enemies":"Large Slime","floor":14.0,"turns":6.0},{"damage":0.0,"enemies":"The Guardian","floor":16.0,"turns":8.0},{"damage":3.0,"enemies":"3 Byrds","floor":18.0,"turns":5.0},{"damage":0.0,"enemies":"2 Thieves","floor":20.0,"turns":2.0},{"damage":37.0,"enemies":"Slavers","floor":23.0,"turns":9.0},{"damage":0.0,"enemies":"Snake Plant","floor":25.0,"turns":3.0},{"damage":0.0,"enemies":"Gremlin Leader","floor":27.0,"turns":2.0},{"damage":8.0,"enemies":"Chosen and Byrds","floor":29.0,"turns":5.0},{"damage":0.0,"enemies":"Centurion and Healer","floor":31.0,"turns":3.0},{"damage":0.0,"enemies":"Champ","floor":33.0,"turns":3.0},{"damage":0.0,"enemies":"Orb Walker","floor":35.0,"turns":1.0},{"damage":0.0,"enemies":"3 Darklings","floor":36.0,"turns":1.0},{"damage":0,"enemies":"Transient","floor":38,"turns":4},{"damage":0,"enemies":"2 Orb Walkers","floor":39,"turns":1},{"damage":0,"enemies":"Nemesis","floor":40,"turns":1},{"damage":0,"enemies":"Maw","floor":44,"turns":1},{"damage":9,"enemies":"Jaw Worm Horde","floor":45,"turns":2},{"damage":0,"enemies":"Sphere and 2 Shapes","floor":46,"turns":1},{"damage":0,"enemies":"Giant Head","floor":47,"turns":1},{"damage":0,"enemies":"Awakened One","floor":50,"turns":2},{"damage":0,"enemies":"Donu and Deca","floor":51,"turns":1},{"damage":0,"enemies":"Shield and Spear","floor":55,"turns":1},{"damage":0,"enemies":"The Heart","floor":56,"turns":4}],"seed_played":"6503832486695708633","potions_obtained":[{"floor":1.0,"key":"Dexterity Potion"},{"floor":8.0,"key":"Weak Potion"},{"floor":14.0,"key":"FearPotion"},{"floor":18.0,"key":"SkillPotion"},{"floor":31.0,"key":"Swift Potion"},{"floor":33.0,"key":"SteroidPotion"},{"floor":38,"key":"PowerPotion"},{"floor":47,"key":"PowerPotion"}],"is_trial":false,"path_per_floor":["M","?","$","?","M","M","R","M","T","R","?","M","R","M","R","B",null,"M","$","M","$","?","E","R","M","T","E","?","M","$","M","R","B",null,"M","M","?","M","?","E","$","R","T","M","M","M","E","$","R","B","B",null,"R","$","E","B",null],"character_chosen":"THE_SILENT","items_purchased":["Bouncing Flask","GhostInAJar","Expertise","Medical Kit","Well Laid Plans","Swift Potion"],"campfire_rested":0,"item_purchase_floors":[3,19,21,41,41,54],"current_hp_per_floor":[59,59,59,50,50,47,47,36,36,36,25,25,25,16,16,16,49,46,46,46,46,46,9,9,9,9,9,9,1,1,1,1,26,57,57,57,57,57,57,57,57,57,57,57,48,48,48,48,48,65,65,65,65,65,72,72],"gold":43,"neow_bonus":"TRANSFORM_TWO_CARDS","is_prod":false,"is_daily":false,"chose_seed":false,"campfire_upgraded":8,"win_rate":0,"timestamp":1556428257,"path_taken":["M","?","$","?","?","M","R","?","T","R","?","M","R","M","R","BOSS","M","$","M","$","?","E","R","M","T","E","?","?","$","M","R","BOSS","M","M","?","?","?","E","$","R","T","M","M","M","E","$","R","BOSS","BOSS","R","$","E","BOSS"],"build_version":"2019-01-23","purchased_purges":5,"victory":true,"max_hp_per_floor":[60,60,60,60,60,60,60,60,60,60,60,60,60,60,60,60,60,60,60,60,60,60,60,60,60,60,60,60,60,60,60,60,60,65,65,65,65,65,65,65,65,65,65,65,65,65,65,65,65,65,65,65,65,65,72,72],"card_choices":[{"not_picked":["Calculated Gamble","Cloak And Dagger"],"picked":"Backflip","floor":1.0},{"not_picked":["Crippling Poison","Sucker Punch","Flying Knee"],"picked":"SKIP","floor":5.0},{"not_picked":["Acrobatics","Cloak And Dagger"],"picked":"Catalyst","floor":6.0},{"not_picked":["PiercingWail","Prepared","Deadly Poison"],"picked":"SKIP","floor":8.0},{"not_picked":["Footwork","Bane"],"picked":"Tactician","floor":12.0},{"not_picked":["Tactician","Prepared","Calculated Gamble"],"picked":"SKIP","floor":14.0},{"not_picked":["Malaise","Tools of the Trade"],"picked":"Grand Finale","floor":16.0},{"not_picked":["Backflip","Outmaneuver","Poisoned Stab"],"picked":"SKIP","floor":18.0},{"not_picked":["Sucker Punch","Underhanded Strike","Tactician"],"picked":"SKIP","floor":20.0},{"not_picked":["Dagger Throw","Cloak And Dagger","Setup"],"picked":"SKIP","floor":23.0},{"not_picked":["Distraction","Endless Agony"],"picked":"Prepared","floor":25.0},{"not_picked":["Poisoned Stab","Bane","A Thousand Cuts"],"picked":"SKIP","floor":27.0},{"not_picked":["Poisoned Stab","Bane","A Thousand Cuts"],"picked":"SKIP","floor":27.0},{"not_picked":["Poisoned Stab","Bane","A Thousand Cuts"],"picked":"SKIP","floor":27.0},{"not_picked":["Tactician","Backflip+1"],"picked":"Acrobatics","floor":29.0},{"not_picked":["Dodge and Roll","Outmaneuver","Acrobatics"],"picked":"SKIP","floor":31.0},{"not_picked":["Bullet Time","After Image"],"picked":"Adrenaline","floor":33.0},{"not_picked":["Bane","Acrobatics+1","Backflip+1"],"picked":"SKIP","floor":35.0},{"not_picked":["Dash+1","Finisher","Noxious Fumes+1"],"picked":"SKIP","floor":36.0},{"not_picked":["Slice","Predator","Glass Knife"],"picked":"SKIP","floor":38},{"not_picked":["Quick Slash","Eviscerate","Outmaneuver"],"picked":"SKIP","floor":40},{"not_picked":["Predator","Unload","Dagger Throw"],"picked":"SKIP","floor":44},{"not_picked":["Well Laid Plans","Heel Hook","Outmaneuver"],"picked":"SKIP","floor":45},{"not_picked":["Outmaneuver","Blade Dance","Quick Slash"],"picked":"SKIP","floor":46},{"not_picked":["Dagger Throw","Deflect","Backflip"],"picked":"SKIP","floor":47},{"not_picked":["Prepared","Deadly Poison","Venomology"],"picked":"SKIP","floor":55}],"player_experience":3046465,"relics_obtained":[{"floor":9.0,"key":"Old Coin"},{"floor":23.0,"key":"Tough Bandages"},{"floor":26.0,"key":"Tiny Chest"},{"floor":27.0,"key":"Torii"},{"floor":39,"key":"Peace Pipe"},{"floor":40,"key":"Ice Cream"},{"floor":47,"key":"The Courier"},{"floor":55,"key":"Strawberry"}],"event_choices":[{"damage_healed":0.0,"max_hp_gain":0.0,"max_hp_loss":0.0,"gold_gain":0.0,"cards_transformed":["Strike_G"],"event_name":"Living Wall","player_choice":"Change","floor":2.0,"gold_loss":0.0,"damage_taken":0.0,"cards_obtained":["PiercingWail"]},{"damage_healed":0.0,"max_hp_gain":0.0,"max_hp_loss":0.0,"gold_gain":0.0,"event_name":"Wheel of Change","player_choice":"Damaged","floor":4.0,"gold_loss":0.0,"damage_taken":9.0},{"damage_healed":0.0,"max_hp_gain":0.0,"max_hp_loss":0.0,"gold_gain":75.0,"event_name":"World of Goop","player_choice":"Gather Gold","floor":11.0,"gold_loss":0.0,"damage_taken":11.0},{"damage_healed":0.0,"max_hp_gain":0.0,"max_hp_loss":0.0,"gold_gain":0.0,"event_name":"The Mausoleum","player_choice":"Ignored","floor":22.0,"gold_loss":0.0,"damage_taken":0.0},{"damage_healed":0.0,"max_hp_gain":0.0,"max_hp_loss":0.0,"gold_gain":0.0,"event_name":"WeMeetAgain","player_choice":"Gave Potion","floor":28.0,"gold_loss":0.0,"damage_taken":0.0,"relics_obtained":["Pantograph"]},{"damage_healed":0,"gold_gain":0,"cards_transformed":["Survivor"],"player_choice":"Transformed","damage_taken":0,"max_hp_gain":0,"max_hp_loss":0,"event_name":"Transmorgrifier","floor":37,"gold_loss":0,"cards_obtained":["After Image"]},{"damage_healed":0,"gold_gain":0,"player_choice":"Fight","damage_taken":0,"max_hp_gain":0,"max_hp_loss":0,"event_name":"Mysterious Sphere","floor":39,"gold_loss":0}],"is_beta":false,"boss_relics":[{"not_picked":["Coffee Dripper","Black Star"],"picked":"Empty Cage"},{"not_picked":["Velvet Choker","Pandora\u0027s Box"],"picked":"Tiny House"}],"items_purged_floors":[3,19,21,30,48],"is_endless":false,"potions_floor_spawned":[1,8,14,18,31,33,35,38,44,45,47],"ascension_level":20}