{"gold_per_floor":[112,126,126,143,162,162,177,202,271,271,206,538,553,553,553,624,624,639,281,296,246,261,261,286,286,312,339,402,115,134,146,146,223,223,243,256,256,256,266,266,266,295,295,315,331,68,68,79,79,79],"floor_reached":51,"playtime":2877,"items_purged":["Strike_G","Strike_G","Strike_G","Strike_G"],"score":1273,"play_id":"25e00c02-645f-4d68-82e7-d284712db39a","local_time":"20180919155245","is_ascension_mode":true,"campfire_choices":[{"data":"Neutralize","floor":6.0,"key":"SMITH"},{"floor":10.0,"key":"REST"},{"data":"Crippling Poison","floor":15.0,"key":"SMITH"},{"floor":23.0,"key":"REST"},{"data":"Finisher","floor":25.0,"key":"SMITH"},{"floor":32.0,"key":"REST"},{"floor":40,"key":"REST"},{"data":"Footwork","floor":41,"key":"SMITH"},{"floor":47,"key":"REST"},{"data":"Footwork","floor":49,"key":"SMITH"}],"neow_cost":"NONE","seed_source_timestamp":12725756498084,"circlet_count":0,"master_deck":["Defend_G","Defend_G","Defend_G","Defend_G","Defend_G","Strike_G+1","Survivor","Neutralize+1","AscendersBane","Crippling Poison+1","Blur","Poisoned Stab","Footwork+1","Blur","Cloak And Dagger+1","Finisher+1","Malaise+1","Cloak And Dagger+1","Backflip+1","Cloak And Dagger+1","PiercingWail+1","Terror+1","Backflip+1","Footwork+1","Malaise+1","Crippling Poison+1","Prepared+1","Burst+1","PiercingWail+1","Dodge and Roll+1","Caltrops"],"special_seed":0,"relics":["Ring of the Snake","Boot","Omamori","Toxic Egg 2","Old Coin","Incense Burner","Black Star","Membership Card","Anchor","Whetstone","Bronze Scales","Bag of Marbles","Thread and Needle","WingedGreaves","Ancient Tea Set","Tiny Chest","Vajra","Strawberry","WristBlade","Oddly Smooth Stone","Centennial Puzzle","Ninja Scroll","Ginger"],"potions_floor_usage":[50,50],"damage_taken":[{"damage":2.0,"enemies":"Jaw Worm","floor":1.0,"turns":6.0},{"damage":2.0,"enemies":"Small Slimes","floor":2.0,"turns":4.0},{"damage":0.0,"enemies":"2 Louse","floor":4.0,"turns":2.0},{"damage":7.0,"enemies":"Blue Slaver","floor":5.0,"turns":5.0},{"damage":10.0,"enemies":"Red Slaver","floor":7.0,"turns":5.0},{"damage":22.0,"enemies":"Gremlin Nob","floor":8.0,"turns":6.0},{"damage":16.0,"enemies":"3 Sentries","floor":12.0,"turns":10.0},{"damage":0.0,"enemies":"Gremlin Gang","floor":13.0,"turns":3.0},{"damage":11.0,"enemies":"Hexaghost","floor":16.0,"turns":9.0},{"damage":3.0,"enemies":"Chosen","floor":18.0,"turns":8.0},{"damage":0.0,"enemies":"3 Byrds","floor":20.0,"turns":3.0},{"damage":17.0,"enemies":"Sentry and Sphere","floor":22.0,"turns":8.0},{"damage":2.0,"enemies":"Slavers","floor":24.0,"turns":7.0},{"damage":8.0,"enemies":"Book of Stabbing","floor":27.0,"turns":6.0},{"damage":18.0,"enemies":"Slavers","floor":28.0,"turns":7.0},{"damage":2.0,"enemies":"Snake Plant","floor":30.0,"turns":5.0},{"damage":0.0,"enemies":"3 Cultists","floor":31.0,"turns":5.0},{"damage":26.0,"enemies":"Automaton","floor":33.0,"turns":14.0},{"damage":0.0,"enemies":"Orb Walker","floor":35.0,"turns":4.0},{"damage":0.0,"enemies":"3 Shapes","floor":36.0,"turns":5.0},{"damage":16,"enemies":"Reptomancer","floor":39,"turns":7},{"damage":23,"enemies":"Giant Head","floor":42,"turns":10},{"damage":3,"enemies":"Maw","floor":44,"turns":8},{"damage":0,"enemies":"Sphere and 2 Shapes","floor":45,"turns":8},{"damage":0,"enemies":"3 Darklings","floor":48,"turns":5},{"damage":28,"enemies":"Time Eater","floor":50,"turns":23}],"seed_played":"5951619366123284541","potions_obtained":[{"floor":1.0,"key":"Ancient Potion"},{"floor":7.0,"key":"Block Potion"},{"floor":12.0,"key":"Poison Potion"},{"floor":13.0,"key":"SteroidPotion"},{"floor":22.0,"key":"Dexterity Potion"},{"floor":27.0,"key":"Fire Potion"},{"floor":28.0,"key":"LiquidBronze"},{"floor":30.0,"key":"Regen Potion"},{"floor":33.0,"key":"Fire Potion"},{"floor":42,"key":"Dexterity Potion"}],"is_trial":false,"path_per_floor":["M","M","?","M","M","R","M","E","T","R","?","E","M","T","R","B",null,"M","$","M","$","M","R","E","R","T","E","E","$","M","M","R","B",null,"M","M","?","?","M","R","R","E","T","M","M","$","R","M","R","B"],"character_chosen":"THE_SILENT","items_purchased":["Membership Card","Backflip+1","Anchor","Block Potion","Footwork","GhostInAJar","Vajra","Strawberry","Caltrops","Ginger"],"campfire_rested":5,"item_purchase_floors":[19,19,19,19,29,29,29,29,46,46],"current_hp_per_floor":[57,55,55,55,48,48,38,16,16,35,35,19,19,19,19,8,52,49,49,49,49,32,51,49,49,49,41,23,30,28,28,49,38,64,64,64,64,64,48,68,68,45,45,42,42,42,62,62,62,34],"gold":79,"neow_bonus":"RANDOM_COMMON_RELIC","is_prod":false,"is_daily":false,"chose_seed":false,"campfire_upgraded":5,"win_rate":0,"timestamp":1537397565,"path_taken":["M","M","?","M","M","R","M","E","T","R","?","E","M","?","R","BOSS","M","$","M","$","M","R","E","R","T","E","E","$","?","M","R","BOSS","M","?","?","?","M","R","R","E","T","?","M","$","R","M","R","BOSS"],"build_version":"2018-09-06","purchased_purges":4,"victory":true,"max_hp_per_floor":[66,66,66,66,66,66,66,66,66,66,66,66,66,66,66,66,66,66,66,66,66,66,66,66,66,66,66,66,73,73,73,73,73,73,73,73,73,69,69,69,69,69,69,69,69,69,69,69,69,69],"card_choices":[{"not_picked":["Flechettes","All Out Attack"],"picked":"Crippling Poison","floor":1.0},{"not_picked":["Outmaneuver","Backflip"],"picked":"Dagger Spray","floor":2.0},{"not_picked":["Distraction","Quick Slash"],"picked":"Blur","floor":4.0},{"not_picked":["Outmaneuver","Blade Dance"],"picked":"Poisoned Stab","floor":5.0},{"not_picked":["Unload","Dagger Spray"],"picked":"Footwork","floor":7.0},{"not_picked":["Dagger Throw","Well Laid Plans"],"picked":"Blur","floor":8.0},{"not_picked":["Leg Sweep+1","Underhanded Strike"],"picked":"Cloak And Dagger+1","floor":12.0},{"not_picked":["Quick Slash","Flying Knee"],"picked":"Finisher","floor":13.0},{"not_picked":["After Image","Unload"],"picked":"Malaise+1","floor":16.0},{"not_picked":["Blade Dance+1","Slice"],"picked":"Cloak And Dagger+1","floor":18.0},{"not_picked":["Accuracy+1","Expertise+1"],"picked":"Cloak And Dagger+1","floor":20.0},{"not_picked":["Poisoned Stab+1","Bouncing Flask+1","Infinite Blades"],"picked":"SKIP","floor":22.0},{"not_picked":["Distraction+1","Storm of Steel+1"],"picked":"PiercingWail+1","floor":24.0},{"not_picked":["Bane","Flying Knee+1"],"picked":"Terror+1","floor":27.0},{"not_picked":["PiercingWail+1","Deadly Poison+1"],"picked":"Backflip+1","floor":28.0},{"not_picked":["Slice","Calculated Gamble+1","Outmaneuver+1"],"picked":"SKIP","floor":30.0},{"not_picked":["Bane","Crippling Poison+1","Slice"],"picked":"SKIP","floor":31.0},{"not_picked":["Phantasmal Killer+1","Bullet Time+1"],"picked":"Malaise+1","floor":33.0},{"not_picked":["Outmaneuver+1","Dagger Spray+1"],"picked":"Crippling Poison+1","floor":35.0},{"not_picked":["Outmaneuver+1","Blade Dance+1"],"picked":"Prepared+1","floor":36.0},{"not_picked":["Doppelganger+1","Choke+1","Dagger Throw"],"picked":"SKIP","floor":39},{"not_picked":["Sucker Punch+1","Poisoned Stab"],"picked":"Burst+1","floor":42},{"not_picked":["Backflip+1","Flechettes"],"picked":"PiercingWail+1","floor":44},{"not_picked":["Acrobatics+1","Predator+1"],"picked":"Dodge and Roll+1","floor":45},{"not_picked":["Cloak And Dagger+1","Dagger Throw","Flechettes"],"picked":"SKIP","floor":48}],"player_experience":1166564,"relics_obtained":[{"floor":8.0,"key":"Omamori"},{"floor":9.0,"key":"Toxic Egg 2"},{"floor":12.0,"key":"Old Coin"},{"floor":14.0,"key":"Incense Burner"},{"floor":24.0,"key":"Whetstone"},{"floor":24.0,"key":"Bronze Scales"},{"floor":26.0,"key":"Bag of Marbles"},{"floor":27.0,"key":"Thread and Needle"},{"floor":27.0,"key":"WingedGreaves"},{"floor":28.0,"key":"Ancient Tea Set"},{"floor":28.0,"key":"Tiny Chest"},{"floor":42,"key":"Oddly Smooth Stone"},{"floor":42,"key":"Centennial Puzzle"},{"floor":43,"key":"Ninja Scroll"}],"event_choices":[{"event_name":"Liars Game","player_choice":"disagreed","floor":3.0,"damage_taken":0.0},{"event_name":"World of Goop","player_choice":"Left","floor":11.0,"damage_taken":0.0},{"event_name":"Falling","player_choice":"Removed Attack","floor":37,"damage_taken":0},{"event_name":"Winding Halls","player_choice":"Max HP","floor":38,"damage_taken":0}],"is_beta":false,"boss_relics":[{"not_picked":["Tiny House","Lizard Tail"],"picked":"Black Star"},{"not_picked":["Empty Cage","Coffee Dripper"],"picked":"WristBlade"}],"items_purged_floors":[19,21,29,46],"is_endless":false,"potions_floor_spawned":[1,7,12,13,22,27,28,30,31,33,36,39,42],"ascension_level":15}