{"gold_per_floor":[109,64,64,1,14,52,52,52,109,150,150,72,108,122,122,248,248,268,9,32,32,48,48,63,63,116,134,134,170,195,294,294,414,414,428,451,451,451,470,508,508,544,544,544,669,685,728,302,302,302],"floor_reached":51,"playtime":2801,"items_purged":["Strike_R+1"],"score":1281,"play_id":"3a5d9d8f-a547-4da8-9779-80dd46240eaa","local_time":"20190116233441","is_ascension_mode":true,"campfire_choices":[{"floor":7.0,"key":"REST"},{"floor":11.0,"key":"REST"},{"data":"Juggernaut","floor":15.0,"key":"SMITH"},{"floor":23.0,"key":"REST"},{"floor":28.0,"key":"REST"},{"floor":32.0,"key":"REST"},{"floor":41.0,"key":"REST"},{"data":"True Grit","floor":44.0,"key":"SMITH"},{"data":"Magnetism","floor":49.0,"key":"SMITH"}],"neow_cost":"NONE","seed_source_timestamp":426371735330954,"circlet_count":0,"master_deck":["AscendersBane","Strike_R+1","Defend_R+1","Defend_R+1","Defend_R+1","Defend_R+1","Clash","Shrug It Off","Battle Trance+1","Spot Weakness","Juggernaut+1","Metallicize","Limit Break+1","Thunderclap","Impervious","Body Slam","Shrug It Off","Barricade+1","Searing Blow+1","Twin Strike+1","Pummel+1","Iron Wave+1","Heavy Blade","Body Slam+1","True Grit+1","Anger+1","Magnetism+1"],"special_seed":0,"relics":["Burning Blood","Red Skull","Golden Idol","Strawberry","Turnip","Tiny Chest","Omamori","PreservedInsect","Cursed Key","Gremlin Horn","Juzu Bracelet","Bronze Scales","Smiling Mask","Astrolabe","Kunai","War Paint","Nunchaku","Peace Pipe","Lee\u0027s Waffle"],"potions_floor_usage":[50],"damage_taken":[{"damage":8.0,"enemies":"Small Slimes","floor":1.0,"turns":3.0},{"damage":4.0,"enemies":"Jaw Worm","floor":5.0,"turns":4.0},{"damage":45.0,"enemies":"Lagavulin","floor":6.0,"turns":8.0},{"damage":34.0,"enemies":"3 Sentries","floor":10.0,"turns":9.0},{"damage":8.0,"enemies":"Lagavulin","floor":13.0,"turns":7.0},{"damage":0.0,"enemies":"Cultist","floor":14.0,"turns":3.0},{"damage":33.0,"enemies":"Hexaghost","floor":16.0,"turns":7.0},{"damage":28.0,"enemies":"3 Byrds","floor":18.0,"turns":6.0},{"damage":8.0,"enemies":"Spheric Guardian","floor":20.0,"turns":3.0},{"damage":18.0,"enemies":"Snecko","floor":22.0,"turns":4.0},{"damage":20.0,"enemies":"Centurion and Healer","floor":24.0,"turns":6.0},{"damage":31.0,"enemies":"Chosen and Byrds","floor":27.0,"turns":5.0},{"damage":26.0,"enemies":"Slavers","floor":29.0,"turns":5.0},{"damage":56.0,"enemies":"Automaton","floor":33.0,"turns":9.0},{"damage":38.0,"enemies":"3 Darklings","floor":35.0,"turns":5.0},{"damage":8.0,"enemies":"Orb Walker","floor":36.0,"turns":3.0},{"damage":0.0,"enemies":"Maw","floor":39.0,"turns":8.0},{"damage":0.0,"enemies":"Giant Head","floor":40.0,"turns":7.0},{"damage":0.0,"enemies":"Nemesis","floor":42.0,"turns":6.0},{"damage":24.0,"enemies":"Mind Bloom Boss Battle","floor":45.0,"turns":8.0},{"damage":32.0,"enemies":"Jaw Worm Horde","floor":46.0,"turns":5.0},{"damage":1.0,"enemies":"Reptomancer","floor":47.0,"turns":4.0},{"damage":83,"enemies":"Donu and Deca","floor":50,"turns":10}],"seed_played":"-7570397315069227306","potions_obtained":[{"floor":1.0,"key":"Strength Potion"},{"floor":6.0,"key":"Strength Potion"},{"floor":8.0,"key":"FairyPotion"},{"floor":22.0,"key":"Block Potion"},{"floor":33.0,"key":"PowerPotion"},{"floor":35.0,"key":"Swift Potion"},{"floor":36.0,"key":"Regen Potion"},{"floor":47.0,"key":"SpeedPotion"}],"is_trial":false,"path_per_floor":["M","$","?","?","M","E","R","?","T","E","R","$","E","M","R","B",null,"M","$","M","?","M","R","M","?","T","M","R","E","T","?","R","B",null,"M","M","?","?","M","E","R","E","T","R","?","M","E","$","R","B",null],"character_chosen":"IRONCLAD","items_purchased":["Shrug It Off","Metallicize","Gremlin Horn","Lee\u0027s Waffle","Magnetism"],"campfire_rested":6,"item_purchase_floors":[2,12,19,48,48],"current_hp_per_floor":[70,70,50,57,59,20,46,46,46,18,44,44,42,48,48,21,71,49,49,47,47,35,61,47,47,47,22,48,28,28,28,54,14,69,37,35,35,35,41,47,73,79,79,79,61,49,54,94,94,17],"gold":302,"neow_bonus":"RANDOM_COMMON_RELIC","is_prod":false,"is_daily":false,"chose_seed":false,"campfire_upgraded":3,"win_rate":0,"timestamp":1547678081,"path_taken":["M","$","?","?","?","E","R","?","T","E","R","?","E","M","R","BOSS","M","$","M","?","M","R","M","?","T","M","R","E","?","?","R","BOSS","M","M","?","?","M","E","R","E","T","R","?","M","E","$","R","BOSS"],"build_version":"2019-01-10","purchased_purges":1,"victory":true,"max_hp_per_floor":[80,80,80,87,87,87,87,87,87,87,87,87,87,87,87,87,87,87,87,87,87,87,87,87,87,87,87,87,87,87,87,87,87,87,87,87,87,87,87,87,87,87,87,87,87,87,87,94,94,94],"card_choices":[{"not_picked":["Entrench","Perfected Strike"],"picked":"Clash","floor":1.0},{"not_picked":["Headbutt","Evolve"],"picked":"Battle Trance","floor":5.0},{"not_picked":["Sentinel","Twin Strike"],"picked":"Spot Weakness","floor":6.0},{"not_picked":["Body Slam","Combust"],"picked":"Juggernaut","floor":10.0},{"not_picked":["Body Slam","Flex"],"picked":"Limit Break","floor":13.0},{"not_picked":["Flex","Hemokinesis"],"picked":"Thunderclap","floor":14.0},{"not_picked":["Dark Embrace","Barricade"],"picked":"Impervious","floor":16.0},{"not_picked":["Cleave","Reckless Charge"],"picked":"Body Slam","floor":18.0},{"not_picked":["Sword Boomerang","Feel No Pain","Spot Weakness+1"],"picked":"SKIP","floor":20.0},{"not_picked":["Sword Boomerang+1","Battle Trance"],"picked":"Shrug It Off","floor":22.0},{"not_picked":["Infernal Blade","Clash","Anger"],"picked":"SKIP","floor":24.0},{"not_picked":["Reckless Charge","Thunderclap","Headbutt"],"picked":"SKIP","floor":27.0},{"not_picked":["Perfected Strike+1","Evolve","Whirlwind"],"picked":"SKIP","floor":29.0},{"not_picked":["Exhume","Double Tap"],"picked":"Barricade","floor":33.0},{"not_picked":["Rupture+1","Perfected Strike","Inflame+1"],"picked":"SKIP","floor":35.0},{"not_picked":["Perfected Strike+1","Shrug It Off+1"],"picked":"Iron Wave+1","floor":36.0},{"not_picked":["Anger","Iron Wave"],"picked":"Heavy Blade","floor":39.0},{"not_picked":["Blood for Blood","Perfected Strike"],"picked":"Body Slam+1","floor":40.0},{"not_picked":["Limit Break","Cleave+1"],"picked":"True Grit","floor":42.0},{"not_picked":["Thunderclap+1","Hemokinesis+1"],"picked":"Anger+1","floor":45.0},{"not_picked":["Cleave+1","Twin Strike","Body Slam"],"picked":"SKIP","floor":46.0},{"not_picked":["Feel No Pain","Fiend Fire","Flex+1"],"picked":"SKIP","floor":47.0}],"player_experience":479746,"relics_obtained":[{"floor":6.0,"key":"Turnip"},{"floor":9.0,"key":"Tiny Chest"},{"floor":10.0,"key":"Omamori"},{"floor":13.0,"key":"PreservedInsect"},{"floor":26.0,"key":"Juzu Bracelet"},{"floor":29.0,"key":"Bronze Scales"},{"floor":30.0,"key":"Smiling Mask"},{"floor":40.0,"key":"Kunai"},{"floor":42.0,"key":"War Paint"},{"floor":45.0,"key":"Nunchaku"},{"floor":47.0,"key":"Peace Pipe"}],"event_choices":[{"damage_healed":0.0,"max_hp_gain":0.0,"max_hp_loss":0.0,"gold_gain":0.0,"event_name":"Golden Idol","player_choice":"Take Damage","floor":3.0,"gold_loss":0.0,"damage_taken":20.0,"relics_obtained":["Golden Idol"]},{"damage_healed":0.0,"max_hp_gain":0.0,"max_hp_loss":0.0,"gold_gain":0.0,"event_name":"WeMeetAgain","player_choice":"Paid Gold","floor":4.0,"gold_loss":63.0,"damage_taken":0.0,"relics_obtained":["Strawberry"]},{"damage_healed":0.0,"max_hp_gain":0.0,"max_hp_loss":0.0,"gold_gain":0.0,"event_name":"Lab","player_choice":"Got Potions","floor":8.0,"gold_loss":0.0,"damage_taken":0.0},{"damage_healed":0.0,"max_hp_gain":0.0,"max_hp_loss":0.0,"gold_gain":0.0,"event_name":"Vampires","player_choice":"Ignored","floor":21.0,"gold_loss":0.0,"damage_taken":0.0},{"damage_healed":0.0,"max_hp_gain":0.0,"max_hp_loss":0.0,"gold_gain":0.0,"event_name":"Back to Basics","player_choice":"Simplicity","floor":25.0,"gold_loss":0.0,"damage_taken":0.0,"cards_upgraded":["Strike_R","Strike_R","Strike_R","Strike_R","Strike_R","Defend_R","Defend_R","Defend_R","Defend_R"]},{"damage_healed":0.0,"max_hp_gain":0.0,"max_hp_loss":0.0,"gold_gain":99.0,"event_name":"Nest","player_choice":"Stole From Cult","floor":31.0,"gold_loss":0.0,"damage_taken":0.0},{"cards_removed":["Bash"],"damage_healed":0.0,"max_hp_gain":0.0,"max_hp_loss":0.0,"gold_gain":0.0,"event_name":"Falling","player_choice":"Removed Attack","floor":37.0,"gold_loss":0.0,"damage_taken":0.0},{"damage_healed":0.0,"max_hp_gain":0.0,"max_hp_loss":0.0,"gold_gain":0.0,"event_name":"Upgrade Shrine","player_choice":"Upgraded","floor":38.0,"gold_loss":0.0,"damage_taken":0.0,"cards_upgraded":["Barricade"]},{"damage_healed":0.0,"max_hp_gain":0.0,"max_hp_loss":0.0,"gold_gain":0.0,"event_name":"MindBloom","player_choice":"Fight","floor":45.0,"gold_loss":0.0,"damage_taken":0.0}],"is_beta":false,"boss_relics":[{"not_picked":["Mark of Pain","Busted Crown"],"picked":"Cursed Key"},{"not_picked":["White Beast Statue","Orrery"],"picked":"Astrolabe"}],"items_purged_floors":[48],"is_endless":false,"potions_floor_spawned":[1,6,10,18,20,22,33,35,36,39,47],"ascension_level":11}