{"gold_per_floor":[366,366,366,37,50,84,84,112,160,171,171,188,188,40,40,118,118,128,128,141,66,92,119,119,147,229,229,245,261,280,58,58,131,131,144,244,144,144,161,161,179,179,179,210,227,0,13,26,26,26],"floor_reached":51,"playtime":1709,"items_purged":["Bash","Defend_R"],"score":1360,"play_id":"df50d665-9886-4467-8074-40c9221e27ca","local_time":"20181114231513","is_ascension_mode":true,"campfire_choices":[{"data":"Perfected Strike","floor":7,"key":"SMITH"},{"floor":11,"key":"REST"},{"data":"Perfected Strike","floor":13,"key":"SMITH"},{"data":"Perfected Strike","floor":15,"key":"SMITH"},{"data":"Perfected Strike","floor":24,"key":"SMITH"},{"data":"Double Tap","floor":32,"key":"SMITH"},{"data":"Disarm","floor":40,"key":"SMITH"},{"data":"Double Tap","floor":42,"key":"SMITH"},{"data":"Dual Wield","floor":49,"key":"SMITH"}],"neow_cost":"CURSE","seed_source_timestamp":54536189445531,"circlet_count":0,"master_deck":["AscendersBane","Strike_R","Strike_R","Strike_R","Strike_R","Strike_R","Defend_R","Defend_R","Defend_R","Perfected Strike+1","Chrysalis","Headbutt","Perfected Strike+1","Wild Strike","Perfected Strike+1","Intimidate","Perfected Strike+1","Disarm+1","Double Tap+1","Wild Strike","Pummel","Battle Trance","Twin Strike+1","Perfected Strike+1","Double Tap+1","Wild Strike+1","Master of Strategy","Warcry","Warcry","Decay","Pommel Strike","Dual Wield+1","Evolve"],"relics":["Burning Blood","Tiny Chest","Art of War","Anchor","Oddly Smooth Stone","Coffee Dripper","Pen Nib","Meat on the Bone","Happy Flower","Question Card","DollysMirror","Cursed Key","Mango","Paper Frog","Boot","Red Mask"],"potions_floor_usage":[6,16,23,50],"damage_taken":[{"damage":10,"enemies":"2 Louse","floor":1,"turns":3},{"damage":7,"enemies":"Jaw Worm","floor":5,"turns":4},{"damage":16,"enemies":"Gremlin Nob","floor":6,"turns":4},{"damage":35,"enemies":"3 Sentries","floor":8,"turns":7},{"damage":0,"enemies":"Cultist","floor":10,"turns":2},{"damage":0,"enemies":"Red Slaver","floor":12,"turns":2},{"damage":58,"enemies":"Slime Boss","floor":16,"turns":8},{"damage":0,"enemies":"Spheric Guardian","floor":18,"turns":1},{"damage":2,"enemies":"Chosen","floor":20,"turns":2},{"damage":38,"enemies":"Gremlin Leader","floor":23,"turns":7},{"damage":27,"enemies":"Slavers","floor":25,"turns":4},{"damage":2,"enemies":"3 Cultists","floor":28,"turns":4},{"damage":2,"enemies":"Cultist and Chosen","floor":29,"turns":3},{"damage":0,"enemies":"Snecko","floor":30,"turns":2},{"damage":39,"enemies":"Collector","floor":33,"turns":5},{"damage":6,"enemies":"Orb Walker","floor":35,"turns":3},{"damage":24,"enemies":"Mind Bloom Boss Battle","floor":36,"turns":4},{"damage":3,"enemies":"3 Shapes","floor":39,"turns":2},{"damage":0,"enemies":"Sphere and 2 Shapes","floor":41,"turns":2},{"damage":15,"enemies":"Nemesis","floor":44,"turns":3},{"damage":0,"enemies":"Jaw Worm Horde","floor":45,"turns":2},{"damage":0,"enemies":"Transient","floor":47,"turns":5},{"damage":0,"enemies":"Sphere and 2 Shapes","floor":48,"turns":2},{"damage":62,"enemies":"Donu and Deca","floor":50,"turns":5}],"seed_played":"677265521073780558","potions_obtained":[{"floor":1,"key":"FearPotion"},{"floor":3,"key":"FairyPotion"},{"floor":8,"key":"GamblersBrew"},{"floor":10,"key":"Regen Potion"},{"floor":20,"key":"Fruit Juice"},{"floor":25,"key":"EntropicBrew"},{"floor":47,"key":"Regen Potion"}],"is_trial":false,"path_per_floor":["M","?","?","$","M","E","R","E","T","M","R","M","R","$","R","B",null,"M","?","M","$","T","E","R","E","T","?","M","M","M","$","R","B",null,"M","?","$","?","M","R","M","R","T","E","M","?","M","M","R","B",null],"character_chosen":"IRONCLAD","items_purchased":["Chrysalis","Tiny Chest","Perfected Strike","Disarm","DollysMirror"],"campfire_rested":1,"item_purchase_floors":[4,4,14,14,31],"current_hp_per_floor":[64,57,57,57,56,46,46,17,17,23,45,51,51,51,51,14,60,66,66,70,70,70,43,43,34,34,34,50,54,60,60,60,39,70,70,66,66,66,69,69,75,75,75,66,72,72,78,84,84,54],"gold":26,"neow_bonus":"TWO_FIFTY_GOLD","is_prod":false,"is_daily":false,"chose_seed":false,"campfire_upgraded":8,"win_rate":0,"timestamp":1542233713,"path_taken":["M","?","?","$","?","E","R","E","T","M","R","M","R","?","R","BOSS","M","?","?","$","?","E","R","E","T","?","?","M","M","$","R","BOSS","M","?","$","?","M","R","M","R","T","E","M","?","?","M","R","BOSS"],"build_version":"2018-11-08","purchased_purges":2,"victory":true,"max_hp_per_floor":[75,75,75,75,75,75,75,75,75,75,75,75,75,75,75,75,75,75,75,75,75,75,80,80,80,80,80,80,80,80,80,80,80,80,80,94,94,94,94,94,94,94,94,94,94,94,94,94,94,94],"card_choices":[{"not_picked":["Flame Barrier","Spot Weakness"],"picked":"Perfected Strike","floor":1},{"not_picked":["Heavy Blade","Entrench"],"picked":"Headbutt","floor":5},{"not_picked":["Clash","Warcry"],"picked":"Perfected Strike","floor":6},{"not_picked":["Bludgeon","Brutality"],"picked":"Wild Strike","floor":8},{"not_picked":["Body Slam","Anger"],"picked":"Perfected Strike","floor":10},{"not_picked":["True Grit","Shrug It Off"],"picked":"Intimidate","floor":12},{"not_picked":["Immolate","Impervious"],"picked":"Double Tap","floor":16},{"not_picked":["Clothesline","Searing Blow"],"picked":"Wild Strike","floor":18},{"not_picked":["Infernal Blade","Anger","Clash"],"picked":"SKIP","floor":20},{"not_picked":["Infernal Blade","Anger","Clash"],"picked":"SKIP","floor":20},{"not_picked":["Pummel","Clothesline"],"picked":"Battle Trance","floor":23},{"not_picked":["Shrug It Off+1","Thunderclap+1","Seeing Red+1"],"picked":"SKIP","floor":25},{"not_picked":["Sentinel","Body Slam","Sword Boomerang","True Grit"],"picked":"SKIP","floor":28},{"not_picked":["Clash","Clothesline","Seeing Red","Exhume"],"picked":"SKIP","floor":29},{"not_picked":["Evolve","Spot Weakness","Infernal Blade"],"picked":"Twin Strike+1","floor":30},{"not_picked":["Brutality","Juggernaut","Immolate"],"picked":"Double Tap","floor":33},{"not_picked":["Pummel","Iron Wave","Combust+1","Thunderclap+1"],"picked":"SKIP","floor":35},{"not_picked":["Cleave","Pummel","Warcry"],"picked":"Wild Strike+1","floor":36},{"not_picked":["Dark Shackles","Panacea","Enlightenment"],"picked":"Master of Strategy","floor":38},{"not_picked":["Sever Soul","Seeing Red+1","Iron Wave+1"],"picked":"Warcry","floor":39},{"not_picked":["Rampage+1","Reckless Charge+1","Headbutt"],"picked":"Warcry","floor":41},{"not_picked":["Flex","Reckless Charge","Juggernaut","Spot Weakness+1"],"picked":"SKIP","floor":44},{"not_picked":["Heavy Blade","Clash","Rupture"],"picked":"Pommel Strike","floor":45},{"not_picked":["Headbutt+1","Sword Boomerang","Juggernaut"],"picked":"Dual Wield","floor":47},{"not_picked":["Shrug It Off","Heavy Blade+1","Anger"],"picked":"Evolve","floor":48}],"player_experience":330597,"relics_obtained":[{"floor":6,"key":"Art of War"},{"floor":8,"key":"Anchor"},{"floor":9,"key":"Oddly Smooth Stone"},{"floor":22,"key":"Pen Nib"},{"floor":23,"key":"Meat on the Bone"},{"floor":25,"key":"Happy Flower"},{"floor":26,"key":"Question Card"},{"floor":36,"key":"Mango"},{"floor":43,"key":"Paper Frog"},{"floor":44,"key":"Boot"}],"event_choices":[{"cards_removed":["Regret"],"damage_healed":0,"gold_gain":0,"player_choice":"Card Removal","damage_taken":7,"max_hp_gain":0,"max_hp_loss":0,"event_name":"Golden Wing","floor":2,"gold_loss":0},{"damage_healed":0,"gold_gain":0,"player_choice":"Got Potions","damage_taken":0,"max_hp_gain":0,"max_hp_loss":0,"event_name":"Lab","floor":3,"gold_loss":0},{"damage_healed":0,"gold_gain":0,"player_choice":"1 cards matched","damage_taken":0,"max_hp_gain":0,"max_hp_loss":0,"event_name":"Match and Keep!","floor":19,"gold_loss":0,"cards_obtained":["Pummel"]},{"damage_healed":0,"gold_gain":0,"player_choice":"Ignored","damage_taken":0,"max_hp_gain":0,"max_hp_loss":0,"event_name":"N\u0027loth","floor":27,"gold_loss":0},{"damage_healed":0,"gold_gain":0,"player_choice":"Fight","damage_taken":0,"max_hp_gain":0,"max_hp_loss":0,"event_name":"MindBloom","floor":36,"gold_loss":0},{"damage_healed":0,"gold_gain":0,"player_choice":"Memory 1","damage_taken":0,"max_hp_gain":0,"max_hp_loss":0,"event_name":"SensoryStone","floor":38,"gold_loss":0},{"damage_healed":0,"gold_gain":0,"player_choice":"Paid","damage_taken":0,"relics_obtained":["Red Mask"],"max_hp_gain":0,"max_hp_loss":0,"event_name":"Tomb of Lord Red Mask","floor":46,"gold_loss":227}],"is_beta":false,"boss_relics":[{"not_picked":["Lizard Tail","Pandora\u0027s Box"],"picked":"Coffee Dripper"},{"not_picked":["Black Blood","Philosopher\u0027s Stone"],"picked":"Cursed Key"}],"items_purged_floors":[21,37],"is_endless":false,"potions_floor_spawned":[1,5,8,10,20,25,29,33,36,47],"ascension_level":16}