{"gold_per_floor":[112,132,132,63,75,75,105,105,105,105,124,124,143,175,175,252,252,267,267,279,33,33,33,59,59,59,107,141,168,168,268,268,346,346,356,356,199,199,246,246,280,280,280,280,312,58,74,86,86,86],"floor_reached":51,"playtime":2459,"items_purged":["Writhe"],"score":1458,"play_id":"a41ca09f-0997-48d2-b50e-e8dd536b3ef9","local_time":"20190227164800","is_ascension_mode":true,"campfire_choices":[{"data":"Neutralize","floor":6.0,"key":"SMITH"},{"data":"Corpse Explosion","floor":8.0,"key":"SMITH"},{"floor":12.0,"key":"REST"},{"data":"Predator","floor":15.0,"key":"SMITH"},{"data":"Deadly Poison","floor":23.0,"key":"SMITH"},{"data":"Well Laid Plans","floor":25.0,"key":"SMITH"},{"floor":30.0,"key":"REST"},{"floor":32.0,"key":"REST"},{"data":"Malaise","floor":40,"key":"SMITH"},{"data":"Bouncing Flask","floor":44,"key":"SMITH"},{"data":"Footwork","floor":49,"key":"SMITH"}],"neow_cost":"NONE","seed_source_timestamp":50841837825019,"circlet_count":0,"master_deck":["AscendersBane","Defend_G","Defend_G","Defend_G","Defend_G","Defend_G+1","Strike_G","Strike_G","Strike_G","Survivor","Neutralize+1","Sucker Punch+1","Well Laid Plans+1","Backflip+1","Corpse Explosion+1","Quick Slash","Predator+1","After Image","Blur","Leg Sweep","Deadly Poison+1","Bouncing Flask+1","Backflip","Backstab","Leg Sweep","Dodge and Roll","Malaise+1","Parasite","PiercingWail","PiercingWail","Crippling Poison","Deflect","Footwork+1","PiercingWail","Master of Strategy","Deflect+1","Dodge and Roll+1"],"special_seed":0,"relics":["Ring of the Snake","Potion Belt","Paper Crane","Unceasing Top","Bird Faced Urn","Sozu","War Paint","WingedGreaves","Ornamental Fan","Omamori","Juzu Bracelet","Anchor","Prayer Wheel","Question Card","Calling Bell","Orichalcum","Mummified Hand","Dead Branch","Dream Catcher","Happy Flower","Pocketwatch","Darkstone Periapt"],"potions_floor_usage":[],"damage_taken":[{"damage":1.0,"enemies":"Small Slimes","floor":1.0,"turns":4.0},{"damage":6.0,"enemies":"Jaw Worm","floor":2.0,"turns":6.0},{"damage":0.0,"enemies":"Cultist","floor":5.0,"turns":4.0},{"damage":24.0,"enemies":"Lagavulin","floor":7.0,"turns":10.0},{"damage":3.0,"enemies":"Large Slime","floor":11.0,"turns":6.0},{"damage":0.0,"enemies":"Lots of Slimes","floor":13.0,"turns":1.0},{"damage":10.0,"enemies":"Gremlin Nob","floor":14.0,"turns":4.0},{"damage":8.0,"enemies":"The Guardian","floor":16.0,"turns":10.0},{"damage":13.0,"enemies":"2 Thieves","floor":18.0,"turns":3.0},{"damage":4.0,"enemies":"3 Byrds","floor":20.0,"turns":3.0},{"damage":3.0,"enemies":"Book of Stabbing","floor":24.0,"turns":9.0},{"damage":5.0,"enemies":"Gremlin Leader","floor":28.0,"turns":8.0},{"damage":23.0,"enemies":"Slavers","floor":29.0,"turns":3.0},{"damage":9.0,"enemies":"Colosseum Slavers","floor":31.0,"turns":3.0},{"damage":15.0,"enemies":"Colosseum Nobs","floor":31.0,"turns":4.0},{"damage":43.0,"enemies":"Champ","floor":33.0,"turns":15.0},{"damage":0.0,"enemies":"3 Shapes","floor":35.0,"turns":2.0},{"damage":9,"enemies":"Reptomancer","floor":41,"turns":9},{"damage":10,"enemies":"Giant Head","floor":45,"turns":10},{"damage":0,"enemies":"Orb Walker","floor":47,"turns":2},{"damage":0,"enemies":"Maw","floor":48,"turns":8},{"damage":0,"enemies":"Donu and Deca","floor":50,"turns":10}],"seed_played":"-2437416593286386187","potions_obtained":[{"floor":1.0,"key":"Energy Potion"},{"floor":5.0,"key":"GhostInAJar"},{"floor":16.0,"key":"SteroidPotion"}],"is_trial":false,"path_per_floor":["M","M","?","$","M","R","E","R","T","?","M","R","M","E","R","B",null,"M","?","M","$","?","R","E","R","T","T","E","E","R","?","R","B",null,"M","?","$","?","T","R","E","?","T","R","E","$","M","M","R","B",null],"character_chosen":"THE_SILENT","items_purchased":["Well Laid Plans","Deadly Poison","Bouncing Flask","War Paint","Crippling Poison","Footwork","PiercingWail","Master of Strategy"],"campfire_rested":3,"item_purchase_floors":[4,21,21,21,37,46,46,46],"current_hp_per_floor":[58,52,52,52,52,52,28,28,28,28,25,44,44,34,34,28,57,48,48,46,46,46,46,47,47,47,47,46,27,46,30,49,10,52,54,66,66,66,66,66,59,59,59,59,55,55,59,65,65,66],"gold":86,"neow_bonus":"RANDOM_COMMON_RELIC","is_prod":false,"is_daily":false,"chose_seed":false,"campfire_upgraded":8,"win_rate":0,"timestamp":1551314880,"path_taken":["M","M","?","$","M","R","E","R","T","?","M","R","?","E","R","BOSS","M","?","?","$","?","R","E","R","T","?","E","E","R","?","R","BOSS","M","?","$","?","?","R","E","?","T","R","E","$","M","M","R","BOSS"],"build_version":"2019-01-23","purchased_purges":1,"victory":true,"max_hp_per_floor":[66,66,66,66,66,66,66,66,66,66,66,66,66,66,66,66,66,66,66,66,66,66,66,66,66,66,66,66,66,66,66,66,66,66,66,66,66,66,66,66,66,66,66,66,66,66,66,66,66,66],"card_choices":[{"not_picked":["Predator","Backflip"],"picked":"Dagger Throw","floor":1.0},{"not_picked":["Catalyst","PiercingWail"],"picked":"Sucker Punch","floor":2.0},{"not_picked":["Dodge and Roll","Eviscerate"],"picked":"Backflip","floor":5.0},{"not_picked":["Deflect","Predator"],"picked":"Corpse Explosion","floor":7.0},{"not_picked":["Blade Dance","Slice","Prepared"],"picked":"SKIP","floor":11.0},{"not_picked":["Outmaneuver","Bane"],"picked":"Quick Slash","floor":13.0},{"not_picked":["Finisher","Riddle With Holes"],"picked":"Predator","floor":14.0},{"not_picked":["Envenom","Doppelganger"],"picked":"After Image","floor":16.0},{"not_picked":["Sucker Punch","Outmaneuver"],"picked":"Blur","floor":18.0},{"not_picked":["Slice","Flechettes"],"picked":"Leg Sweep","floor":20.0},{"not_picked":["Sucker Punch+1","Prepared"],"picked":"Backflip","floor":24.0},{"not_picked":["Dagger Throw","Prepared"],"picked":"Backstab","floor":28.0},{"not_picked":["Unload","Bane"],"picked":"Leg Sweep","floor":29.0},{"not_picked":["Poisoned Stab","Dagger Throw"],"picked":"Dodge and Roll","floor":31.0},{"not_picked":["Die Die Die","Unload","Adrenaline"],"picked":"Malaise","floor":33.0},{"not_picked":["Sucker Punch","Endless Agony+1","Dodge and Roll+1"],"picked":"PiercingWail","floor":35},{"not_picked":["Sucker Punch","Riddle With Holes","Underhanded Strike"],"picked":"PiercingWail","floor":35},{"not_picked":["Setup","Prepared","Outmaneuver","Slice"],"picked":"SKIP","floor":41},{"not_picked":["PiercingWail","Corpse Explosion","Poisoned Stab"],"picked":"Deflect","floor":45},{"not_picked":["Dagger Throw","Deadly Poison","Distraction"],"picked":"Deflect+1","floor":47},{"not_picked":["Skewer","Cloak And Dagger","Outmaneuver"],"picked":"Dodge and Roll+1","floor":47},{"not_picked":["Heel Hook+1","Deflect","Deadly Poison","Outmaneuver"],"picked":"SKIP","floor":48},{"not_picked":["Dagger Spray","Glass Knife","Quick Slash","Sucker Punch"],"picked":"SKIP","floor":48}],"player_experience":2281410,"relics_obtained":[{"floor":7.0,"key":"Paper Crane"},{"floor":9.0,"key":"Unceasing Top"},{"floor":14.0,"key":"Bird Faced Urn"},{"floor":24.0,"key":"WingedGreaves"},{"floor":26.0,"key":"Ornamental Fan"},{"floor":27.0,"key":"Omamori"},{"floor":28.0,"key":"Juzu Bracelet"},{"floor":29.0,"key":"Anchor"},{"floor":31.0,"key":"Prayer Wheel"},{"floor":31.0,"key":"Question Card"},{"floor":34.0,"key":"Orichalcum"},{"floor":34.0,"key":"Mummified Hand"},{"floor":34.0,"key":"Dead Branch"},{"floor":39,"key":"Dream Catcher"},{"floor":41,"key":"Happy Flower"},{"floor":43,"key":"Pocketwatch"},{"floor":45,"key":"Darkstone Periapt"}],"event_choices":[{"damage_healed":0.0,"max_hp_gain":0.0,"max_hp_loss":0.0,"gold_gain":0.0,"event_name":"Living Wall","player_choice":"Grow","floor":3.0,"gold_loss":0.0,"damage_taken":0.0,"cards_upgraded":["Sucker Punch"]},{"cards_removed":["Strike_G"],"damage_healed":0.0,"max_hp_gain":0.0,"max_hp_loss":0.0,"gold_gain":0.0,"event_name":"Purifier","player_choice":"Purged","floor":10.0,"gold_loss":0.0,"damage_taken":0.0},{"cards_removed":["Strike_G"],"damage_healed":0.0,"max_hp_gain":0.0,"max_hp_loss":0.0,"gold_gain":0.0,"event_name":"Purifier","player_choice":"Purged","floor":19.0,"gold_loss":0.0,"damage_taken":0.0},{"damage_healed":0.0,"max_hp_gain":0.0,"max_hp_loss":0.0,"gold_gain":0.0,"event_name":"The Mausoleum","player_choice":"Ignored","floor":22.0,"gold_loss":0.0,"damage_taken":0.0},{"damage_healed":0.0,"max_hp_gain":0.0,"max_hp_loss":0.0,"gold_gain":0.0,"event_name":"Colosseum","player_choice":"Fight","floor":31.0,"gold_loss":0.0,"damage_taken":0.0},{"damage_healed":0.0,"max_hp_gain":0.0,"max_hp_loss":0.0,"gold_gain":0.0,"event_name":"Colosseum","player_choice":"Fought Nobs","floor":31.0,"gold_loss":0.0,"damage_taken":0.0},{"damage_healed":13,"gold_gain":0,"player_choice":"Writhe","damage_taken":0,"max_hp_gain":0,"max_hp_loss":0,"event_name":"Winding Halls","floor":36,"gold_loss":0,"cards_obtained":["Writhe"]},{"cards_removed":["Dagger Throw"],"damage_healed":0,"gold_gain":0,"player_choice":"Removed Attack","damage_taken":0,"max_hp_gain":0,"max_hp_loss":0,"event_name":"Falling","floor":38,"gold_loss":0},{"damage_healed":0,"gold_gain":0,"player_choice":"Ignored","damage_taken":0,"max_hp_gain":0,"max_hp_loss":0,"event_name":"Tomb of Lord Red Mask","floor":42,"gold_loss":0}],"is_beta":false,"boss_relics":[{"not_picked":["Empty Cage","Lizard Tail"],"picked":"Sozu"},{"not_picked":["Velvet Choker","Black Star"],"picked":"Calling Bell"}],"items_purged_floors":[37],"is_endless":false,"potions_floor_spawned":[1,5,16,20,24,28,45],"ascension_level":15}