{"gold_per_floor":[112,123,140,190,206,206,234,234,234,264,339,369,7,24,24,98,98,118,118,138,238,238,265,265,281,281,308,308,308,308,335,335,412,412,423,70,80,100,111,111,145,164,164,164,164,191,205,239,239,239],"floor_reached":51,"playtime":1793,"items_purged":["Strike_R+1"],"score":1773,"play_id":"7508a340-1250-4bde-98d7-10379c645e00","local_time":"20181024143402","is_ascension_mode":true,"campfire_choices":[{"data":"Immolate","floor":6.0,"key":"SMITH"},{"floor":8.0,"key":"REST"},{"data":"Uppercut","floor":15.0,"key":"SMITH"},{"data":"Shrug It Off","floor":24.0,"key":"SMITH"},{"data":"Headbutt","floor":30.0,"key":"SMITH"},{"data":"Battle Trance","floor":32.0,"key":"SMITH"},{"data":"Offering","floor":40.0,"key":"SMITH"},{"data":"Thunderclap","floor":44.0,"key":"SMITH"},{"data":"Twin Strike","floor":49.0,"key":"SMITH"}],"neow_cost":"NONE","seed_source_timestamp":0,"circlet_count":0,"master_deck":["Strike_R+1","Strike_R+1","Strike_R+1","Strike_R+1","Defend_R+1","Defend_R+1","Defend_R+1","Defend_R+1","Bash+1","AscendersBane","Headbutt+1","Twin Strike+1","Immolate+1","Battle Trance+1","Thunderclap+1","Uppercut+1","Shrug It Off+1","Demon Form+1","Whirlwind+1","Offering+1","Feel No Pain+1"],"special_seed":0,"relics":["Burning Blood","Ornamental Fan","Sundial","Paper Frog","Frozen Egg 2","FossilizedHelix","Busted Crown","MutagenicStrength","Ginger","Pantograph","Singing Bowl","Blue Candle","Question Card","Shuriken","Torii","Philosopher\u0027s Stone","Medical Kit","Vajra","Bottled Flame","Pocketwatch","The Courier"],"potions_floor_usage":[50,50],"damage_taken":[{"damage":6.0,"enemies":"Cultist","floor":1.0,"turns":4.0},{"damage":7.0,"enemies":"Jaw Worm","floor":2.0,"turns":3.0},{"damage":7.0,"enemies":"Small Slimes","floor":3.0,"turns":3.0},{"damage":12.0,"enemies":"Looter","floor":5.0,"turns":3.0},{"damage":15.0,"enemies":"3 Sentries","floor":7.0,"turns":5.0},{"damage":27.0,"enemies":"Lagavulin","floor":10.0,"turns":6.0},{"damage":10.0,"enemies":"3 Sentries","floor":12.0,"turns":3.0},{"damage":6.0,"enemies":"2 Fungi Beasts","floor":14.0,"turns":3.0},{"damage":0.0,"enemies":"Slime Boss","floor":16.0,"turns":6.0},{"damage":0.0,"enemies":"Chosen","floor":18.0,"turns":3.0},{"damage":0.0,"enemies":"3 Byrds","floor":20.0,"turns":4.0},{"damage":5.0,"enemies":"Colosseum Slavers","floor":21.0,"turns":4.0},{"damage":0.0,"enemies":"Colosseum Nobs","floor":21.0,"turns":3.0},{"damage":28.0,"enemies":"Book of Stabbing","floor":23.0,"turns":4.0},{"damage":0.0,"enemies":"Snecko","floor":25.0,"turns":3.0},{"damage":0.0,"enemies":"Slavers","floor":27.0,"turns":2.0},{"damage":11.0,"enemies":"Book of Stabbing","floor":31.0,"turns":4.0},{"damage":0.0,"enemies":"Champ","floor":33.0,"turns":5.0},{"damage":0.0,"enemies":"3 Shapes","floor":35.0,"turns":5.0},{"damage":0.0,"enemies":"Orb Walker","floor":37.0,"turns":3.0},{"damage":1.0,"enemies":"3 Darklings","floor":38.0,"turns":3.0},{"damage":6.0,"enemies":"Spire Growth","floor":39.0,"turns":4.0},{"damage":0.0,"enemies":"Giant Head","floor":41.0,"turns":5.0},{"damage":4.0,"enemies":"Sphere and 2 Shapes","floor":42.0,"turns":4.0},{"damage":1.0,"enemies":"Nemesis","floor":46.0,"turns":5.0},{"damage":3.0,"enemies":"Maw","floor":47.0,"turns":5.0},{"damage":23.0,"enemies":"Reptomancer","floor":48.0,"turns":4.0},{"damage":34,"enemies":"Awakened One","floor":50,"turns":9}],"seed_played":"541946196876978757","potions_obtained":[{"floor":3.0,"key":"Explosive Potion"},{"floor":7.0,"key":"Fire Potion"},{"floor":16.0,"key":"Dexterity Potion"},{"floor":23.0,"key":"SkillPotion"},{"floor":27.0,"key":"Weak Potion"},{"floor":33.0,"key":"Energy Potion"},{"floor":46.0,"key":"Dexterity Potion"}],"is_trial":false,"path_per_floor":["M","M","M","?","M","R","E","R","T","E","?","E","$","M","R","B",null,"M","?","M","?","T","E","R","M","T","E","?","?","R","E","R","B",null,"M","$","M","M","M","R","E","M","T","R","?","E","M","E","R","B"],"character_chosen":"IRONCLAD","items_purchased":["FossilizedHelix","Uppercut","Medical Kit","Feel No Pain+1"],"campfire_rested":1,"item_purchase_floors":[13,13,36,36],"current_hp_per_floor":[68,67,66,59,53,53,44,66,66,45,34,30,30,30,30,36,65,71,71,75,75,75,55,55,63,63,71,71,71,71,66,66,81,81,83,83,85,87,89,89,91,93,93,93,95,97,99,84,84,73],"gold":239,"neow_bonus":"UPGRADE_CARD","is_prod":false,"is_daily":false,"chose_seed":false,"campfire_upgraded":8,"win_rate":0,"timestamp":1540416842,"path_taken":["M","?","M","?","?","R","E","R","T","E","?","E","?","?","R","BOSS","M","?","M","?","?","E","R","?","T","E","?","?","R","E","R","BOSS","M","$","M","M","M","R","E","M","T","R","?","E","M","E","R","BOSS"],"build_version":"2018-10-18","purchased_purges":1,"victory":true,"max_hp_per_floor":[75,75,75,75,75,75,75,75,75,75,75,75,75,75,75,75,75,75,75,75,75,75,77,77,79,79,81,81,81,81,81,81,81,81,83,83,85,87,89,89,91,93,93,93,95,97,99,101,101,101],"card_choices":[{"not_picked":["Feel No Pain","Perfected Strike"],"picked":"Headbutt","floor":1.0},{"not_picked":["Armaments","Perfected Strike"],"picked":"Twin Strike","floor":2.0},{"not_picked":["Clash","Headbutt","Perfected Strike"],"picked":"SKIP","floor":3.0},{"not_picked":["True Grit","Evolve"],"picked":"Immolate","floor":5.0},{"not_picked":["Spot Weakness","Havoc"],"picked":"Battle Trance","floor":7.0},{"not_picked":["Body Slam","Power Through"],"picked":"Thunderclap","floor":10.0},{"not_picked":["Pommel Strike","Clothesline","Wild Strike"],"picked":"SKIP","floor":12.0},{"not_picked":["Pommel Strike","Clothesline","Wild Strike"],"picked":"SKIP","floor":12.0},{"not_picked":["Twin Strike","Sword Boomerang"],"picked":"Shrug It Off","floor":14.0},{"not_picked":["Immolate","Brutality+1"],"picked":"Demon Form+1","floor":16.0},{"not_picked":["Iron Wave"],"picked":"SKIP","floor":18.0},{"not_picked":["Rupture+1"],"picked":"SKIP","floor":20.0},{"not_picked":["Sword Boomerang"],"picked":"Singing Bowl","floor":23.0},{"not_picked":["Wild Strike"],"picked":"Singing Bowl","floor":25.0},{"not_picked":["Exhume","Body Slam"],"picked":"Singing Bowl","floor":27.0},{"not_picked":["Rampage"],"picked":"Whirlwind+1","floor":31.0},{"not_picked":["Fiend Fire"],"picked":"Offering","floor":33.0},{"not_picked":["Burning Pact","Wild Strike"],"picked":"Singing Bowl","floor":35.0},{"not_picked":["Blood for Blood","Heavy Blade"],"picked":"Singing Bowl","floor":37.0},{"not_picked":["Wild Strike","Spot Weakness"],"picked":"Singing Bowl","floor":38.0},{"not_picked":["Armaments","Flex"],"picked":"Singing Bowl","floor":39.0},{"not_picked":["Berserk+1","Sword Boomerang"],"picked":"Singing Bowl","floor":41.0},{"not_picked":["Reckless Charge","Flex"],"picked":"Singing Bowl","floor":42.0},{"not_picked":["Purity","Jack Of All Trades"],"picked":"Singing Bowl","floor":45.0},{"not_picked":["Pommel Strike","Flex+1"],"picked":"Singing Bowl","floor":46.0},{"not_picked":["Sword Boomerang","Clash"],"picked":"Singing Bowl","floor":47.0},{"not_picked":["Warcry","Searing Blow"],"picked":"Singing Bowl","floor":48.0}],"player_experience":1446406,"relics_obtained":[{"floor":7.0,"key":"Ornamental Fan"},{"floor":9.0,"key":"Sundial"},{"floor":10.0,"key":"Paper Frog"},{"floor":12.0,"key":"Frozen Egg 2"},{"floor":21.0,"key":"Ginger"},{"floor":21.0,"key":"Pantograph"},{"floor":22.0,"key":"Singing Bowl"},{"floor":23.0,"key":"Blue Candle"},{"floor":26.0,"key":"Question Card"},{"floor":27.0,"key":"Shuriken"},{"floor":31.0,"key":"Torii"},{"floor":41.0,"key":"Vajra"},{"floor":43.0,"key":"Bottled Flame"},{"floor":46.0,"key":"Pocketwatch"},{"floor":48.0,"key":"The Courier"}],"event_choices":[{"damage_healed":0.0,"max_hp_gain":0.0,"max_hp_loss":0.0,"gold_gain":50.0,"event_name":"FaceTrader","player_choice":"Touch","floor":4.0,"gold_loss":0.0,"damage_taken":7.0},{"damage_healed":0.0,"max_hp_gain":0.0,"max_hp_loss":0.0,"gold_gain":75.0,"event_name":"World of Goop","player_choice":"Gather Gold","floor":11.0,"gold_loss":0.0,"damage_taken":11.0},{"damage_healed":0.0,"max_hp_gain":0.0,"max_hp_loss":0.0,"gold_gain":0.0,"event_name":"Drug Dealer","player_choice":"Inject Mutagens","floor":19.0,"gold_loss":0.0,"damage_taken":0.0,"relics_obtained":["MutagenicStrength"]},{"damage_healed":0.0,"max_hp_gain":0.0,"max_hp_loss":0.0,"gold_gain":0.0,"event_name":"Colosseum","player_choice":"Fight","floor":21.0,"gold_loss":0.0,"damage_taken":0.0},{"damage_healed":0.0,"max_hp_gain":0.0,"max_hp_loss":0.0,"gold_gain":0.0,"event_name":"Colosseum","player_choice":"Fought Nobs","floor":21.0,"gold_loss":0.0,"damage_taken":0.0},{"damage_healed":0.0,"max_hp_gain":0.0,"max_hp_loss":0.0,"gold_gain":0.0,"event_name":"Back to Basics","player_choice":"Simplicity","floor":28.0,"gold_loss":0.0,"damage_taken":0.0,"cards_upgraded":["Strike_R","Strike_R","Strike_R","Strike_R","Strike_R","Defend_R","Defend_R","Defend_R","Defend_R"]},{"damage_healed":0.0,"max_hp_gain":0.0,"max_hp_loss":0.0,"gold_gain":0.0,"event_name":"The Mausoleum","player_choice":"Ignored","floor":29.0,"gold_loss":0.0,"damage_taken":0.0},{"damage_healed":0.0,"max_hp_gain":0.0,"max_hp_loss":0.0,"gold_gain":0.0,"event_name":"SensoryStone","player_choice":"Memory 1","floor":45.0,"gold_loss":0.0,"damage_taken":0.0}],"is_beta":false,"boss_relics":[{"not_picked":["Calling Bell","Eternal Feather"],"picked":"Busted Crown"},{"not_picked":["Mark of Pain","Tiny House"],"picked":"Philosopher\u0027s Stone"}],"items_purged_floors":[36],"is_endless":false,"potions_floor_spawned":[3,7,10,16,21,23,27,31,33,35,38,46,47,48],"ascension_level":15}