{"gold_per_floor":[113,128,143,0,14,14,43,61,61,61,92,92,104,71,71,171,171,283,293,293,108,8,8,43,43,43,43,56,71,103,117,117,216,216,233,278,14,31,85,221,221,221,253,267,299,299,329,346,346,346,346,346,6,32,32],"floor_reached":56,"playtime":2369,"items_purged":["hubris:Disease","ReplayTheSpireMod:Splinters"],"score":1585,"play_id":"caea53ad-2900-4b00-a66d-14936deebc82","local_time":"25620303181019","is_ascension_mode":false,"campfire_choices":[{"data":"True Grit","floor":6.0,"key":"SMITH"},{"data":"strawberrySpire:Beatdown","floor":10.0,"key":"SMITH"},{"data":"Bash","floor":15.0,"key":"SMITH"},{"data":"strawberrySpire:DangerMountain","floor":23,"key":"SMITH"},{"data":"Pommel Strike","floor":25,"key":"SMITH"},{"data":"ReplayTheSpireMod:Haul","floor":42,"key":"SMITH"},{"floor":46,"key":"RECALL"},{"floor":49,"key":"DIG"},{"data":"Pot Of Greed","floor":52,"key":"SMITH"}],"neow_cost":"CURSE","seed_source_timestamp":16761345556792,"circlet_count":0,"master_deck":["Strike_R","Strike_R","Strike_R","Strike_R","Bash+1","Havoc","Whirlwind+1","Metallicize+1","True Grit+1","strawberrySpire:Beatdown+1","strawberrySpire:DangerMountain+1","Flame Barrier","Feel No Pain+1","Feel No Pain","conspire:HitWhereItHurts","Flame Barrier","theJungle:Gourd","theJungle:Gourd","theJungle:Gourd","theJungle:Gourd","theJungle:Gourd+1","Pommel Strike+1","Uppercut+1","Pummel+1","Seeing Red+1","strawberrySpire:Aggression+1","Offering+1","strawberrySpire:AscendersBanana","Blind","ReplayTheSpireMod:Haul+1","strawberrySpire:Harvest","MasterSpark","Shrug It Off","Pot Of Greed","Pot Of Greed+1","Pot Of Greed","strawberrySpire:Harvest+1","Dropkick+1","Anger+1","Pot Of Greed","Iron Wave","strawberrySpire:CrashLanding+1","Pummel+1","strawberrySpire:DraftPunk+1","Shockwave+1","Thunderclap+1","Apotheosis","ManaRampage+1"],"special_seed":0,"relics":["Burning Blood","infinitespire:CursedDice","Guide Book","Self Forming Clay","Bottled Tornado","Vajra","ReplayTheSpireMod:CursedCoin","ReplayTheSpireMod:Onyx Gauntlets","theJungle:Creamberry","Pear","Pen Nib","halation:WeightlessCrab","Replay:Grab Bag","Mark of Pain","Replay:Fungal Core","aspiration:DefectSkillbook","ReplayTheSpireMod:SealedPack","Grinning Jar","Dead Branch","hubris:Metronome","jedi:gremlinknob","aspiration:FetidBarrel","hubris:DisguiseKit","FossilizedHelix","strawberrySpire:KineticCharger","jedi:crownofsimplicity"],"potions_floor_usage":[16,16,29,30,33,43,48,55,55,55],"damage_taken":[{"damage":6.0,"enemies":"2 Louse","floor":1.0,"turns":4.0},{"damage":22.0,"enemies":"infinitespire:Voidling","floor":2.0,"turns":3.0},{"damage":5.0,"enemies":"Jaw Worm","floor":3.0,"turns":3.0},{"damage":0.0,"enemies":"3 Louse","floor":5.0,"turns":1.0},{"damage":4.0,"enemies":"Gremlin Nob","floor":7.0,"turns":4.0},{"damage":15.0,"enemies":"Gremlin Gang","floor":8.0,"turns":4.0},{"damage":27.0,"enemies":"Lagavulin","floor":11.0,"turns":7.0},{"damage":2.0,"enemies":"Red Slaver","floor":13.0,"turns":4.0},{"damage":38,"enemies":"Hexaghost","floor":16,"turns":13},{"damage":7,"enemies":"theJungle:MUSHROOMGANG","floor":18,"turns":4},{"damage":2,"enemies":"theJungle:GiantWrat","floor":19,"turns":3},{"damage":3,"enemies":"theJungle:2_Phrogs","floor":24,"turns":6},{"damage":0,"enemies":"theJungle:SlimyTreeVines","floor":28,"turns":4},{"damage":5,"enemies":"theJungle:Lyon","floor":29,"turns":4},{"damage":0,"enemies":"Nightmare","floor":30,"turns":1},{"damage":0,"enemies":"theJungle:2_Snecko_Cultists","floor":31,"turns":4},{"damage":0,"enemies":"theJungle:FunGuy","floor":33,"turns":5},{"damage":0,"enemies":"3 Shapes","floor":35,"turns":3},{"damage":16,"enemies":"3 Darklings","floor":38,"turns":2},{"damage":35,"enemies":"2 Orb Walkers","floor":39,"turns":4},{"damage":28,"enemies":"Nightmare","floor":40,"turns":6},{"damage":0,"enemies":"4 Shapes","floor":43,"turns":4},{"damage":3,"enemies":"4 Shapes","floor":44,"turns":3},{"damage":0,"enemies":"strawberrySpire:EssenceStones","floor":45,"turns":2},{"damage":8,"enemies":"beaked:SuperParasite","floor":47,"turns":4},{"damage":7,"enemies":"Writhing Mass","floor":48,"turns":2},{"damage":7,"enemies":"hubris:GrandSnecko","floor":50,"turns":2},{"damage":0,"enemies":"Shield and Spear","floor":54,"turns":1},{"damage":10,"enemies":"The Heart","floor":55,"turns":5}],"seed_played":"-741011975207765869","potions_obtained":[{"floor":1.0,"key":"PowerPotion"},{"floor":8.0,"key":"AttackPotion"},{"floor":11.0,"key":"Energy Potion"},{"floor":28,"key":"Adrenaline Potion"},{"floor":29,"key":"Energy Potion"},{"floor":30,"key":"infinitespire:BlackPotion"},{"floor":30,"key":"EssenceOfSteel"},{"floor":31,"key":"SneckoOil"},{"floor":39,"key":"Swift Potion"},{"floor":44,"key":"SteroidPotion"},{"floor":54,"key":"Elixir"}],"is_trial":false,"path_per_floor":["M","M","M","$","M","R","E","M","T","R","E","?","M","$","R","B",null,"M","M","?","?","$","R","E","R","T","?","M","M","NM","M","R","B",null,"M","T","$","M","?","NM","?","R","MIM","M","E","R","E","M","R","B",null,"R","$","E","B",null],"character_chosen":"IRONCLAD","items_purchased":["Guide Book","ReplayTheSpireMod:CursedCoin","Feel No Pain","SteroidPotion","Grinning Jar","strawberrySpire:Harvest+1","Apotheosis","strawberrySpire:KineticCharger"],"campfire_rested":0,"item_purchase_floors":[4,14,14,14,37,37,53,53],"current_hp_per_floor":[80,68,69,69,75,75,77,68,68,68,47,47,51,51,51,19,80,79,80,80,80,80,80,90,90,90,90,90,90,90,90,90,90,90,90,90,90,80,64,72,72,72,78,81,87,87,90,89,89,90,90,90,90,90,90],"gold":32,"neow_bonus":"ONE_RARE_RELIC","is_prod":false,"is_daily":false,"chose_seed":false,"campfire_upgraded":7,"win_rate":0,"timestamp":1551611419,"path_taken":["M","M","M","$","M","R","E","M","T","R","E","?","?","$","R","BOSS","M","M","?","?","$","R","E","R","T","?","M","M","NM","?","R","BOSS","M","?","$","M","?","NM","?","R","MIM","?","E","R","E","M","R","BOSS","R","$","E","BOSS"],"build_version":"2019-01-23","purchased_purges":2,"victory":true,"max_hp_per_floor":[80,80,80,80,80,80,80,80,80,80,80,80,80,80,80,80,80,80,80,80,80,80,80,90,90,90,90,90,90,90,90,90,90,90,90,90,90,90,90,90,90,90,90,90,90,90,90,90,90,90,90,90,90,90,90],"card_choices":[{"not_picked":["Evolve","strawberrySpire:Spite"],"picked":"Havoc","floor":1.0},{"not_picked":["Ghostly Armor","ReplayTheSpireMod:LeadingStrike"],"picked":"Whirlwind","floor":2.0},{"not_picked":["strawberrySpire:FireDrill","strawberrySpire:JustAWound"],"picked":"Metallicize","floor":3.0},{"not_picked":["Thunderclap","ReplayTheSpireMod:Strike From Hell"],"picked":"True Grit","floor":5.0},{"not_picked":["strawberrySpire:Aggression","Second Wind"],"picked":"strawberrySpire:Beatdown","floor":7.0},{"not_picked":["Second Wind","jedi:collectorstrike","strawberrySpire:Spite"],"picked":"SKIP","floor":8.0},{"not_picked":["strawberrySpire:Conflagrate","Sword Boomerang"],"picked":"strawberrySpire:DangerMountain","floor":11.0},{"not_picked":["ReplayTheSpireMod:Strike From Hell","strawberrySpire:Endurance","Run Through"],"picked":"SKIP","floor":13.0},{"not_picked":["Exhume","Bludgeon"],"picked":"conspire:HitWhereItHurts","floor":16},{"not_picked":["Run Through+1","ReplayTheSpireMod:Stacked"],"picked":"Flame Barrier","floor":18},{"not_picked":["Infernal Blade","Heavy Blade","Sword Boomerang"],"picked":"SKIP","floor":19},{"not_picked":["Twin Strike","Flame Barrier+1"],"picked":"Pommel Strike","floor":24},{"not_picked":["Fire Breathing+1","Intimidate+1"],"picked":"Uppercut+1","floor":28},{"not_picked":["Sever Soul+1","Heavy Blade"],"picked":"Pummel+1","floor":29},{"not_picked":["Replay:Undeath\u0027s Touch","Shrug It Off+1"],"picked":"Seeing Red+1","floor":30},{"not_picked":["Warcry","Reckless Charge+1"],"picked":"strawberrySpire:Aggression+1","floor":31},{"not_picked":["Impervious+1","Reaper+1"],"picked":"Offering+1","floor":33},{"not_picked":["hubris:Insight","strawberrySpire:ExtraUtilities","hubris:Ssssneak"],"picked":"Blind","floor":34},{"not_picked":["infinitespire:Gouge","infinitespire:Fortify","infinitespire:Virus"],"picked":"ReplayTheSpireMod:Haul","floor":34},{"not_picked":["Brutality","conspire:Rain","Replay:Many Hands"],"picked":"strawberrySpire:Harvest","floor":34},{"not_picked":["Defend_C","Neutralize","Survivor"],"picked":"MasterSpark","floor":34},{"not_picked":["Heavy Blade+1","strawberrySpire:Endurance+1","Pummel"],"picked":"Shrug It Off","floor":35},{"not_picked":["Headbutt+1","jedi:fear","Perfected Strike"],"picked":"Dropkick+1","floor":38},{"not_picked":["jedi:collectorstrike","Sword Boomerang","Thunderclap"],"picked":"Anger+1","floor":39},{"not_picked":["Dual Wield+1","Abandon+1","strawberrySpire:FortFortyFour"],"picked":"Whirlwind+1","floor":40},{"not_picked":["conspire:Charge+1","True Grit+1","conspire:HitWhereItHurts"],"picked":"strawberrySpire:CrashLanding+1","floor":43},{"not_picked":["strawberrySpire:FireDrill","conspire:HitWhereItHurts+1","Clothesline"],"picked":"Pummel+1","floor":44},{"not_picked":["strawberrySpire:Spite+1","Cleave","Bloodletting"],"picked":"strawberrySpire:DraftPunk+1","floor":45},{"not_picked":["Rampage+1","Havoc","Reckless Charge"],"picked":"Shockwave+1","floor":47},{"not_picked":["Anger+1","Body Slam","OrrerysSun+1","Twin Strike"],"picked":"Thunderclap+1","floor":48},{"not_picked":["Pommel Strike","jedi:collectorstrike","strawberrySpire:Endurance+1","Shrug It Off"],"picked":"ManaRampage+1","floor":54}],"player_experience":440835,"relics_obtained":[{"floor":7.0,"key":"Self Forming Clay"},{"floor":9.0,"key":"Bottled Tornado"},{"floor":11.0,"key":"Vajra"},{"floor":24,"key":"Pear"},{"floor":26,"key":"Pen Nib"},{"floor":30,"key":"halation:WeightlessCrab"},{"floor":39,"key":"Dead Branch"},{"floor":40,"key":"hubris:Metronome"},{"floor":43,"key":"jedi:gremlinknob"},{"floor":45,"key":"aspiration:FetidBarrel"},{"floor":47,"key":"hubris:DisguiseKit"},{"floor":49,"key":"FossilizedHelix"},{"floor":54,"key":"jedi:crownofsimplicity"}],"event_choices":[{"damage_healed":0.0,"max_hp_gain":0.0,"max_hp_loss":0.0,"gold_gain":0.0,"cards_transformed":["Strike_R"],"event_name":"Transmorgrifier","player_choice":"Transformed","floor":12.0,"gold_loss":0.0,"damage_taken":0.0,"cards_obtained":["Flame Barrier"]},{"damage_healed":0,"gold_gain":0,"player_choice":"Upgraded","damage_taken":0,"max_hp_gain":0,"max_hp_loss":0,"event_name":"Upgrade Shrine","floor":27,"gold_loss":0,"cards_upgraded":["theJungle:Gourd"]},{"damage_healed":0,"gold_gain":0,"player_choice":"Fight","damage_taken":0,"max_hp_gain":0,"max_hp_loss":0,"event_name":"Mysterious Sphere","floor":39,"gold_loss":0},{"cards_removed":["Whirlwind"],"damage_healed":0,"gold_gain":0,"player_choice":"Took Card","damage_taken":0,"max_hp_gain":0,"max_hp_loss":0,"event_name":"NoteForYourself","floor":41,"gold_loss":0,"cards_obtained":["Iron Wave"]}],"is_beta":false,"boss_relics":[{"not_picked":["beaked:MawFillet","hubris:CrackedHourglass"],"picked":"ReplayTheSpireMod:Onyx Gauntlets"},{"not_picked":["aspiration:PoetsPen_weak","halation:PlatinumPhoenix"],"picked":"Replay:Grab Bag"},{"not_picked":["conspire:SlowCooker","Velvet Choker"],"picked":"Mark of Pain"},{"not_picked":["ReplayTheSpireMod:DimensionalGlitch","Philosopher\u0027s Stone"],"picked":"Replay:Fungal Core"},{"not_picked":["White Beast Statue","Lizard Tail"],"picked":"aspiration:DefectSkillbook"},{"not_picked":["halation:Risk","halation:LoveArrow"],"picked":"ReplayTheSpireMod:SealedPack"}],"items_purged_floors":[14,22],"is_endless":false,"potions_floor_spawned":[1,8,11,28,29,30,31,39,40,44,47,54],"ascension_level":0}