{"gold_per_floor":[117,62,77,77,97,97,124,124,124,150,150,184,203,36,36,109,109,125,125,150,162,172,198,214,214,214,243,128,154,154,180,180,257,257,271,109,129,229,229,254,267,301,301,332,342,372,372,397,397,397,397,397,397,127,153,153],"floor_reached":57,"playtime":3300,"items_purged":["Clothesline","Fire Breathing"],"score":3878,"play_id":"2a1c65b7-8a84-492d-ab99-bf1a0a29998d","local_time":"20190114183044","daily_mods":["SealedDeck","DeadlyEvents","Elite Swarm"],"is_ascension_mode":true,"campfire_choices":[{"data":"Body Slam","floor":6,"key":"SMITH"},{"data":"Havoc","floor":8,"key":"SMITH"},{"data":"Corruption","floor":15,"key":"SMITH"},{"floor":25,"key":"RECALL"},{"data":"Corruption","floor":30,"key":"SMITH"},{"data":"Spot Weakness","floor":32,"key":"SMITH"},{"data":"Barricade","floor":47,"key":"SMITH"},{"data":"Juggernaut","floor":49,"key":"SMITH"},{"data":"Second Wind","floor":53,"key":"SMITH"}],"neow_cost":"","seed_source_timestamp":0,"circlet_count":0,"master_deck":["AscendersBane","Pommel Strike+1","Flame Barrier","Spot Weakness+1","Headbutt+1","Disarm+1","Body Slam+1","Havoc+1","Second Wind+1","Shrug It Off","Armaments+1","Fiend Fire","Impervious+1","Offering+1","Corruption+1","Battle Trance+1","Impervious+1","Entrench+1","Exhume+1","Exhume+1","Shrug It Off+1","Impervious+1","Corruption+1","Exhume+1","Barricade+1","Seeing Red+1","Feel No Pain+1","Reaper","Disarm+1","Impervious+1","Entrench+1","Juggernaut+1","Impervious+1"],"relics":["Burning Blood","Pear","Toxic Egg 2","Kunai","Anchor","Sozu","Paper Frog","Dead Branch","Omamori","Pen Nib","Nunchaku","Snecko Eye","Bag of Marbles","Champion Belt","Whetstone","Smiling Mask","Darkstone Periapt","Bottled Tornado","Ginger","Art of War","Medical Kit","Centennial Puzzle"],"potions_floor_usage":[7,12,55],"damage_taken":[{"damage":3,"enemies":"Jaw Worm","floor":1,"turns":4},{"damage":4,"enemies":"Small Slimes","floor":3,"turns":3},{"damage":0,"enemies":"2 Louse","floor":5,"turns":3},{"damage":8,"enemies":"Gremlin Nob","floor":7,"turns":3},{"damage":11,"enemies":"3 Sentries","floor":10,"turns":10},{"damage":5,"enemies":"Lagavulin","floor":12,"turns":9},{"damage":6,"enemies":"Large Slime","floor":13,"turns":1},{"damage":47,"enemies":"The Guardian","floor":16,"turns":8},{"damage":0,"enemies":"3 Byrds","floor":18,"turns":5},{"damage":0,"enemies":"Book of Stabbing","floor":20,"turns":4},{"damage":6,"enemies":"2 Thieves","floor":21,"turns":3},{"damage":6,"enemies":"Chosen and Byrds","floor":22,"turns":2},{"damage":6,"enemies":"Slavers","floor":23,"turns":4},{"damage":6,"enemies":"Cultist and Chosen","floor":24,"turns":2},{"damage":6,"enemies":"Gremlin Leader","floor":27,"turns":1},{"damage":0,"enemies":"Book of Stabbing","floor":29,"turns":2},{"damage":8,"enemies":"Slavers","floor":31,"turns":4},{"damage":0,"enemies":"Collector","floor":33,"turns":2},{"damage":6,"enemies":"3 Darklings","floor":35,"turns":2},{"damage":6,"enemies":"Orb Walker","floor":37,"turns":1},{"damage":9,"enemies":"Mind Bloom Boss Battle","floor":38,"turns":1},{"damage":6,"enemies":"Giant Head","floor":40,"turns":2},{"damage":0,"enemies":"Transient","floor":41,"turns":2},{"damage":0,"enemies":"Nemesis","floor":42,"turns":5},{"damage":42,"enemies":"Reptomancer","floor":44,"turns":6},{"damage":0,"enemies":"Sphere and 2 Shapes","floor":45,"turns":3},{"damage":0,"enemies":"Giant Head","floor":46,"turns":2},{"damage":0,"enemies":"Nemesis","floor":48,"turns":3},{"damage":0,"enemies":"Awakened One","floor":50,"turns":4},{"damage":9,"enemies":"Donu and Deca","floor":51,"turns":2},{"damage":55,"enemies":"Shield and Spear","floor":55,"turns":8},{"damage":0,"enemies":"The Heart","floor":56,"turns":6}],"seed_played":"899793681915615474","potions_obtained":[{"floor":1,"key":"Dexterity Potion"},{"floor":10,"key":"BloodPotion"}],"is_trial":true,"path_per_floor":["M","$","M","?","M","R","E","R","T","E","?","E","M","$","R","B",null,"M","?","E","M","M","E","M","R","T","E","$","E","R","E","R","B",null,"M","$","M","?","?","E","M","E","T","E","M","E","R","E","R","B","B",null,"R","$","E","B",null],"character_chosen":"IRONCLAD","items_purchased":["AttackPotion","Corruption","Battle Trance+1","Corruption","Bag of Marbles","Medical Kit"],"campfire_rested":0,"item_purchase_floors":[2,14,14,28,36,54],"current_hp_per_floor":[71,71,73,50,56,56,64,64,64,59,64,65,65,65,65,24,74,80,80,86,86,86,86,86,86,86,86,86,90,90,88,88,90,90,90,90,90,87,90,90,90,90,90,90,90,90,90,90,90,90,87,89,89,89,56,62],"gold":153,"neow_bonus":"","is_prod":false,"is_daily":false,"chose_seed":true,"campfire_upgraded":8,"win_rate":0,"timestamp":1547519444,"path_taken":["M","$","M","?","M","R","E","R","T","E","?","E","?","$","R","BOSS","M","?","?","M","M","E","M","R","T","E","$","E","R","E","R","BOSS","M","$","M","?","?","E","M","E","T","E","M","E","R","?","R","BOSS","BOSS","R","$","E","BOSS"],"build_version":"2019-01-10","purchased_purges":2,"victory":true,"max_hp_per_floor":[75,75,75,75,75,75,85,85,85,85,90,90,90,90,90,90,90,90,90,90,90,90,90,90,90,90,90,90,90,90,90,90,90,90,90,90,90,90,90,90,90,90,90,90,90,90,90,90,90,90,90,90,90,90,90,90],"card_choices":[{"not_picked":["Evolve","Anger"],"picked":"Armaments","floor":1},{"not_picked":["Wild Strike","Iron Wave","Sentinel"],"picked":"SKIP","floor":3},{"not_picked":["Wild Strike","Sentinel"],"picked":"Iron Wave","floor":3},{"not_picked":["Body Slam","Sever Soul","Warcry"],"picked":"SKIP","floor":5},{"not_picked":["Feed","Reaper"],"picked":"Fiend Fire","floor":7},{"not_picked":["Brutality","Offering+1"],"picked":"Impervious+1","floor":10},{"not_picked":["Limit Break+1","Brutality"],"picked":"Offering+1","floor":12},{"not_picked":["Bloodletting+1","Body Slam","Reckless Charge"],"picked":"SKIP","floor":13},{"not_picked":["Double Tap+1","Bludgeon"],"picked":"Impervious+1","floor":16},{"not_picked":["Ghostly Armor+1","Bloodletting+1"],"picked":"Entrench+1","floor":18},{"not_picked":["Feed","Limit Break+1"],"picked":"Exhume+1","floor":20},{"not_picked":["Metallicize","Havoc+1","Combust"],"picked":"SKIP","floor":21},{"not_picked":["Clothesline","Headbutt","Corruption"],"picked":"SKIP","floor":22},{"not_picked":["Demon Form","Feed"],"picked":"Exhume+1","floor":23},{"not_picked":["Inflame","Anger+1"],"picked":"Shrug It Off+1","floor":24},{"not_picked":["Demon Form","Brutality"],"picked":"Impervious+1","floor":27},{"not_picked":["Juggernaut","Berserk","Brutality"],"picked":"SKIP","floor":29},{"not_picked":["Impervious+1","Demon Form"],"picked":"Exhume+1","floor":31},{"not_picked":["Feed","Bludgeon"],"picked":"Barricade","floor":33},{"not_picked":["Reckless Charge","Clothesline"],"picked":"Seeing Red+1","floor":35},{"not_picked":["Heavy Blade+1","Armaments+1","Thunderclap"],"picked":"SKIP","floor":37},{"not_picked":["Sword Boomerang","Headbutt+1"],"picked":"Feel No Pain+1","floor":38},{"not_picked":["Offering+1","Limit Break+1"],"picked":"Reaper","floor":40},{"not_picked":["Clash","Entrench+1"],"picked":"Disarm+1","floor":41},{"not_picked":["Feed","Reaper","Offering+1"],"picked":"SKIP","floor":42},{"not_picked":["Brutality","Berserk"],"picked":"Impervious+1","floor":44},{"not_picked":["Wild Strike+1","Armaments+1"],"picked":"Entrench+1","floor":45},{"not_picked":["Immolate","Berserk","Brutality"],"picked":"SKIP","floor":46},{"not_picked":["Barricade","Bludgeon"],"picked":"Juggernaut","floor":48},{"not_picked":["Feed","Demon Form"],"picked":"Impervious+1","floor":55}],"player_experience":1982406,"relics_obtained":[{"floor":7,"key":"Pear"},{"floor":9,"key":"Toxic Egg 2"},{"floor":10,"key":"Kunai"},{"floor":12,"key":"Anchor"},{"floor":20,"key":"Paper Frog"},{"floor":23,"key":"Dead Branch"},{"floor":27,"key":"Omamori"},{"floor":29,"key":"Pen Nib"},{"floor":31,"key":"Nunchaku"},{"floor":38,"key":"Champion Belt"},{"floor":40,"key":"Whetstone"},{"floor":42,"key":"Smiling Mask"},{"floor":43,"key":"Darkstone Periapt"},{"floor":44,"key":"Bottled Tornado"},{"floor":46,"key":"Ginger"},{"floor":48,"key":"Art of War"},{"floor":55,"key":"Centennial Puzzle"}],"event_choices":[{"damage_healed":0,"gold_gain":0,"player_choice":"Entered Light","damage_taken":23,"max_hp_gain":0,"max_hp_loss":0,"event_name":"Shining Light","floor":4,"gold_loss":0,"cards_upgraded":["Disarm","Armaments"]},{"damage_healed":0,"gold_gain":0,"player_choice":"Donut","damage_taken":0,"max_hp_gain":5,"max_hp_loss":0,"event_name":"Big Fish","floor":11,"gold_loss":0},{"damage_healed":0,"gold_gain":0,"cards_transformed":["Iron Wave"],"player_choice":"Transformed","damage_taken":0,"max_hp_gain":0,"max_hp_loss":0,"event_name":"Transmorgrifier","floor":19,"gold_loss":0,"cards_obtained":["Fire Breathing"]},{"damage_healed":0,"gold_gain":0,"player_choice":"Fight","damage_taken":0,"max_hp_gain":0,"max_hp_loss":0,"event_name":"MindBloom","floor":38,"gold_loss":0},{"damage_healed":18,"gold_gain":0,"player_choice":"Writhe","damage_taken":0,"max_hp_gain":0,"max_hp_loss":0,"event_name":"Winding Halls","floor":39,"gold_loss":0,"cards_obtained":["Writhe"]}],"is_beta":false,"boss_relics":[{"not_picked":["Runic Cube","Eternal Feather"],"picked":"Sozu"},{"not_picked":["Velvet Choker","Tiny House"],"picked":"Snecko Eye"}],"items_purged_floors":[28,54],"is_endless":false,"potions_floor_spawned":[1,5,10,18,24,33,37,40,41,44,46],"ascension_level":20}