{"gold_per_floor":[109,123,195,45,45,22,39,39,39,39,39,39,53,86,86,186,186,196,196,215,230,93,93,111,111,111,111,111,122,122,139,139,234,234,245,261,361,236,255,33,33,33,33,33,48,61,61,61,61,61],"floor_reached":51,"playtime":3785,"items_purged":["Bludgeon","Bash","Heavy Blade+1","Headbutt"],"score":620,"play_id":"b4ec43e3-0124-4312-ba42-4f94dd5a93a1","local_time":"20181009213854","is_ascension_mode":false,"campfire_choices":[{"data":"Inflame","floor":8,"key":"SMITH"},{"data":"Iron Wave","floor":11,"key":"SMITH"},{"data":"Armaments","floor":15,"key":"SMITH"},{"data":"Metallicize","floor":23,"key":"SMITH"},{"data":"Heavy Blade","floor":25,"key":"SMITH"},{"data":"Perfected Strike","floor":28,"key":"SMITH"},{"data":"Rage","floor":30,"key":"SMITH"},{"data":"Metallicize","floor":32,"key":"SMITH"},{"data":"Demon Form","floor":41,"key":"SMITH"},{"data":"Shrug It Off","floor":44,"key":"SMITH"},{"floor":47,"key":"REST"},{"floor":49,"key":"REST"}],"neow_cost":"NONE","seed_source_timestamp":708236841763145,"circlet_count":0,"master_deck":["Strike_R","Strike_R","Strike_R","Strike_R","Strike_R","Defend_R","Defend_R","Defend_R","Defend_R","Inflame+1","Iron Wave+1","Perfected Strike+1","Metallicize+1","Juggernaut+1","Perfected Strike+1","Heavy Blade+1","Rage+1","Metallicize+1","Pommel Strike+1","Metallicize+1","Double Tap","Shrug It Off+1","Body Slam+1","Demon Form+1","Regret","Pommel Strike+1"],"relics":["Burning Blood","GremlinMask","Pantograph","Mummified Hand","Cursed Key","Molten Egg 2","Empty Cage","Matryoshka"],"potions_floor_usage":[24,33,33],"damage_taken":[{"damage":1,"enemies":"Jaw Worm","floor":1,"turns":3},{"damage":3,"enemies":"Small Slimes","floor":2,"turns":2},{"damage":0,"enemies":"2 Louse","floor":7,"turns":3},{"damage":5,"enemies":"2 Fungi Beasts","floor":13,"turns":5},{"damage":26,"enemies":"3 Sentries","floor":14,"turns":6},{"damage":38,"enemies":"Slime Boss","floor":16,"turns":11},{"damage":15,"enemies":"2 Thieves","floor":18,"turns":4},{"damage":0,"enemies":"Chosen","floor":20,"turns":3},{"damage":18,"enemies":"Snake Plant","floor":21,"turns":3},{"damage":0,"enemies":"Cultist and Chosen","floor":24,"turns":4},{"damage":12,"enemies":"3 Cultists","floor":29,"turns":6},{"damage":3,"enemies":"Centurion and Healer","floor":31,"turns":4},{"damage":63,"enemies":"Champ","floor":33,"turns":9},{"damage":16,"enemies":"3 Shapes","floor":35,"turns":3},{"damage":18,"enemies":"3 Darklings","floor":36,"turns":7},{"damage":23,"enemies":"Transient","floor":39,"turns":5},{"damage":23,"enemies":"Spire Growth","floor":45,"turns":4},{"damage":13,"enemies":"Sphere and 2 Shapes","floor":46,"turns":5},{"damage":54,"enemies":"Donu and Deca","floor":50,"turns":9}],"seed_played":"5467086395183630911","potions_obtained":[{"floor":7,"key":"GamblersBrew"},{"floor":13,"key":"Energy Potion"},{"floor":16,"key":"Explosive Potion"},{"floor":29,"key":"Swift Potion"},{"floor":33,"key":"Ancient Potion"},{"floor":35,"key":"Explosive Potion"}],"is_trial":false,"path_per_floor":["M","M","?","$","?","$","M","R","T","$","R","$","M","E","R","B",null,"M","?","M","M","$","R","M","R","T","$","R","M","R","M","R","B",null,"M","M","?","$","M","$","R","?","T","R","M","M","R","$","R","B"],"character_chosen":"IRONCLAD","items_purchased":["Inflame","Iron Wave","Rage","Demon Form"],"campfire_rested":2,"item_purchase_floors":[4,6,22,40],"current_hp_per_floor":[80,80,80,80,80,80,80,80,80,80,80,80,80,60,60,48,80,71,71,77,65,65,65,71,71,71,71,71,65,65,68,68,23,80,70,58,58,58,41,41,41,41,41,41,24,17,41,41,65,32],"gold":61,"neow_bonus":"ONE_RANDOM_RARE_CARD","is_prod":false,"is_daily":false,"chose_seed":false,"campfire_upgraded":10,"win_rate":0.0,"timestamp":1539135534,"path_taken":["M","M","?","$","?","$","M","R","T","$","R","?","M","E","R","BOSS","M","?","?","M","$","R","M","R","T","$","R","?","R","M","R","BOSS","M","M","?","$","M","$","R","?","T","R","M","M","R","$","R","BOSS"],"build_version":"2018-09-27","purchased_purges":4,"victory":true,"max_hp_per_floor":[80,80,80,80,80,80,80,80,80,80,80,80,80,80,80,80,80,80,80,80,80,80,80,80,80,80,80,80,80,80,80,80,80,80,80,80,80,80,80,80,80,80,80,80,80,80,80,80,80,80],"card_choices":[{"not_picked":["Twin Strike","Whirlwind"],"picked":"Armaments","floor":1},{"not_picked":["Flex","Pommel Strike"],"picked":"Heavy Blade","floor":2},{"not_picked":["Power Through","Flex"],"picked":"Headbutt","floor":7},{"not_picked":["Iron Wave","Uppercut"],"picked":"Perfected Strike","floor":13},{"not_picked":["Reaper","Fire Breathing"],"picked":"Metallicize","floor":14},{"not_picked":["Bludgeon","Barricade"],"picked":"Juggernaut","floor":16},{"not_picked":["Shrug It Off","Clothesline"],"picked":"Perfected Strike+1","floor":18},{"not_picked":["Headbutt","Pummel+1"],"picked":"Heavy Blade+1","floor":20},{"not_picked":["Burning Pact","Cleave"],"picked":"Flex","floor":21},{"not_picked":["Fire Breathing","Seeing Red"],"picked":"Metallicize+1","floor":24},{"not_picked":["Headbutt+1","Heavy Blade+1"],"picked":"Pommel Strike+1","floor":29},{"not_picked":["Heavy Blade+1","Rupture"],"picked":"Metallicize","floor":31},{"not_picked":["Reaper+1","Brutality"],"picked":"Double Tap","floor":33},{"not_picked":["Heavy Blade+1","Armaments"],"picked":"Shrug It Off","floor":35},{"not_picked":["Shrug It Off","Rupture+1","Shockwave+1"],"picked":"SKIP","floor":36},{"not_picked":["Infernal Blade","Metallicize"],"picked":"Body Slam+1","floor":39},{"not_picked":["Headbutt+1","Sword Boomerang+1"],"picked":"Pommel Strike+1","floor":45},{"not_picked":["Clothesline+1","Body Slam+1","Reckless Charge+1"],"picked":"SKIP","floor":46}],"player_experience":38390,"relics_obtained":[{"floor":9,"key":"Pantograph"},{"floor":14,"key":"Mummified Hand"},{"floor":26,"key":"Molten Egg 2"},{"floor":43,"key":"Matryoshka"}],"event_choices":[{"event_name":"Golden Wing","player_choice":"Gained Gold","floor":3,"damage_taken":0},{"event_name":"FaceTrader","player_choice":"Trade","floor":5,"damage_taken":0},{"event_name":"Upgrade Shrine","player_choice":"Upgraded","floor":19,"damage_taken":0},{"event_name":"Golden Shrine","player_choice":"Pray","floor":37,"damage_taken":0},{"event_name":"Purifier","player_choice":"One Purge","floor":42,"damage_taken":0}],"is_beta":false,"boss_relics":[{"not_picked":["Sozu","Tiny House"],"picked":"Cursed Key"},{"not_picked":["Calling Bell","Runic Pyramid"],"picked":"Empty Cage"}],"items_purged_floors":[4,22,38,40],"is_endless":false,"potions_floor_spawned":[7,13,16,21,29,33,35,45],"ascension_level":0}