{"gold_per_floor":[16,191,141,216,226,226,24,37,37,37,57,91,69,92,92,191,191,201,48,48,48,64,64,83,83,83,102,102,119,129,129,129,225,225,241,341,353,353,353],"floor_reached":39,"playtime":2535,"items_purged":[],"score":510,"play_id":"9dbb5d68-0a4e-4e10-9684-040a88ed9ede","local_time":"20190415230856","is_ascension_mode":true,"campfire_choices":[{"data":"Strike_G","floor":6.0,"key":"PURGE"},{"floor":15.0,"key":"REST"},{"data":"Strike_G","floor":23.0,"key":"PURGE"},{"floor":28.0,"key":"REST"},{"floor":32.0,"key":"REST"}],"neow_cost":"NO_GOLD","seed_source_timestamp":37013860701195,"circlet_count":0,"master_deck":["Defend_G","Defend_G","Defend_G","Defend_G","Defend_G","Strike_G","Strike_G","Strike_G","Survivor","Neutralize","Poisoned Stab","Forethought+1","Neutralize","Venomology+1","Deflect+1","Deadly Poison+1","Burst+1","Bullet Time+1","Bouncing Flask+1","Catalyst+1","Writhe","A Thousand Cuts","Deadly Poison+1"],"special_seed":0,"relics":["Ring of the Snake","Peace Pipe","TwistedFunnel","Toxic Egg 2","Dodecahedron","Odd Mushroom","Velvet Choker","Nilry\u0027s Codex","Pantograph","Bag of Marbles","Orichalcum","White Beast Statue","Ice Cream"],"potions_floor_usage":[35,35,39,39],"damage_taken":[{"damage":0.0,"enemies":"Small Slimes","floor":1.0,"turns":4.0},{"damage":0.0,"enemies":"Jaw Worm","floor":5.0,"turns":5.0},{"damage":0.0,"enemies":"Cultist","floor":8.0,"turns":3.0},{"damage":4.0,"enemies":"2 Fungi Beasts","floor":11.0,"turns":2.0},{"damage":23.0,"enemies":"Gremlin Nob","floor":12.0,"turns":5.0},{"damage":11.0,"enemies":"The Mushroom Lair","floor":14.0,"turns":4.0},{"damage":27.0,"enemies":"Hexaghost","floor":16.0,"turns":10.0},{"damage":14.0,"enemies":"Chosen","floor":18.0,"turns":5.0},{"damage":5.0,"enemies":"2 Thieves","floor":22.0,"turns":4.0},{"damage":6.0,"enemies":"Snecko","floor":24.0,"turns":4.0},{"damage":18.0,"enemies":"Shelled Parasite and Fungi","floor":27.0,"turns":4.0},{"damage":27.0,"enemies":"Centurion and Healer","floor":29.0,"turns":5.0},{"damage":9.0,"enemies":"Cultist and Chosen","floor":30.0,"turns":4.0},{"damage":54.0,"enemies":"Collector","floor":33.0,"turns":9.0},{"damage":41,"enemies":"3 Darklings","floor":35,"turns":5},{"damage":22,"enemies":"Mind Bloom Boss Battle","floor":36,"turns":8},{"damage":3,"enemies":"Orb Walker","floor":37,"turns":2},{"damage":26,"enemies":"4 Shapes","floor":39,"turns":3}],"seed_played":"-2756998325320571746","potions_obtained":[{"floor":1.0,"key":"Weak Potion"},{"floor":12.0,"key":"Regen Potion"},{"floor":14.0,"key":"Weak Potion"},{"floor":22.0,"key":"GamblersBrew"},{"floor":29.0,"key":"FearPotion"},{"floor":30.0,"key":"Ancient Potion"},{"floor":35,"key":"Ancient Potion"},{"floor":36,"key":"Energy Potion"},{"floor":37,"key":"Ancient Potion"}],"is_trial":false,"path_per_floor":["M","?","?","?","M","R","$","M","T","?","M","E","$","?","R","B",null,"M","$","?","?","M","R","M","T","T","M","R","M","M","?","R","B",null,"M","?","M","?","M"],"character_chosen":"THE_SILENT","items_purchased":["TwistedFunnel","Deadly Poison+1","Bouncing Flask+1","Catalyst+1"],"campfire_rested":3,"item_purchase_floors":[7,13,19,19],"current_hp_per_floor":[70,70,70,59,59,59,59,59,59,59,55,32,32,21,42,30,70,56,56,40,63,58,58,52,52,52,34,55,28,19,19,40,11,70,29,32,29,29,3],"gold":353,"neow_bonus":"ONE_RARE_RELIC","is_prod":false,"is_daily":false,"chose_seed":false,"campfire_upgraded":0,"win_rate":0,"timestamp":1555366136,"path_taken":["M","?","?","?","M","R","?","?","T","?","?","E","$","?","R","BOSS","M","$","?","?","M","R","M","?","T","?","R","M","M","?","R","BOSS","M","?","M","?","M"],"build_version":"2019-01-23","purchased_purges":0,"victory":false,"max_hp_per_floor":[70,70,70,70,70,70,70,70,70,70,70,70,70,70,70,70,70,70,70,70,70,70,70,70,70,70,70,70,70,70,70,70,70,70,70,70,70,70,70],"card_choices":[{"not_picked":["Skewer","PiercingWail","Acrobatics"],"picked":"SKIP","floor":1.0},{"not_picked":["Dagger Throw","Acrobatics"],"picked":"Poisoned Stab","floor":5.0},{"not_picked":["All Out Attack","PiercingWail","Accuracy"],"picked":"SKIP","floor":8.0},{"not_picked":["Outmaneuver+1","Eviscerate"],"picked":"Deflect+1","floor":11.0},{"not_picked":["Acrobatics+1","Underhanded Strike","Flying Knee"],"picked":"SKIP","floor":12.0},{"not_picked":["Dagger Spray","Sucker Punch"],"picked":"Burst+1","floor":14.0},{"not_picked":["Doppelganger+1","Unload"],"picked":"Bullet Time+1","floor":16.0},{"not_picked":["Cloak And Dagger+1","Leg Sweep+1","Dagger Spray+1"],"picked":"SKIP","floor":18.0},{"not_picked":["Terror+1","Masterful Stab","Backflip+1"],"picked":"SKIP","floor":22.0},{"not_picked":["Tactician+1","Dagger Spray","Flechettes"],"picked":"SKIP","floor":24.0},{"not_picked":["Dagger Throw+1","Well Laid Plans","PiercingWail+1"],"picked":"SKIP","floor":27.0},{"not_picked":["Heel Hook+1","Well Laid Plans+1","Leg Sweep+1"],"picked":"SKIP","floor":29.0},{"not_picked":["PiercingWail+1","Backflip+1","Calculated Gamble+1"],"picked":"SKIP","floor":30.0},{"not_picked":["Doppelganger+1","Unload"],"picked":"A Thousand Cuts","floor":33.0},{"not_picked":["Acrobatics+1","Outmaneuver+1","Masterful Stab"],"picked":"SKIP","floor":35},{"not_picked":["Poisoned Stab+1","Backflip+1"],"picked":"Deadly Poison+1","floor":36},{"not_picked":["Blade Dance+1","Cloak And Dagger+1","Dagger Throw"],"picked":"SKIP","floor":37}],"player_experience":637130,"relics_obtained":[{"floor":9.0,"key":"Toxic Egg 2"},{"floor":12.0,"key":"Dodecahedron"},{"floor":14.0,"key":"Odd Mushroom"},{"floor":20.0,"key":"Nilry\u0027s Codex"},{"floor":25.0,"key":"Pantograph"},{"floor":26.0,"key":"Bag of Marbles"},{"floor":36,"key":"Ice Cream"}],"event_choices":[{"damage_healed":0.0,"max_hp_gain":0.0,"max_hp_loss":0.0,"gold_gain":175.0,"event_name":"Liars Game","player_choice":"AGREE","floor":2.0,"gold_loss":0.0,"damage_taken":0.0,"cards_obtained":["Doubt"]},{"cards_removed":["Doubt"],"damage_healed":0.0,"max_hp_gain":0.0,"max_hp_loss":0.0,"gold_gain":0.0,"event_name":"The Cleric","player_choice":"Card Removal","floor":3.0,"gold_loss":50.0,"damage_taken":0.0},{"damage_healed":0.0,"max_hp_gain":0.0,"max_hp_loss":0.0,"gold_gain":75.0,"event_name":"World of Goop","player_choice":"Gather Gold","floor":4.0,"gold_loss":0.0,"damage_taken":11.0},{"damage_healed":0.0,"max_hp_gain":0.0,"max_hp_loss":0.0,"gold_gain":0.0,"event_name":"Match and Keep!","player_choice":"3 cards matched","floor":10.0,"gold_loss":0.0,"damage_taken":0.0,"cards_obtained":["Forethought","Neutralize","Venomology"]},{"damage_healed":0.0,"max_hp_gain":0.0,"max_hp_loss":0.0,"gold_gain":0.0,"event_name":"Match and Keep!","player_choice":"3 cards matched","floor":10.0,"gold_loss":0.0,"damage_taken":0.0,"cards_obtained":["Forethought","Neutralize","Venomology"]},{"damage_healed":0.0,"max_hp_gain":0.0,"max_hp_loss":0.0,"gold_gain":0.0,"event_name":"Mushrooms","player_choice":"Fought Mushrooms","floor":14.0,"gold_loss":0.0,"damage_taken":0.0},{"damage_healed":0.0,"max_hp_gain":0.0,"max_hp_loss":0.0,"gold_gain":0.0,"event_name":"Cursed Tome","player_choice":"Obtained Book","floor":20.0,"gold_loss":0.0,"damage_taken":16.0},{"damage_healed":23.0,"max_hp_gain":0.0,"max_hp_loss":0.0,"gold_gain":0.0,"event_name":"The Library","player_choice":"Heal","floor":21.0,"gold_loss":0.0,"damage_taken":0.0},{"damage_healed":0.0,"max_hp_gain":0.0,"max_hp_loss":0.0,"gold_gain":0.0,"event_name":"The Mausoleum","player_choice":"Opened","floor":31.0,"gold_loss":0.0,"damage_taken":0.0,"relics_obtained":["Orichalcum"],"cards_obtained":["Writhe"]},{"damage_healed":0,"gold_gain":0,"player_choice":"Fight","damage_taken":0,"max_hp_gain":0,"max_hp_loss":0,"event_name":"MindBloom","floor":36,"gold_loss":0},{"damage_healed":0,"gold_gain":0,"player_choice":"Ignored","damage_taken":0,"max_hp_gain":0,"max_hp_loss":0,"event_name":"Tomb of Lord Red Mask","floor":38,"gold_loss":0}],"is_beta":false,"boss_relics":[{"not_picked":["Sozu","Eternal Feather"],"picked":"Velvet Choker"},{"not_picked":["Calling Bell","Runic Dome"],"picked":"White Beast Statue"}],"items_purged_floors":[],"is_endless":false,"potions_floor_spawned":[1,12,14,22,24,29,30,35,36,37],"killed_by":"4 Shapes","ascension_level":4}