{"gold_per_floor":[112,131,150,425,441,470,470,495,579,590,609,609],"floor_reached":12,"playtime":719,"items_purged":[],"score":92,"play_id":"70cbc8f6-612e-4f88-bafe-bad5603b5d40","local_time":"20190324131102","is_ascension_mode":false,"campfire_choices":[{"data":"Zap","floor":7,"key":"SMITH"}],"neow_cost":"NONE","seed_source_timestamp":794475056341700,"circlet_count":0,"master_deck":["Strike_B","Strike_B","Strike_B","Strike_B","Defend_B","Defend_B","Defend_B","Defend_B","Zap+1","Dualcast","Sweeping Beam","Steam","Chill","Regret","Coolheaded","Chill","Self Repair","Turbo"],"relics":["Cracked Core","Juzu Bracelet","Question Card","Tiny Chest"],"potions_floor_usage":[6,6],"damage_taken":[{"damage":1,"enemies":"Cultist","floor":1,"turns":4},{"damage":0,"enemies":"2 Louse","floor":2,"turns":2},{"damage":0,"enemies":"Jaw Worm","floor":3,"turns":3},{"damage":14,"enemies":"Gremlin Gang","floor":5,"turns":4},{"damage":19,"enemies":"Gremlin Nob","floor":6,"turns":4},{"damage":18,"enemies":"Lagavulin","floor":8,"turns":9},{"damage":14,"enemies":"2 Fungi Beasts","floor":10,"turns":3},{"damage":15,"enemies":"Large Slime","floor":11,"turns":8},{"damage":8,"enemies":"Red Slaver","floor":12,"turns":1}],"seed_played":"6433489614122697203","potions_obtained":[{"floor":1,"key":"SteroidPotion"},{"floor":3,"key":"Poison Potion"},{"floor":8,"key":"GamblersBrew"},{"floor":11,"key":"Explosive Potion"}],"is_trial":false,"path_per_floor":["M","M","M","?","M","E","R","E","T","M","M","M"],"character_chosen":"DEFECT","items_purchased":[],"campfire_rested":0,"item_purchase_floors":[],"current_hp_per_floor":[81,81,81,81,67,48,48,30,30,16,8,0],"gold":609,"neow_bonus":"TEN_PERCENT_HP_BONUS","is_prod":false,"is_daily":false,"chose_seed":false,"campfire_upgraded":1,"win_rate":0.0,"timestamp":1553425862,"path_taken":["M","M","M","?","M","E","R","E","T","M","M","M"],"build_version":"2019-01-23","purchased_purges":0,"victory":false,"max_hp_per_floor":[82,82,82,82,82,82,82,82,82,82,82,82],"card_choices":[{"not_picked":["Blizzard","Capacitor"],"picked":"Sweeping Beam","floor":1},{"not_picked":["Go for the Eyes","Gash"],"picked":"Steam","floor":2},{"not_picked":["FTL","Ball Lightning"],"picked":"Chill","floor":3},{"not_picked":["Rebound","FTL"],"picked":"Coolheaded","floor":5},{"not_picked":["Stack","Sweeping Beam"],"picked":"Chill","floor":6},{"not_picked":["Beam Cell","Barrage","Gash"],"picked":"SKIP","floor":8},{"not_picked":["Chill","Scrape","Gash"],"picked":"Self Repair","floor":10},{"not_picked":["Stack","Ball Lightning","Cold Snap"],"picked":"Turbo","floor":11}],"player_experience":84900,"relics_obtained":[{"floor":6,"key":"Juzu Bracelet"},{"floor":8,"key":"Question Card"},{"floor":9,"key":"Tiny Chest"}],"event_choices":[{"damage_healed":0,"gold_gain":275,"player_choice":"Desecrate","damage_taken":0,"max_hp_gain":0,"max_hp_loss":0,"event_name":"Golden Shrine","floor":4,"gold_loss":0,"cards_obtained":["Regret"]}],"is_beta":false,"boss_relics":[],"items_purged_floors":[],"is_endless":false,"potions_floor_spawned":[1,3,8,11],"killed_by":"Red Slaver","ascension_level":0}