{"gold_per_floor":[213,231,231,3,3,3,21,55,55,68,107,107,140,30,30,129,129,149,172,172,172],"floor_reached":21,"playtime":885,"items_purged":["Strike_G"],"score":345,"play_id":"4ed8e277-ee38-4fcf-9f86-57b45944a7fb","local_time":"20190503111016","is_ascension_mode":true,"campfire_choices":[{"data":"Neutralize","floor":6.0,"key":"SMITH"},{"data":"Noxious Fumes","floor":12,"key":"SMITH"},{"data":"Deadly Poison","floor":15,"key":"SMITH"}],"neow_cost":"NONE","seed_source_timestamp":15846281054570,"circlet_count":0,"master_deck":["AscendersBane","Defend_G","Defend_G","Defend_G","Defend_G","Defend_G","Strike_G","Strike_G","Strike_G","Survivor","Neutralize+1","Dagger Throw","Deadly Poison+1","Noxious Fumes+1","Grand Finale","Adrenaline","Backflip","Backstab","Blur","Crippling Poison","Caltrops","Malaise","Deadly Poison+1"],"special_seed":0,"relics":["Ring of the Snake","Golden Idol","Lantern","Bottled Flame","Gremlin Horn","Strawberry","Bronze Scales","Philosopher\u0027s Stone"],"potions_floor_usage":[21],"damage_taken":[{"damage":3.0,"enemies":"Cultist","floor":1.0,"turns":5.0},{"damage":0.0,"enemies":"2 Louse","floor":2.0,"turns":3.0},{"damage":0.0,"enemies":"Small Slimes","floor":7.0,"turns":4.0},{"damage":12.0,"enemies":"3 Sentries","floor":8.0,"turns":6.0},{"damage":4.0,"enemies":"3 Louse","floor":10.0,"turns":4.0},{"damage":6,"enemies":"Gremlin Nob","floor":11,"turns":3},{"damage":12,"enemies":"3 Sentries","floor":13,"turns":7},{"damage":22,"enemies":"Slime Boss","floor":16,"turns":10},{"damage":1,"enemies":"Shell Parasite","floor":18,"turns":5},{"damage":0,"enemies":"Spheric Guardian","floor":19,"turns":3},{"damage":30,"enemies":"Colosseum Slavers","floor":21,"turns":5},{"damage":32,"enemies":"Colosseum Nobs","floor":21,"turns":3}],"seed_played":"-935007318577763510","potions_obtained":[{"floor":2.0,"key":"AttackPotion"},{"floor":7.0,"key":"Ancient Potion"},{"floor":13,"key":"Poison Potion"}],"is_trial":false,"path_per_floor":["M","M","?","$","?","R","M","E","T","M","E","R","E","$","R","B",null,"M","M","?","?"],"character_chosen":"THE_SILENT","items_purchased":["Noxious Fumes","Lantern","Caltrops"],"campfire_rested":0,"item_purchase_floors":[4,4,14],"current_hp_per_floor":[56,56,56,56,56,56,56,44,44,40,41,41,29,29,29,7,52,51,51,51,0],"gold":172,"neow_bonus":"HUNDRED_GOLD","is_prod":false,"is_daily":false,"chose_seed":false,"campfire_upgraded":3,"win_rate":0,"timestamp":1556907016,"path_taken":["M","M","?","$","?","R","?","E","T","M","E","R","E","$","R","BOSS","M","M","?","?"],"build_version":"2019-01-23","purchased_purges":1,"victory":false,"max_hp_per_floor":[66,66,60,60,60,60,60,60,60,60,67,67,67,67,67,67,67,67,67,67,67],"card_choices":[{"not_picked":["Underhanded Strike","Slice"],"picked":"Dagger Throw","floor":1.0},{"not_picked":["PiercingWail","Dagger Spray"],"picked":"Deadly Poison","floor":2.0},{"not_picked":["Underhanded Strike","Dagger Spray"],"picked":"Adrenaline","floor":7.0},{"not_picked":["Setup","Flying Knee"],"picked":"Backflip","floor":8.0},{"not_picked":["Dagger Spray","Flechettes"],"picked":"Backstab","floor":10.0},{"not_picked":["Reflex","Dodge and Roll"],"picked":"Blur","floor":11},{"not_picked":["Die Die Die","Quick Slash"],"picked":"Crippling Poison","floor":13},{"not_picked":["Adrenaline","Die Die Die"],"picked":"Malaise","floor":16},{"not_picked":["Blade Dance","Slice"],"picked":"Deadly Poison+1","floor":18},{"not_picked":["Caltrops","Sucker Punch","Heel Hook"],"picked":"SKIP","floor":19}],"player_experience":2533169,"relics_obtained":[{"floor":8.0,"key":"Bottled Flame"},{"floor":9.0,"key":"Gremlin Horn"},{"floor":11,"key":"Strawberry"},{"floor":13,"key":"Bronze Scales"}],"event_choices":[{"damage_healed":0.0,"max_hp_gain":0.0,"max_hp_loss":6.0,"gold_gain":0.0,"event_name":"Golden Idol","player_choice":"Lose Max HP","floor":3.0,"gold_loss":0.0,"damage_taken":0.0,"relics_obtained":["Golden Idol"]},{"damage_healed":0.0,"max_hp_gain":0.0,"max_hp_loss":0.0,"gold_gain":0.0,"cards_transformed":["Strike_G"],"event_name":"Transmorgrifier","player_choice":"Transformed","floor":5.0,"gold_loss":0.0,"damage_taken":0.0,"cards_obtained":["Grand Finale"]},{"damage_healed":0,"gold_gain":0,"player_choice":"Ignored","damage_taken":0,"max_hp_gain":0,"max_hp_loss":0,"event_name":"Vampires","floor":20,"gold_loss":0},{"damage_healed":0,"gold_gain":0,"player_choice":"Fight","damage_taken":0,"max_hp_gain":0,"max_hp_loss":0,"event_name":"Colosseum","floor":21,"gold_loss":0},{"damage_healed":0,"gold_gain":0,"player_choice":"Fought Nobs","damage_taken":0,"max_hp_gain":0,"max_hp_loss":0,"event_name":"Colosseum","floor":21,"gold_loss":0}],"is_beta":false,"boss_relics":[{"not_picked":["Calling Bell","Black Star"],"picked":"Philosopher\u0027s Stone"}],"items_purged_floors":[14],"is_endless":false,"potions_floor_spawned":[2,7,13,16,18],"killed_by":"Colosseum Nobs","ascension_level":15}