{"gold_per_floor":[113,113,130,55,65,65,97,97,146,134,147,163,181,214,226,311,323,323,323,323,323,323,323,52,52,52,52,52,52,52,52,52,52],"floor_reached":33,"playtime":1254,"items_purged":["Normality","Strike_G"],"score":527,"play_id":"a033377a-81f5-4d22-b424-15d9f94e5e58","local_time":"20180823170750","is_ascension_mode":true,"campfire_choices":[{"data":"Neutralize","floor":6.0,"key":"SMITH"},{"floor":8.0,"key":"REST"},{"data":"Noxious Fumes","floor":15.0,"key":"SMITH"},{"data":"Dash","floor":23,"key":"SMITH"},{"floor":27,"key":"REST"},{"floor":32,"key":"REST"}],"neow_cost":"CURSE","seed_source_timestamp":20285888460933,"circlet_count":0,"master_deck":["Defend_G","Defend_G","Defend_G","Defend_G","Defend_G","Strike_G","Strike_G","Strike_G","Strike_G","Survivor","Neutralize+1","AscendersBane","Corpse Explosion","Noxious Fumes+1","PiercingWail","Deflect","Backflip","Dash+1","Blur","Slice","Adrenaline+1","Dagger Spray","Cloak And Dagger","Wraith Form v2"],"special_seed":0,"relics":["Ring of the Snake","Boot","Bag of Marbles","MawBank","Ectoplasm","Juzu Bracelet","Omamori","Anchor","Dream Catcher","Question Card","Potion Belt","Bronze Scales"],"potions_floor_usage":[33,33],"damage_taken":[{"damage":1.0,"enemies":"Small Slimes","floor":1.0,"turns":4.0},{"damage":0.0,"enemies":"Jaw Worm","floor":3.0,"turns":7.0},{"damage":5.0,"enemies":"Cultist","floor":5.0,"turns":5.0},{"damage":36.0,"enemies":"Gremlin Nob","floor":7.0,"turns":5.0},{"damage":4.0,"enemies":"Exordium Thugs","floor":10.0,"turns":4.0},{"damage":0.0,"enemies":"Blue Slaver","floor":11.0,"turns":5.0},{"damage":1.0,"enemies":"2 Fungi Beasts","floor":12.0,"turns":3.0},{"damage":0.0,"enemies":"Red Slaver","floor":13.0,"turns":4.0},{"damage":11.0,"enemies":"3 Sentries","floor":14.0,"turns":4.0},{"damage":16.0,"enemies":"Slime Boss","floor":16.0,"turns":10.0},{"damage":0,"enemies":"3 Byrds","floor":18,"turns":3},{"damage":25,"enemies":"Gremlin Leader","floor":25,"turns":8},{"damage":19,"enemies":"Slavers","floor":29,"turns":4},{"damage":9,"enemies":"Spheric Guardian","floor":31,"turns":5},{"damage":47,"enemies":"Champ","floor":33,"turns":16}],"seed_played":"4059498530137325203","potions_obtained":[{"floor":1.0,"key":"EssenceOfSteel"},{"floor":3.0,"key":"SteroidPotion"},{"floor":10.0,"key":"SteroidPotion"},{"floor":25,"key":"Dexterity Potion"},{"floor":29,"key":"SteroidPotion"}],"is_trial":false,"path_per_floor":["M","?","M","$","M","R","E","R","T","M","M","M","M","E","R","B",null,"M","?","?","?","T","R","$","E","T","R","T","E","?","M","R"],"character_chosen":"THE_SILENT","items_purchased":["Anchor"],"campfire_rested":3,"item_purchase_floors":[24],"current_hp_per_floor":[58,58,58,58,53,53,17,36,36,32,32,31,31,20,20,4,51,51,51,51,51,51,51,51,26,26,45,45,26,26,17,36,0],"gold":52,"neow_bonus":"THREE_RARE_CARDS","is_prod":false,"is_daily":false,"chose_seed":false,"campfire_upgraded":3,"win_rate":0,"timestamp":1535069270,"path_taken":["M","?","M","$","M","R","E","R","T","M","M","M","M","E","R","BOSS","M","?","?","?","?","R","$","E","T","R","?","E","?","M","R","BOSS"],"build_version":"2018-08-16","purchased_purges":2,"victory":false,"max_hp_per_floor":[66,66,66,66,66,66,66,66,66,66,66,66,66,66,66,66,66,66,66,66,66,66,66,66,66,66,66,66,66,66,66,66,66],"card_choices":[{"not_picked":["Envenom","Wraith Form v2"],"picked":"Corpse Explosion","floor":0.0},{"not_picked":["Slice","Infinite Blades"],"picked":"Noxious Fumes","floor":1.0},{"not_picked":["Choke","Tactician"],"picked":"PiercingWail","floor":3.0},{"not_picked":["Underhanded Strike","Poisoned Stab"],"picked":"Deflect","floor":5.0},{"not_picked":["Dodge and Roll","Bane"],"picked":"Backflip","floor":7.0},{"not_picked":["Calculated Gamble","Dagger Throw"],"picked":"Dash","floor":10.0},{"not_picked":["Poisoned Stab","Dodge and Roll","Masterful Stab"],"picked":"SKIP","floor":11.0},{"not_picked":["Concentrate","Blade Dance"],"picked":"Blur","floor":12.0},{"not_picked":["A Thousand Cuts","Flying Knee"],"picked":"Slice","floor":13.0},{"not_picked":["Deflect","Blade Dance","Acrobatics"],"picked":"SKIP","floor":14.0},{"not_picked":["Bullet Time","Grand Finale"],"picked":"Adrenaline","floor":16.0},{"not_picked":["Outmaneuver","Sucker Punch"],"picked":"Dagger Spray","floor":18},{"not_picked":["Endless Agony+1","Outmaneuver","Sucker Punch"],"picked":"SKIP","floor":25},{"not_picked":["Outmaneuver","Prepared+1","Deadly Poison"],"picked":"Cloak And Dagger","floor":27},{"not_picked":["Cloak And Dagger","Prepared","Finisher"],"picked":"Wraith Form v2","floor":29},{"not_picked":["Infinite Blades","Setup","PiercingWail","Skewer"],"picked":"SKIP","floor":31}],"player_experience":1020213,"relics_obtained":[{"floor":7.0,"key":"Boot"},{"floor":9.0,"key":"Bag of Marbles"},{"floor":14.0,"key":"MawBank"},{"floor":22,"key":"Omamori"},{"floor":25,"key":"Dream Catcher"},{"floor":26,"key":"Question Card"},{"floor":28,"key":"Potion Belt"},{"floor":29,"key":"Bronze Scales"}],"event_choices":[{"event_name":"Golden Idol","player_choice":"Ignored","floor":2.0,"damage_taken":0.0},{"event_name":"WeMeetAgain","player_choice":"Potion","floor":19,"damage_taken":0},{"event_name":"Ghosts","player_choice":"Ignored","floor":20,"damage_taken":0},{"event_name":"Upgrade Shrine","player_choice":"Upgraded","floor":21,"damage_taken":0},{"event_name":"Addict","player_choice":"Ignored","floor":30,"damage_taken":0}],"is_beta":false,"boss_relics":[{"not_picked":["Fusion Hammer","Empty Cage"],"picked":"Ectoplasm"}],"items_purged_floors":[4,24],"is_endless":false,"potions_floor_spawned":[1,3,10,12,25,29],"killed_by":"Champ","ascension_level":16}