{"gold_per_floor":[111,36,55,55,67,67,83,110,110,125,125,187,187,241,241,315,315,334,334,334,3,22,22,48,48,101,101,101],"floor_reached":28,"playtime":1276,"items_purged":["Strike_G","Strike_G"],"score":468,"play_id":"a228ce2c-d2e8-497c-bae9-bd4142878aae","local_time":"20190309165254","is_ascension_mode":true,"campfire_choices":[{"data":"Cloak And Dagger","floor":6.0,"key":"SMITH"},{"data":"Cloak And Dagger","floor":11.0,"key":"SMITH"},{"data":"Well Laid Plans","floor":13.0,"key":"SMITH"},{"data":"Neutralize","floor":15.0,"key":"SMITH"},{"data":"Acrobatics","floor":23,"key":"SMITH"},{"data":"Burst","floor":25,"key":"SMITH"},{"floor":27,"key":"REST"}],"neow_cost":"NONE","seed_source_timestamp":4441316426300,"circlet_count":0,"master_deck":["AscendersBane","Defend_G","Defend_G","Defend_G","Defend_G","Defend_G","Strike_G","Survivor","Neutralize+1","Well Laid Plans+1","Cloak And Dagger+1","Doppelganger","Cloak And Dagger+1","Choke","Accuracy","Burst+1","Acrobatics+1"],"special_seed":0,"relics":["WristBlade","Pen Nib","Mummified Hand","Oddly Smooth Stone","HoveringKite","PrismaticShard","WingedGreaves","Omamori"],"potions_floor_usage":[24],"damage_taken":[{"damage":8.0,"enemies":"2 Louse","floor":1.0,"turns":4.0},{"damage":4.0,"enemies":"Cultist","floor":3.0,"turns":5.0},{"damage":0.0,"enemies":"Small Slimes","floor":5.0,"turns":4.0},{"damage":0.0,"enemies":"Blue Slaver","floor":7.0,"turns":4.0},{"damage":1.0,"enemies":"Lagavulin","floor":8.0,"turns":7.0},{"damage":4.0,"enemies":"Looter","floor":10.0,"turns":4.0},{"damage":19.0,"enemies":"Lagavulin Event","floor":12.0,"turns":5.0},{"damage":17.0,"enemies":"The Guardian","floor":16.0,"turns":14.0},{"damage":16,"enemies":"Spheric Guardian","floor":18,"turns":6},{"damage":10,"enemies":"2 Thieves","floor":22,"turns":4},{"damage":18,"enemies":"Slavers","floor":24,"turns":5},{"damage":53,"enemies":"Gremlin Leader","floor":28,"turns":6}],"seed_played":"754176612778806769","potions_obtained":[{"floor":5.0,"key":"FearPotion"},{"floor":10.0,"key":"FairyPotion"},{"floor":16.0,"key":"Explosive Potion"}],"is_trial":false,"path_per_floor":["M","$","M","?","M","R","M","E","T","M","R","?","R","T","R","B",null,"M","?","?","$","M","R","E","R","T","R","E"],"character_chosen":"THE_SILENT","items_purchased":["PrismaticShard"],"campfire_rested":1,"item_purchase_floors":[21],"current_hp_per_floor":[51,51,47,47,47,47,47,46,46,42,42,23,23,23,23,6,51,35,35,35,35,25,25,7,7,7,26,0],"gold":101,"neow_bonus":"BOSS_RELIC","is_prod":false,"is_daily":false,"chose_seed":false,"campfire_upgraded":6,"win_rate":0,"timestamp":1552121574,"path_taken":["M","$","M","?","?","R","M","E","T","M","R","?","R","?","R","BOSS","M","?","?","$","M","R","E","R","T","R","E"],"build_version":"2019-01-23","purchased_purges":2,"victory":false,"max_hp_per_floor":[66,66,66,66,66,66,66,66,66,66,66,66,66,66,66,66,66,66,66,66,66,66,66,66,66,66,66,66],"card_choices":[{"not_picked":["Flying Knee","Dagger Spray"],"picked":"Well Laid Plans","floor":1.0},{"not_picked":["Deadly Poison","Riddle With Holes"],"picked":"Cloak And Dagger","floor":3.0},{"not_picked":["Flying Knee","Leg Sweep","PiercingWail"],"picked":"SKIP","floor":5.0},{"not_picked":["Poisoned Stab","Backstab"],"picked":"Cloak And Dagger","floor":7.0},{"not_picked":["Doppelganger","Masterful Stab","Sucker Punch"],"picked":"SKIP","floor":8.0},{"not_picked":["Sucker Punch","Dodge and Roll"],"picked":"Choke","floor":10.0},{"not_picked":["Quick Slash","Caltrops"],"picked":"Accuracy","floor":12.0},{"not_picked":["Night Terror","Glass Knife"],"picked":"Burst","floor":16.0},{"not_picked":["Endless Agony+1","Flying Knee+1","Riddle With Holes"],"picked":"SKIP","floor":18},{"not_picked":["PanicButton","Compile Driver+1","Bane"],"picked":"SKIP","floor":22},{"not_picked":["Storm of Steel","Deep Breath","Sweeping Beam"],"picked":"SKIP","floor":24}],"player_experience":2760916,"relics_obtained":[{"floor":8.0,"key":"Pen Nib"},{"floor":12.0,"key":"Mummified Hand"},{"floor":14.0,"key":"Oddly Smooth Stone"},{"floor":24,"key":"WingedGreaves"},{"floor":26,"key":"Omamori"}],"event_choices":[{"damage_healed":0.0,"max_hp_gain":0.0,"max_hp_loss":0.0,"gold_gain":0.0,"cards_transformed":["Strike_G"],"event_name":"Transmorgrifier","player_choice":"Transformed","floor":4.0,"gold_loss":0.0,"damage_taken":0.0,"cards_obtained":["Doppelganger"]},{"damage_healed":0.0,"max_hp_gain":0.0,"max_hp_loss":0.0,"gold_gain":0.0,"event_name":"Dead Adventurer","player_choice":"Searched \u00271\u0027 times","floor":12.0,"gold_loss":0.0,"damage_taken":0.0},{"damage_healed":0,"gold_gain":0,"player_choice":"Read","damage_taken":0,"max_hp_gain":0,"max_hp_loss":0,"event_name":"The Library","floor":19,"gold_loss":0,"cards_obtained":["Acrobatics"]},{"cards_removed":["Strike_G"],"damage_healed":0,"gold_gain":0,"player_choice":"Elegance","damage_taken":0,"max_hp_gain":0,"max_hp_loss":0,"event_name":"Back to Basics","floor":20,"gold_loss":0}],"is_beta":false,"boss_relics":[{"not_picked":["Astrolabe","Calling Bell"],"picked":"HoveringKite"}],"items_purged_floors":[2,21],"is_endless":false,"potions_floor_spawned":[5,10,16,22],"killed_by":"Gremlin Leader","ascension_level":20}