{"gold_per_floor":[117,133,152,77,2,2,28,42,42,54,66,78,90,120,132,144],"floor_reached":16,"playtime":348,"items_purged":["Defend_G"],"score":200,"play_id":"a3ecec8d-3129-4e0b-bcc6-47bcc2a5c7a9","local_time":"20181201021229","is_ascension_mode":true,"campfire_choices":[{"data":"Neutralize","floor":6.0,"key":"SMITH"},{"floor":10.0,"key":"REST"},{"data":"Finisher","floor":15,"key":"SMITH"}],"neow_cost":"NONE","seed_source_timestamp":15024686372888,"circlet_count":0,"master_deck":["AscendersBane","Defend_G","Defend_G","Defend_G","Defend_G","Strike_G","Strike_G","Strike_G","Strike_G","Survivor","Neutralize+1","Backstab","Infinite Blades","Finisher+1","Parasite","Dagger Spray"],"special_seed":0,"relics":["Cursed Key","Bag of Marbles","MawBank"],"potions_floor_usage":[],"damage_taken":[{"damage":20.0,"enemies":"Jaw Worm","floor":1.0,"turns":8.0},{"damage":0.0,"enemies":"Small Slimes","floor":2.0,"turns":3.0},{"damage":0.0,"enemies":"2 Louse","floor":3.0,"turns":4.0},{"damage":35.0,"enemies":"Gremlin Nob","floor":7.0,"turns":5.0},{"damage":0.0,"enemies":"Looter","floor":8.0,"turns":1.0},{"damage":5,"enemies":"Lots of Slimes","floor":14,"turns":5},{"damage":23,"enemies":"Slime Boss","floor":16,"turns":5}],"seed_played":"-6162059936215032102","potions_obtained":[{"floor":2.0,"key":"Fire Potion"},{"floor":7.0,"key":"SkillPotion"}],"is_trial":false,"path_per_floor":["M","M","M","?","$","R","E","M","T","R","?","?","T","M","R","B"],"character_chosen":"THE_SILENT","items_purchased":[],"campfire_rested":1,"item_purchase_floors":[],"current_hp_per_floor":[39,39,39,39,39,39,4,4,4,23,39,32,32,27,27,4],"gold":144,"neow_bonus":"BOSS_RELIC","is_prod":false,"is_daily":false,"chose_seed":false,"campfire_upgraded":2,"win_rate":0,"timestamp":1543601549,"path_taken":["M","M","M","?","$","R","E","M","T","R","?","?","?","?","R","BOSS"],"build_version":"2018-11-15","purchased_purges":1,"victory":false,"max_hp_per_floor":[66,66,66,66,66,66,66,66,66,66,66,66,66,66,66,66],"card_choices":[{"not_picked":["Quick Slash","Endless Agony"],"picked":"Backstab","floor":1.0},{"not_picked":["Deflect","Heel Hook"],"picked":"Infinite Blades","floor":2.0},{"not_picked":["Prepared","Bane","Slice"],"picked":"SKIP","floor":3.0},{"not_picked":["Flying Knee","Eviscerate"],"picked":"Finisher","floor":7.0},{"not_picked":["Catalyst","Heel Hook","Burst"],"picked":"SKIP","floor":8.0},{"not_picked":["Outmaneuver","Dagger Spray","Backflip"],"picked":"SKIP","floor":14},{"not_picked":["Outmaneuver","Backflip"],"picked":"Dagger Spray","floor":14}],"player_experience":2228072,"relics_obtained":[{"floor":7.0,"key":"Bag of Marbles"},{"floor":9.0,"key":"MawBank"}],"event_choices":[{"cards_removed":["Strike_G"],"damage_healed":0.0,"max_hp_gain":0.0,"max_hp_loss":0.0,"gold_gain":0.0,"event_name":"The Cleric","player_choice":"Card Removal","floor":4.0,"gold_loss":75.0,"damage_taken":0.0},{"damage_healed":16.0,"max_hp_gain":0.0,"max_hp_loss":0.0,"gold_gain":0.0,"event_name":"Mushrooms","player_choice":"Healed and dodged fight","floor":11.0,"gold_loss":0.0,"damage_taken":0.0,"cards_obtained":["Parasite"]},{"cards_removed":["Decay"],"damage_healed":0.0,"max_hp_gain":0.0,"max_hp_loss":0.0,"gold_gain":0.0,"event_name":"Golden Wing","player_choice":"Card Removal","floor":12.0,"gold_loss":0.0,"damage_taken":7.0}],"is_beta":false,"boss_relics":[],"items_purged_floors":[5],"is_endless":false,"potions_floor_spawned":[2,7],"killed_by":"Slime Boss","ascension_level":20}