{"gold_per_floor":[114,264,278,278,294,294,305,337,383,414,426,452,475,520,532,619,631,656,668,710,382,362,389,389,405,405,405,5,20,20,35,35,109,109,124,135,135,135,135,135,169,169,169,169,269,298,23,39,39,39,39,39,39,39,66,66],"floor_reached":56,"playtime":2569,"items_purged":["Writhe"],"score":2132,"play_id":"d7d74da3-9a91-4735-b533-5a269953a63a","local_time":"20190110135030","is_ascension_mode":true,"campfire_choices":[{"data":"Sunder","floor":6,"key":"SMITH"},{"data":"Defragment","floor":11,"key":"SMITH"},{"data":"Capacitor","floor":15,"key":"SMITH"},{"floor":24,"key":"REST"},{"floor":27,"key":"REST"},{"data":"Creative AI","floor":32,"key":"SMITH"},{"data":"Defragment","floor":40,"key":"SMITH"},{"floor":49,"key":"RECALL"},{"data":"Biased Cognition","floor":53,"key":"SMITH"}],"neow_cost":"NONE","seed_source_timestamp":391496061970699,"circlet_count":0,"master_deck":["AscendersBane","Strike_B","Strike_B","Strike_B","Defend_B","Defend_B","Defend_B","Defend_B","Zap","Dualcast","Sunder+1","Capacitor+1","Cold Snap","Defragment+1","Doom and Gloom","Undo+1","Recycle+1","FTL","Coolheaded","Creative AI+1","Glacier","Conserve Battery","White Noise+1","Hologram+1","Leap+1","Biased Cognition+1","Coolheaded+1","Defragment+1","Dark Shackles+1","Bandage Up+1","Writhe","Chill+1","Coolheaded+1"],"relics":["Cracked Core","Pear","DataDisk","MawBank","Juzu Bracelet","Inserter","War Paint","Tiny Chest","Symbiotic Virus","Cables","Toxic Egg 2","Cursed Key","Anchor","Girya","Strawberry","Lee\u0027s Waffle","Orichalcum"],"potions_floor_usage":[8,12,14,16,23,25,31,45,55,56],"damage_taken":[{"damage":4,"enemies":"Small Slimes","floor":1,"turns":3},{"damage":7,"enemies":"Jaw Worm","floor":3,"turns":3},{"damage":0,"enemies":"Cultist","floor":5,"turns":3},{"damage":13,"enemies":"Blue Slaver","floor":7,"turns":2},{"damage":7,"enemies":"Gremlin Nob","floor":8,"turns":3},{"damage":4,"enemies":"Lagavulin","floor":10,"turns":7},{"damage":1,"enemies":"Exordium Thugs","floor":12,"turns":4},{"damage":6,"enemies":"Looter","floor":13,"turns":3},{"damage":6,"enemies":"3 Sentries","floor":14,"turns":4},{"damage":6,"enemies":"Hexaghost","floor":16,"turns":12},{"damage":13,"enemies":"Spheric Guardian","floor":18,"turns":6},{"damage":48,"enemies":"Book of Stabbing","floor":23,"turns":6},{"damage":8,"enemies":"3 Byrds","floor":25,"turns":6},{"damage":16,"enemies":"Centurion and Healer","floor":29,"turns":5},{"damage":0,"enemies":"Chosen and Byrds","floor":31,"turns":7},{"damage":22,"enemies":"Champ","floor":33,"turns":12},{"damage":0,"enemies":"3 Shapes","floor":35,"turns":5},{"damage":8,"enemies":"Orb Walker","floor":36,"turns":4},{"damage":26,"enemies":"Nemesis","floor":41,"turns":5},{"damage":28,"enemies":"Mind Bloom Boss Battle","floor":45,"turns":7},{"damage":3,"enemies":"Giant Head","floor":46,"turns":11},{"damage":2,"enemies":"Spire Growth","floor":48,"turns":8},{"damage":0,"enemies":"Donu and Deca","floor":50,"turns":12},{"damage":0,"enemies":"Time Eater","floor":51,"turns":21},{"damage":40,"enemies":"Shield and Spear","floor":55,"turns":9},{"damage":56,"enemies":"The Heart","floor":56,"turns":3}],"seed_played":"3714326819537139254","potions_obtained":[{"floor":0,"key":"Fire Potion"},{"floor":0,"key":"EssenceOfSteel"},{"floor":3,"key":"Fire Potion"},{"floor":12,"key":"Fire Potion"},{"floor":13,"key":"Dexterity Potion"},{"floor":14,"key":"EssenceOfSteel"},{"floor":18,"key":"FocusPotion"},{"floor":23,"key":"SkillPotion"},{"floor":29,"key":"Fire Potion"},{"floor":41,"key":"FocusPotion"},{"floor":44,"key":"PowerPotion"},{"floor":45,"key":"SmokeBomb"}],"is_trial":false,"path_per_floor":["M","?","M","?","M","R","M","E","T","E","R","M","M","E","R","B",null,"M","?","?","$","?","E","R","M","T","R","$","M","?","M","R","B",null,"M","M","?","?","?","R","E","T","T","?","?","E","$","M","R","B","B",null,"R","$","E","B"],"character_chosen":"DEFECT","items_purchased":["Glacier","PowerPotion","Conserve Battery","Static Discharge","Toxic Egg 2","White Noise+1","Hologram+1","Lee\u0027s Waffle","PowerPotion"],"campfire_rested":2,"item_purchase_floors":[21,21,21,21,28,28,28,47,47],"current_hp_per_floor":[60,60,53,53,53,53,40,43,43,39,39,38,32,26,26,20,66,53,53,53,53,53,5,29,21,21,45,45,29,81,81,81,59,76,76,68,63,63,63,63,43,43,43,43,21,31,95,95,95,95,95,95,95,95,61,5],"gold":66,"neow_bonus":"THREE_SMALL_POTIONS","is_prod":false,"is_daily":false,"chose_seed":false,"campfire_upgraded":6,"win_rate":0,"timestamp":1547146230,"path_taken":["M","?","M","?","M","R","M","E","T","E","R","M","M","E","R","BOSS","M","?","?","$","?","E","R","M","T","R","?","M","?","M","R","BOSS","M","M","?","?","?","R","E","?","T","?","?","E","$","M","R","BOSS","BOSS","R","$","E","BOSS"],"build_version":"2019-01-09","purchased_purges":1,"victory":false,"max_hp_per_floor":[71,71,71,71,71,71,71,81,81,81,81,81,81,81,81,81,81,81,81,81,81,81,81,81,81,81,81,81,81,81,81,81,81,81,81,81,81,81,81,81,81,81,81,81,81,88,95,95,95,95,95,95,95,95,95,95],"card_choices":[{"not_picked":["Chaos","Recycle"],"picked":"Sunder","floor":1},{"not_picked":["Beam Cell","Recycle"],"picked":"Capacitor","floor":3},{"not_picked":["Conserve Battery","Scrape"],"picked":"Cold Snap","floor":5},{"not_picked":["Lockon","Leap"],"picked":"Defragment","floor":7},{"not_picked":["Reboot","Leap"],"picked":"Doom and Gloom","floor":8},{"not_picked":["Steam","Hello World"],"picked":"Undo","floor":10},{"not_picked":["Sweeping Beam","Redo"],"picked":"Recycle","floor":12},{"not_picked":["Auto Shields","Rebound"],"picked":"FTL","floor":13},{"not_picked":["Reboot","Stack"],"picked":"Coolheaded","floor":14},{"not_picked":["Meteor Strike","Reboot"],"picked":"Creative AI","floor":16},{"not_picked":["Sweeping Beam","Compile Driver","Streamline+1"],"picked":"SKIP","floor":18},{"not_picked":["Lockon","Go for the Eyes","Reprogram"],"picked":"SKIP","floor":23},{"not_picked":["Coolheaded","Darkness","Streamline"],"picked":"SKIP","floor":25},{"not_picked":["Stack+1","Beam Cell","Rip and Tear"],"picked":"SKIP","floor":29},{"not_picked":["Steam+1","Streamline"],"picked":"Leap+1","floor":31},{"not_picked":["Thunder Strike","Amplify+1"],"picked":"Biased Cognition","floor":33},{"not_picked":["Redo+1","Turbo+1"],"picked":"Coolheaded+1","floor":35},{"not_picked":["Gash","Steam+1"],"picked":"Defragment","floor":36},{"not_picked":["Deep Breath+1","Forethought+1"],"picked":"Dark Shackles+1","floor":37},{"not_picked":["Dark Shackles+1","Jack Of All Trades+1"],"picked":"Bandage Up+1","floor":37},{"not_picked":["All For One","Self Repair","Steam+1"],"picked":"SKIP","floor":41},{"not_picked":["Darkness+1","Hologram+1"],"picked":"Chill+1","floor":45},{"not_picked":["All For One","Turbo+1","Redo+1"],"picked":"SKIP","floor":46},{"not_picked":["Barrage+1","Turbo+1"],"picked":"Coolheaded+1","floor":48},{"not_picked":["Gash","Rebound","Ball Lightning"],"picked":"SKIP","floor":55}],"player_experience":1580739,"relics_obtained":[{"floor":8,"key":"Pear"},{"floor":9,"key":"DataDisk"},{"floor":10,"key":"MawBank"},{"floor":14,"key":"Juzu Bracelet"},{"floor":23,"key":"Symbiotic Virus"},{"floor":26,"key":"Cables"},{"floor":41,"key":"Anchor"},{"floor":45,"key":"Girya"},{"floor":46,"key":"Strawberry"},{"floor":55,"key":"Orichalcum"}],"event_choices":[{"damage_healed":0,"gold_gain":150,"player_choice":"AGREE","damage_taken":0,"max_hp_gain":0,"max_hp_loss":0,"event_name":"Liars Game","floor":2,"gold_loss":0,"cards_obtained":["Doubt"]},{"cards_removed":["Doubt"],"damage_healed":0,"gold_gain":0,"player_choice":"Forget","damage_taken":0,"max_hp_gain":0,"max_hp_loss":0,"event_name":"Living Wall","floor":4,"gold_loss":0},{"damage_healed":0,"gold_gain":0,"player_choice":"Gave Potion","damage_taken":0,"relics_obtained":["War Paint"],"max_hp_gain":0,"max_hp_loss":0,"event_name":"WeMeetAgain","floor":19,"gold_loss":0},{"damage_healed":0,"gold_gain":0,"player_choice":"Opened","damage_taken":0,"relics_obtained":["Tiny Chest"],"max_hp_gain":0,"max_hp_loss":0,"event_name":"The Mausoleum","floor":20,"gold_loss":0,"cards_obtained":["Writhe"]},{"damage_healed":0,"gold_gain":0,"player_choice":"Bought 1 Potion","damage_taken":0,"max_hp_gain":0,"max_hp_loss":0,"event_name":"The Woman in Blue","floor":22,"gold_loss":0},{"cards_removed":["Static Discharge"],"damage_healed":52,"gold_gain":0,"player_choice":"Offered Uncommon","damage_taken":0,"max_hp_gain":0,"max_hp_loss":0,"event_name":"Bonfire Elementals","floor":30,"gold_loss":0},{"damage_healed":0,"gold_gain":0,"player_choice":"Memory 2","damage_taken":5,"max_hp_gain":0,"max_hp_loss":0,"event_name":"SensoryStone","floor":37,"gold_loss":0},{"damage_healed":0,"gold_gain":0,"player_choice":"Ignored","damage_taken":0,"max_hp_gain":0,"max_hp_loss":0,"event_name":"Tomb of Lord Red Mask","floor":38,"gold_loss":0},{"cards_removed":["Strike_B"],"damage_healed":0,"gold_gain":0,"player_choice":"Removed Attack","damage_taken":0,"max_hp_gain":0,"max_hp_loss":0,"event_name":"Falling","floor":39,"gold_loss":0},{"damage_healed":0,"gold_gain":0,"player_choice":"Got Potions","damage_taken":0,"max_hp_gain":0,"max_hp_loss":0,"event_name":"Lab","floor":44,"gold_loss":0},{"damage_healed":0,"gold_gain":0,"player_choice":"Fight","damage_taken":0,"max_hp_gain":0,"max_hp_loss":0,"event_name":"MindBloom","floor":45,"gold_loss":0}],"is_beta":true,"boss_relics":[{"not_picked":["Calling Bell","Coffee Dripper"],"picked":"Inserter"},{"not_picked":["Eternal Feather","Runic Dome"],"picked":"Cursed Key"}],"items_purged_floors":[21],"is_endless":false,"potions_floor_spawned":[3,7,12,13,14,18,23,29,41,45,48],"killed_by":"The Heart","ascension_level":20}