{"gold_per_floor":[119,119,132,149,71,71,98,98,122,122,153,153,171,182,182,260,260,276,276,292,302,85,112,112,143,143,177,194,194,210,220,220,296,296,307,307,307,207,217,217,13,46,46,46,80,90,90,17,17,17],"floor_reached":51,"playtime":1849,"items_purged":["Strike_B","Strike_B"],"score":1403,"play_id":"c257fd5e-1a0b-4055-8046-eb3ae7e25bd0","local_time":"20190121173749","is_ascension_mode":true,"campfire_choices":[{"data":"White Noise","floor":6.0,"key":"SMITH"},{"floor":8.0,"key":"REST"},{"data":"Doom and Gloom","floor":12.0,"key":"SMITH"},{"floor":15.0,"key":"REST"},{"floor":24.0,"key":"REST"},{"floor":29.0,"key":"REST"},{"floor":32,"key":"REST"},{"data":"Creative AI","floor":40,"key":"SMITH"},{"data":"Fission","floor":44,"key":"SMITH"},{"floor":47,"key":"REST"},{"floor":49,"key":"REST"}],"neow_cost":"NONE","seed_source_timestamp":208604355854027,"circlet_count":0,"master_deck":["AscendersBane","Strike_B","Strike_B","Defend_B","Defend_B","Defend_B","Defend_B","Zap+1","Dualcast","Reinforced Body","Doom and Gloom+1","Leap","White Noise+1","Sunder+1","Cold Snap","Sweeping Beam","Go for the Eyes+1","Biased Cognition","Ball Lightning","Recycle+1","Fission+1","Leap","Reinforced Body","Echo Form","Chill+1","Cold Snap","Creative AI+1","Cold Snap","Electrodynamics","Rainbow","Stack+1"],"special_seed":0,"relics":["Cracked Core","DataDisk","Ancient Tea Set","Oddly Smooth Stone","Incense Burner","Cursed Key","Mercury Hourglass","Regal Pillow","Blue Candle","Runic Pyramid","Frozen Egg 2","Smiling Mask"],"potions_floor_usage":[30,45,50,50],"damage_taken":[{"damage":3.0,"enemies":"Jaw Worm","floor":1.0,"turns":4.0},{"damage":7.0,"enemies":"Small Slimes","floor":3.0,"turns":3.0},{"damage":0.0,"enemies":"2 Louse","floor":4.0,"turns":3.0},{"damage":12.0,"enemies":"Gremlin Nob","floor":7.0,"turns":4.0},{"damage":14.0,"enemies":"3 Sentries","floor":11.0,"turns":4.0},{"damage":0.0,"enemies":"Gremlin Gang","floor":13.0,"turns":2.0},{"damage":5.0,"enemies":"Red Slaver","floor":14.0,"turns":2.0},{"damage":16.0,"enemies":"Slime Boss","floor":16.0,"turns":7.0},{"damage":2.0,"enemies":"Shell Parasite","floor":18.0,"turns":4.0},{"damage":0.0,"enemies":"Chosen","floor":20.0,"turns":4.0},{"damage":10.0,"enemies":"Snecko","floor":21.0,"turns":4.0},{"damage":16.0,"enemies":"Slavers","floor":23.0,"turns":3.0},{"damage":21.0,"enemies":"Book of Stabbing","floor":25.0,"turns":4.0},{"damage":19.0,"enemies":"Slavers","floor":27.0,"turns":3.0},{"damage":0.0,"enemies":"Centurion and Healer","floor":28.0,"turns":5.0},{"damage":2,"enemies":"Shelled Parasite and Fungi","floor":30,"turns":5},{"damage":16,"enemies":"3 Cultists","floor":31,"turns":4},{"damage":9,"enemies":"Champ","floor":33,"turns":9},{"damage":0,"enemies":"3 Shapes","floor":35,"turns":3},{"damage":4,"enemies":"3 Darklings","floor":39,"turns":3},{"damage":0,"enemies":"Nemesis","floor":42,"turns":7},{"damage":53,"enemies":"Giant Head","floor":45,"turns":11},{"damage":4,"enemies":"Writhing Mass","floor":46,"turns":8},{"damage":15,"enemies":"Time Eater","floor":50,"turns":11}],"seed_played":"-7843819704072741462","potions_obtained":[{"floor":1.0,"key":"SkillPotion"},{"floor":3.0,"key":"Weak Potion"},{"floor":7.0,"key":"SpeedPotion"},{"floor":14.0,"key":"PowerPotion"},{"floor":21.0,"key":"Explosive Potion"},{"floor":28.0,"key":"Block Potion"},{"floor":31,"key":"LiquidBronze"},{"floor":33,"key":"Explosive Potion"},{"floor":39,"key":"Strength Potion"},{"floor":46,"key":"GamblersBrew"}],"is_trial":false,"path_per_floor":["M","?","M","M","$","R","E","R","T","?","E","R","M","M","R","B",null,"M","?","M","M","$","E","R","E","T","E","M","R","M","M","R","B",null,"M","?","?","$","M","R","$","E","T","R","E","M","R","$","R","B",null],"character_chosen":"DEFECT","items_purchased":["White Noise","Fission","Dexterity Potion","Electrodynamics","Regen Potion"],"campfire_rested":7,"item_purchase_floors":[5,22,41,41,48],"current_hp_per_floor":[61,43,36,36,36,36,24,45,45,45,31,31,31,26,47,31,61,59,59,59,49,49,33,54,33,33,14,14,50,48,32,68,59,68,68,68,67,67,63,63,63,63,63,63,10,6,41,41,67,67],"gold":17,"neow_bonus":"UPGRADE_CARD","is_prod":false,"is_daily":false,"chose_seed":false,"campfire_upgraded":4,"win_rate":0,"timestamp":1548121069,"path_taken":["M","?","M","M","$","R","E","R","T","?","E","R","M","M","R","BOSS","M","?","?","M","$","E","R","E","T","E","M","R","M","M","R","BOSS","M","?","?","?","M","R","$","E","T","R","E","M","R","$","R","BOSS"],"build_version":"2019-01-17v2","purchased_purges":2,"victory":true,"max_hp_per_floor":[71,71,71,71,71,71,71,71,71,71,71,71,71,71,71,71,71,71,71,71,71,71,71,71,71,71,71,71,71,71,71,71,71,71,71,71,67,67,67,67,67,67,67,67,67,67,67,67,67,67],"card_choices":[{"not_picked":["Scrape","Hello World"],"picked":"Reinforced Body","floor":1.0},{"not_picked":["Coolheaded","Rip and Tear"],"picked":"Doom and Gloom","floor":3.0},{"not_picked":["Doom and Gloom","Beam Cell"],"picked":"Leap","floor":4.0},{"not_picked":["Reboot","Coolheaded"],"picked":"Sunder","floor":7.0},{"not_picked":["Capacitor","Stack"],"picked":"Cold Snap","floor":11.0},{"not_picked":["Double Energy","Stack"],"picked":"Sweeping Beam","floor":13.0},{"not_picked":["Double Energy","Conserve Battery"],"picked":"Go for the Eyes","floor":14.0},{"not_picked":["Multi-Cast","Machine Learning"],"picked":"Biased Cognition","floor":16.0},{"not_picked":["Coolheaded","Leap"],"picked":"Ball Lightning","floor":18.0},{"not_picked":["Compile Driver","Redo"],"picked":"Recycle+1","floor":20.0},{"not_picked":["Sweeping Beam","Lockon","Redo"],"picked":"SKIP","floor":21.0},{"not_picked":["Skim","Beam Cell","Streamline"],"picked":"SKIP","floor":23.0},{"not_picked":["Chaos","Conserve Battery"],"picked":"Leap","floor":25.0},{"not_picked":["Reprogram","Redo"],"picked":"Reinforced Body","floor":27.0},{"not_picked":["Compile Driver","Auto Shields"],"picked":"Echo Form","floor":28.0},{"not_picked":["Rebound","Barrage"],"picked":"Chill+1","floor":30},{"not_picked":["Barrage","Redo"],"picked":"Cold Snap","floor":31},{"not_picked":["Biased Cognition","Machine Learning"],"picked":"Creative AI","floor":33},{"not_picked":["Steam","Melter+1","Rebound"],"picked":"SKIP","floor":35},{"not_picked":["Tempest","Beam Cell"],"picked":"Cold Snap","floor":39},{"not_picked":["Coolheaded","Steam"],"picked":"Rainbow","floor":42},{"not_picked":["Ball Lightning","Reinforced Body"],"picked":"Stack+1","floor":45},{"not_picked":["Barrage","Streamline","Steam Power"],"picked":"SKIP","floor":46}],"player_experience":2034582,"relics_obtained":[{"floor":7.0,"key":"Ancient Tea Set"},{"floor":9.0,"key":"Oddly Smooth Stone"},{"floor":11.0,"key":"Incense Burner"},{"floor":23.0,"key":"Mercury Hourglass"},{"floor":25.0,"key":"Regal Pillow"},{"floor":27.0,"key":"Blue Candle"},{"floor":42,"key":"Frozen Egg 2"},{"floor":45,"key":"Smiling Mask"}],"event_choices":[{"damage_healed":0.0,"max_hp_gain":0.0,"max_hp_loss":0.0,"gold_gain":0.0,"event_name":"Scrap Ooze","player_choice":"Success","floor":2.0,"gold_loss":0.0,"damage_taken":18.0,"relics_obtained":["DataDisk"]},{"damage_healed":0.0,"max_hp_gain":0.0,"max_hp_loss":0.0,"gold_gain":0.0,"event_name":"Living Wall","player_choice":"Grow","floor":10.0,"gold_loss":0.0,"damage_taken":0.0,"cards_upgraded":["Sunder"]},{"damage_healed":0.0,"max_hp_gain":0.0,"max_hp_loss":0.0,"gold_gain":0.0,"event_name":"Upgrade Shrine","player_choice":"Upgraded","floor":19.0,"gold_loss":0.0,"damage_taken":0.0,"cards_upgraded":["Go for the Eyes"]},{"damage_healed":0,"gold_gain":0,"player_choice":"Ignored","damage_taken":0,"max_hp_gain":0,"max_hp_loss":0,"event_name":"Mysterious Sphere","floor":36,"gold_loss":0},{"damage_healed":0,"gold_gain":0,"player_choice":"Max HP","damage_taken":0,"max_hp_gain":0,"max_hp_loss":4,"event_name":"Winding Halls","floor":37,"gold_loss":0}],"is_beta":false,"boss_relics":[{"not_picked":["Tiny House","Busted Crown"],"picked":"Cursed Key"},{"not_picked":["Lizard Tail","Orrery"],"picked":"Runic Pyramid"}],"items_purged_floors":[22,38],"is_endless":false,"potions_floor_spawned":[1,3,7,14,21,28,31,33,39,46],"ascension_level":15}