{"gold_per_floor":[115,134,100,115,184,184,195,195,195,212,224,242,253,268,268,373,373,388,348,322,78,98,98,17,17,17,29,29,29,40,52,52,152,152,167,167,177,177,187,187,187,187,262,272,53,53,73,0,0,0],"floor_reached":51,"playtime":3685,"items_purged":["Writhe"],"score":655,"play_id":"9761a7d7-1d3a-4230-b58f-d595d2b5a65d","local_time":"20190107000327","is_ascension_mode":true,"campfire_choices":[{"data":"Defragment","floor":6,"key":"SMITH"},{"floor":8,"key":"REST"},{"floor":15,"key":"REST"},{"floor":23,"key":"REST"},{"floor":28,"key":"REST"},{"floor":32,"key":"REST"},{"floor":40,"key":"REST"},{"floor":42,"key":"REST"},{"floor":49,"key":"REST"}],"neow_cost":"NONE","seed_source_timestamp":40298092455942,"circlet_count":0,"master_deck":["Strike_B","Strike_B","Strike_B","Strike_B","Defend_B","Defend_B","Defend_B","Defend_B","Zap","Dualcast","Genetic Algorithm+1","Gash","Hello World","Defragment+1","Echo Form","Gash","FTL+1","Buffer","BootSequence+1","Loop","Trip","Chill+1","Conserve Battery","Seek","Conserve Battery","Conserve Battery+1","Finesse","Madness","Bandage Up","Ball Lightning"],"relics":["Cracked Core","Bottled Flame","Symbiotic Virus","Runic Pyramid","Kunai","DataDisk","Bottled Tornado","Fusion Hammer","Meat on the Bone","Bronze Scales","Red Mask"],"potions_floor_usage":[20,27,30,50,50],"damage_taken":[{"damage":1,"enemies":"Cultist","floor":1,"turns":3},{"damage":0,"enemies":"Small Slimes","floor":2,"turns":3},{"damage":4,"enemies":"Jaw Worm","floor":4,"turns":3},{"damage":19,"enemies":"3 Louse","floor":7,"turns":4},{"damage":12,"enemies":"Looter","floor":10,"turns":3},{"damage":0,"enemies":"Large Slime","floor":11,"turns":4},{"damage":6,"enemies":"Blue Slaver","floor":12,"turns":4},{"damage":7,"enemies":"2 Fungi Beasts","floor":13,"turns":3},{"damage":7,"enemies":"Looter","floor":14,"turns":3},{"damage":2,"enemies":"The Guardian","floor":16,"turns":11},{"damage":2,"enemies":"Spheric Guardian","floor":18,"turns":4},{"damage":21,"enemies":"2 Thieves","floor":20,"turns":5},{"damage":10,"enemies":"Sentry and Sphere","floor":22,"turns":7},{"damage":31,"enemies":"Chosen and Byrds","floor":27,"turns":7},{"damage":0,"enemies":"Cultist and Chosen","floor":30,"turns":7},{"damage":12,"enemies":"Snake Plant","floor":31,"turns":5},{"damage":31,"enemies":"Collector","floor":33,"turns":11},{"damage":9,"enemies":"3 Darklings","floor":35,"turns":8},{"damage":11,"enemies":"3 Shapes","floor":37,"turns":7},{"damage":9,"enemies":"Spire Growth","floor":39,"turns":6},{"damage":0,"enemies":"3 Darklings","floor":44,"turns":9},{"damage":0,"enemies":"4 Shapes","floor":47,"turns":7},{"damage":76,"enemies":"Time Eater","floor":50,"turns":12}],"seed_played":"1980552827582504092","potions_obtained":[{"floor":0,"key":"Poison Potion"},{"floor":0,"key":"FairyPotion"},{"floor":0,"key":"FairyPotion"},{"floor":2,"key":"Weak Potion"},{"floor":10,"key":"AttackPotion"},{"floor":11,"key":"Ancient Potion"},{"floor":20,"key":"AttackPotion"},{"floor":27,"key":"Poison Potion"},{"floor":33,"key":"GamblersBrew"},{"floor":37,"key":"Energy Potion"}],"is_trial":false,"path_per_floor":["M","M","$","M","T","R","M","R","T","M","M","M","M","M","R","B",null,"M","?","M","$","M","R","$","T","T","M","R","$","M","M","R","B",null,"M","?","M","?","M","R","?","R","T","M","$","?","M","?","R","B",null],"character_chosen":"DEFECT","items_purchased":["Hello World","Kunai","Trip","Bronze Scales"],"campfire_rested":8,"item_purchase_floors":[3,21,24,45],"current_hp_per_floor":[74,74,74,70,70,70,51,73,73,61,61,55,48,41,63,61,75,73,73,52,52,42,64,64,64,64,33,55,55,55,43,65,34,75,66,66,55,74,65,75,65,75,75,75,75,75,75,75,75,15],"gold":0,"neow_bonus":"THREE_SMALL_POTIONS","is_prod":false,"is_daily":false,"chose_seed":false,"campfire_upgraded":1,"win_rate":0,"timestamp":1546819407,"path_taken":["M","M","$","M","?","R","M","R","T","?","M","M","M","M","R","BOSS","M","?","?","?","?","R","$","?","T","M","R","?","M","M","R","BOSS","M","?","M","?","M","R","?","R","T","M","$","?","M","?","R","BOSS"],"build_version":"2019-01-03v4","purchased_purges":1,"victory":true,"max_hp_per_floor":[75,75,75,75,75,75,75,75,75,75,75,75,75,75,75,75,75,75,75,75,75,75,75,75,75,75,75,75,75,75,75,75,75,75,75,75,75,75,75,75,75,75,75,75,75,75,75,75,75,75],"card_choices":[{"not_picked":["Go for the Eyes","Steam Power"],"picked":"Genetic Algorithm","floor":1},{"not_picked":["Cold Snap","Skim"],"picked":"Gash","floor":2},{"not_picked":["Redo","Chill"],"picked":"Defragment","floor":4},{"not_picked":["Consume","Sweeping Beam"],"picked":"Echo Form","floor":7},{"not_picked":["Beam Cell","Barrage"],"picked":"Gash","floor":10},{"not_picked":["Fusion","Heatsinks","Turbo"],"picked":"SKIP","floor":11},{"not_picked":["Coolheaded","Hologram","Stack"],"picked":"SKIP","floor":12},{"not_picked":["Scrape","Barrage"],"picked":"FTL","floor":13},{"not_picked":["Reinforced Body","Aggregate"],"picked":"Leap","floor":14},{"not_picked":["Echo Form","Fission"],"picked":"Buffer","floor":16},{"not_picked":["Rip and Tear","Hologram","Steam Power"],"picked":"SKIP","floor":18},{"not_picked":["Coolheaded","Blizzard"],"picked":"BootSequence+1","floor":20},{"not_picked":["Compile Driver","Genetic Algorithm"],"picked":"Loop","floor":22},{"not_picked":["Compile Driver","Loop"],"picked":"Chill+1","floor":27},{"not_picked":["Coolheaded","Turbo+1","Machine Learning"],"picked":"SKIP","floor":30},{"not_picked":["Go for the Eyes+1","Compile Driver"],"picked":"Conserve Battery","floor":31},{"not_picked":["Buffer","Biased Cognition"],"picked":"Seek","floor":33},{"not_picked":["Hologram+1","Chill+1","Blizzard+1"],"picked":"SKIP","floor":35},{"not_picked":["Turbo+1","Cold Snap+1"],"picked":"Conserve Battery","floor":37},{"not_picked":["Recycle+1","Steam+1"],"picked":"Conserve Battery+1","floor":39},{"not_picked":["Metamorphosis","PanicButton"],"picked":"Finesse","floor":41},{"not_picked":["Purity","Impatience"],"picked":"Madness","floor":41},{"not_picked":["Thinking Ahead","Flash of Steel"],"picked":"Bandage Up","floor":41},{"not_picked":["Turbo+1","Barrage+1","Sweeping Beam"],"picked":"SKIP","floor":44},{"not_picked":["Force Field+1","Compile Driver"],"picked":"Ball Lightning","floor":47}],"player_experience":369680,"relics_obtained":[{"floor":5,"key":"Bottled Flame"},{"floor":9,"key":"Symbiotic Virus"},{"floor":25,"key":"DataDisk"},{"floor":26,"key":"Bottled Tornado"},{"floor":43,"key":"Meat on the Bone"}],"event_choices":[{"damage_healed":0,"gold_gain":0,"player_choice":"Upgraded Two","damage_taken":0,"max_hp_gain":0,"max_hp_loss":0,"event_name":"Designer","floor":19,"gold_loss":40,"cards_upgraded":["FTL","Genetic Algorithm"]},{"cards_removed":["Leap"],"damage_healed":0,"gold_gain":0,"player_choice":"Removed Skill","damage_taken":0,"max_hp_gain":0,"max_hp_loss":0,"event_name":"Falling","floor":36,"gold_loss":0},{"damage_healed":19,"gold_gain":0,"player_choice":"Writhe","damage_taken":0,"max_hp_gain":0,"max_hp_loss":0,"event_name":"Winding Halls","floor":38,"gold_loss":0,"cards_obtained":["Writhe"]},{"damage_healed":0,"gold_gain":0,"player_choice":"Memory 3","damage_taken":10,"max_hp_gain":0,"max_hp_loss":0,"event_name":"SensoryStone","floor":41,"gold_loss":0},{"damage_healed":0,"gold_gain":0,"player_choice":"Ignored","damage_taken":0,"max_hp_gain":0,"max_hp_loss":0,"event_name":"Mysterious Sphere","floor":46,"gold_loss":0},{"damage_healed":0,"gold_gain":0,"player_choice":"Paid","damage_taken":0,"relics_obtained":["Red Mask"],"max_hp_gain":0,"max_hp_loss":0,"event_name":"Tomb of Lord Red Mask","floor":48,"gold_loss":73}],"is_beta":false,"boss_relics":[{"not_picked":["Runic Dome","FrozenCore"],"picked":"Runic Pyramid"},{"not_picked":["Velvet Choker","Calling Bell"],"picked":"Fusion Hammer"}],"items_purged_floors":[45],"is_endless":false,"potions_floor_spawned":[2,10,11,12,16,20,27,33,35,37],"ascension_level":2}