{"gold_per_floor":[109,34,34,49,49,49,124,137,184,64,64,93,110,135,135,207,207,226,236,84,99,113,113,138,138,138,154,8,8,22,41,41,41],"floor_reached":33,"playtime":1279,"items_purged":["Parasite","Strike_G"],"score":529,"play_id":"aad1d8d7-6f34-4805-8084-ee1d855cf01f","local_time":"20181024232810","is_ascension_mode":true,"campfire_choices":[{"data":"Neutralize","floor":6,"key":"SMITH"},{"floor":11,"key":"REST"},{"data":"Cloak And Dagger","floor":15,"key":"SMITH"},{"data":"Prepared","floor":23,"key":"SMITH"},{"floor":25,"key":"REST"},{"data":"Noxious Fumes","floor":29,"key":"SMITH"},{"floor":32,"key":"REST"}],"neow_cost":"CURSE","seed_source_timestamp":51537087929077,"circlet_count":0,"master_deck":["Defend_G+1","Defend_G","Defend_G","Defend_G","Defend_G","Strike_G","Strike_G","Strike_G+1","Strike_G","Survivor","Neutralize+1","AscendersBane","Glass Knife+1","Poisoned Stab","Dagger Throw","Cloak And Dagger+1","Backstab","Footwork","Blur","PiercingWail","Leg Sweep","Corpse Explosion","Prepared+1","Crippling Poison+1","Noxious Fumes+1","Calculated Gamble"],"relics":["Ring of the Snake","Centennial Puzzle","StoneCalendar","Tough Bandages","Busted Crown","Happy Flower","Ornamental Fan"],"potions_floor_usage":[12,24,33],"damage_taken":[{"damage":2,"enemies":"Jaw Worm","floor":1,"turns":4},{"damage":0,"enemies":"2 Louse","floor":4,"turns":2},{"damage":0,"enemies":"Small Slimes","floor":8,"turns":2},{"damage":11,"enemies":"3 Sentries","floor":12,"turns":7},{"damage":0,"enemies":"Exordium Thugs","floor":13,"turns":5},{"damage":10,"enemies":"Gremlin Nob","floor":14,"turns":4},{"damage":22,"enemies":"Hexaghost","floor":16,"turns":13},{"damage":0,"enemies":"Chosen","floor":18,"turns":4},{"damage":0,"enemies":"Shell Parasite","floor":19,"turns":6},{"damage":0,"enemies":"3 Cultists","floor":21,"turns":2},{"damage":0,"enemies":"Centurion and Healer","floor":22,"turns":6},{"damage":32,"enemies":"Gremlin Leader","floor":24,"turns":7},{"damage":1,"enemies":"Snake Plant","floor":27,"turns":4},{"damage":7,"enemies":"Snecko","floor":30,"turns":5},{"damage":0,"enemies":"3 Cultists","floor":31,"turns":4},{"damage":61,"enemies":"Champ","floor":33,"turns":10}],"seed_played":"-8825366998879988985","potions_obtained":[{"floor":1,"key":"Dexterity Potion"},{"floor":8,"key":"SpeedPotion"},{"floor":14,"key":"SpeedPotion"},{"floor":16,"key":"SkillPotion"},{"floor":24,"key":"SpeedPotion"},{"floor":31,"key":"Strength Potion"}],"is_trial":false,"path_per_floor":["M","$","?","M","?","R","?","M","T","$","R","E","M","E","R","B",null,"M","M","$","M","M","R","E","R","T","M","$","R","M","M","R"],"character_chosen":"THE_SILENT","items_purchased":["Backstab","Footwork","Prepared","Noxious Fumes","Calculated Gamble"],"campfire_rested":3,"item_purchase_floors":[10,10,20,28,28],"current_hp_per_floor":[57,57,57,57,38,38,27,27,27,27,45,34,34,24,24,2,48,48,48,48,48,48,48,16,34,34,33,33,33,26,26,44,0],"gold":41,"neow_bonus":"THREE_RARE_CARDS","is_prod":false,"is_daily":false,"chose_seed":false,"campfire_upgraded":4,"win_rate":0,"timestamp":1540448890,"path_taken":["M","$","?","M","?","R","?","M","T","$","R","E","M","E","R","BOSS","M","M","$","M","M","R","E","R","T","M","$","R","M","M","R","BOSS"],"build_version":"2018-10-18","purchased_purges":2,"victory":false,"max_hp_per_floor":[66,63,63,63,63,63,63,63,63,63,63,63,63,63,63,63,63,63,63,63,63,63,63,63,63,63,63,63,63,63,63,63,63],"card_choices":[{"not_picked":["A Thousand Cuts","Night Terror"],"picked":"Glass Knife","floor":0},{"not_picked":["Infinite Blades","Endless Agony"],"picked":"Poisoned Stab","floor":1},{"not_picked":["Deflect","Doppelganger"],"picked":"Dagger Throw","floor":4},{"not_picked":["Blade Dance","Outmaneuver"],"picked":"Cloak And Dagger","floor":8},{"not_picked":["Dodge and Roll","Prepared"],"picked":"Blur","floor":12},{"not_picked":["Accuracy","Sucker Punch"],"picked":"PiercingWail","floor":13},{"not_picked":["Outmaneuver","Poisoned Stab"],"picked":"Leg Sweep","floor":14},{"not_picked":["Envenom","A Thousand Cuts"],"picked":"Corpse Explosion","floor":16},{"not_picked":["Flying Knee"],"picked":"SKIP","floor":18},{"not_picked":["Underhanded Strike"],"picked":"SKIP","floor":19},{"not_picked":["Predator"],"picked":"SKIP","floor":21},{"not_picked":["Slice"],"picked":"SKIP","floor":22},{"not_picked":[],"picked":"Crippling Poison+1","floor":24},{"not_picked":["Deflect"],"picked":"SKIP","floor":27},{"not_picked":["PiercingWail"],"picked":"SKIP","floor":30},{"not_picked":["Outmaneuver"],"picked":"SKIP","floor":31}],"player_experience":1453378,"relics_obtained":[{"floor":9,"key":"Centennial Puzzle"},{"floor":12,"key":"StoneCalendar"},{"floor":14,"key":"Tough Bandages"},{"floor":24,"key":"Happy Flower"},{"floor":26,"key":"Ornamental Fan"}],"event_choices":[{"damage_healed":0,"gold_gain":0,"player_choice":"Grow","damage_taken":0,"max_hp_gain":0,"max_hp_loss":0,"event_name":"Living Wall","floor":3,"gold_loss":0,"cards_upgraded":["Glass Knife"]},{"damage_healed":0,"gold_gain":0,"player_choice":"Entered Light","damage_taken":19,"max_hp_gain":0,"max_hp_loss":0,"event_name":"Shining Light","floor":5,"gold_loss":0,"cards_upgraded":["Strike_G","Defend_G"]},{"damage_healed":0,"gold_gain":75,"player_choice":"Gather Gold","damage_taken":11,"max_hp_gain":0,"max_hp_loss":0,"event_name":"World of Goop","floor":7,"gold_loss":0}],"is_beta":false,"boss_relics":[{"not_picked":["WristBlade","Calling Bell"],"picked":"Busted Crown"}],"items_purged_floors":[2,20],"is_endless":false,"potions_floor_spawned":[1,8,14,16,24,27,30,31],"killed_by":"Champ","ascension_level":15}