{"gold_per_floor":[115,40,40,40,50,50,75,85,85,85,95,106,106,119,119,191,191,207,207,225,236,236,236,269,269,296,296,309,71,90,37,37,108,108,126,144,144,144,160,160,170,201,225,258,258,258,276,276],"floor_reached":48,"playtime":2395,"items_purged":["Strike_B","Strike_B"],"score":1174,"play_id":"8b39342a-b25d-4779-84fd-300b040a47f3","local_time":"20190121025653","is_ascension_mode":true,"campfire_choices":[{"data":"Defragment","floor":6.0,"key":"SMITH"},{"data":"Coolheaded","floor":13.0,"key":"SMITH"},{"data":"Dualcast","floor":15.0,"key":"SMITH"},{"floor":23.0,"key":"REST"},{"floor":27.0,"key":"REST"},{"data":"Zap","floor":32.0,"key":"SMITH"},{"data":"Blizzard","floor":40.0,"key":"SMITH"},{"floor":46.0,"key":"REST"}],"neow_cost":"NONE","seed_source_timestamp":22877222369629,"circlet_count":0,"master_deck":["AscendersBane","Strike_B","Strike_B","Defend_B","Defend_B","Defend_B","Defend_B","Zap+1","Dualcast+1","Streamline","Consume+1","Defragment+1","Coolheaded+1","Self Repair+1","Coolheaded","Turbo","Reprogram","Capacitor","Blizzard+1","Master of Strategy","Purity","Madness","Madness"],"special_seed":0,"relics":["Cracked Core","NeowsBlessing","Symbiotic Virus","Singing Bowl","Inserter","Mercury Hourglass","Bag of Marbles","Sozu","Boot","Anchor","PreservedInsect"],"potions_floor_usage":[],"damage_taken":[{"damage":0.0,"enemies":"Small Slimes","floor":1.0,"turns":1.0},{"damage":0.0,"enemies":"Cultist","floor":5.0,"turns":1.0},{"damage":0.0,"enemies":"Gremlin Nob","floor":7.0,"turns":1.0},{"damage":0.0,"enemies":"2 Louse","floor":8.0,"turns":2.0},{"damage":1.0,"enemies":"Large Slime","floor":11.0,"turns":4.0},{"damage":34.0,"enemies":"Lots of Slimes","floor":12.0,"turns":3.0},{"damage":6.0,"enemies":"Blue Slaver","floor":14.0,"turns":3.0},{"damage":13.0,"enemies":"The Guardian","floor":16.0,"turns":12.0},{"damage":16.0,"enemies":"Shell Parasite","floor":18.0,"turns":7.0},{"damage":18.0,"enemies":"Spheric Guardian","floor":20.0,"turns":5.0},{"damage":25.0,"enemies":"3 Cultists","floor":21.0,"turns":7.0},{"damage":35.0,"enemies":"Gremlin Leader","floor":24.0,"turns":10.0},{"damage":27.0,"enemies":"Colosseum Slavers","floor":25.0,"turns":4.0},{"damage":38.0,"enemies":"Snecko","floor":28.0,"turns":6.0},{"damage":5.0,"enemies":"Centurion and Healer","floor":30.0,"turns":12.0},{"damage":22.0,"enemies":"Collector","floor":33.0,"turns":17.0},{"damage":27.0,"enemies":"3 Darklings","floor":35.0,"turns":7.0},{"damage":13.0,"enemies":"Orb Walker","floor":36.0,"turns":4.0},{"damage":18.0,"enemies":"4 Shapes","floor":39.0,"turns":6.0},{"damage":34.0,"enemies":"Spire Growth","floor":41.0,"turns":4.0},{"damage":69.0,"enemies":"Nemesis","floor":42.0,"turns":11.0},{"damage":0.0,"enemies":"Giant Head","floor":44.0,"turns":12.0},{"damage":35,"enemies":"3 Darklings","floor":47,"turns":8},{"damage":25,"enemies":"4 Shapes","floor":48,"turns":1}],"seed_played":"5479574317197568211","potions_obtained":[{"floor":5.0,"key":"SkillPotion"},{"floor":7.0,"key":"LiquidBronze"},{"floor":14.0,"key":"FocusPotion"},{"floor":33.0,"key":"SpeedPotion"}],"is_trial":false,"path_per_floor":["M","$","?","?","M","R","E","M","T","?","M","M","R","M","R","B",null,"M","?","M","M","?","R","E","?","T","R","M","$","M","$","R","B",null,"M","M","?","?","M","R","M","E","T","E","?","R","M","M"],"character_chosen":"DEFECT","items_purchased":["Regen Potion","SpeedPotion","AttackPotion"],"campfire_rested":3,"item_purchase_floors":[29,29,31],"current_hp_per_floor":[64,64,69,69,69,69,69,69,69,69,70,38,38,34,34,23,69,53,53,45,32,32,57,34,17,17,43,15,15,35,35,35,23,72,55,52,44,100,94,94,72,15,15,27,8,40,17,0],"gold":276,"neow_bonus":"THREE_ENEMY_KILL","is_prod":false,"is_daily":false,"chose_seed":false,"campfire_upgraded":5,"win_rate":0,"timestamp":1548010613,"path_taken":["M","$","?","?","?","R","E","M","T","?","M","M","R","M","R","BOSS","M","?","M","?","?","R","E","?","T","R","M","$","M","?","R","BOSS","M","M","?","?","?","R","M","E","T","E","?","R","M","M"],"build_version":"2019-01-17v2","purchased_purges":2,"victory":false,"max_hp_per_floor":[71,71,76,76,76,76,76,76,76,76,78,80,80,82,82,84,84,84,84,84,86,86,86,88,88,88,88,88,88,88,88,88,88,88,88,88,90,100,102,102,104,106,106,108,108,108,110,110],"card_choices":[{"not_picked":["Steam","Beam Cell"],"picked":"Streamline","floor":1.0},{"not_picked":["Turbo","Rebound"],"picked":"Defragment","floor":5.0},{"not_picked":["Scrape","Genetic Algorithm"],"picked":"Coolheaded","floor":7.0},{"not_picked":["Rebound","Storm","Genetic Algorithm"],"picked":"SKIP","floor":8.0},{"not_picked":["Aggregate","Gash","Rebound"],"picked":"Singing Bowl","floor":11.0},{"not_picked":["Compile Driver","Double Energy","Beam Cell"],"picked":"Singing Bowl","floor":12.0},{"not_picked":["Auto Shields","BootSequence","Blizzard"],"picked":"Singing Bowl","floor":14.0},{"not_picked":["Thunder Strike","All For One","Creative AI"],"picked":"Singing Bowl","floor":16.0},{"not_picked":["Leap","Melter"],"picked":"Self Repair","floor":18.0},{"not_picked":["Static Discharge","Doom and Gloom+1"],"picked":"Coolheaded","floor":20.0},{"not_picked":["Gash","Coolheaded","Leap"],"picked":"Singing Bowl","floor":21.0},{"not_picked":["Streamline+1","Storm","Reprogram"],"picked":"Singing Bowl","floor":24.0},{"not_picked":["Double Energy","Amplify"],"picked":"Turbo","floor":28.0},{"not_picked":["Beam Cell","FTL"],"picked":"Reprogram","floor":30.0},{"not_picked":["Reboot","All For One"],"picked":"Core Surge","floor":33.0},{"not_picked":["Double Energy","Rebound"],"picked":"Capacitor","floor":35.0},{"not_picked":["Gash+1","BootSequence"],"picked":"Blizzard","floor":36.0},{"not_picked":["Finesse","Jack Of All Trades","HandOfGreed"],"picked":"Singing Bowl","floor":37.0},{"not_picked":["Magnetism","Flash of Steel"],"picked":"Master of Strategy","floor":37.0},{"not_picked":["Flash of Steel","Panacea"],"picked":"Purity","floor":37.0},{"not_picked":["Conserve Battery+1","Sweeping Beam","Gash"],"picked":"Singing Bowl","floor":39.0},{"not_picked":["Steam","Streamline","Auto Shields"],"picked":"Singing Bowl","floor":41.0},{"not_picked":["Rebound","Capacitor","Chaos"],"picked":"Singing Bowl","floor":42.0},{"not_picked":["Self Repair","Meteor Strike","Heatsinks"],"picked":"Singing Bowl","floor":44.0},{"not_picked":["Beam Cell","Coolheaded","Fusion+1"],"picked":"Singing Bowl","floor":47}],"player_experience":2566658,"relics_obtained":[{"floor":7.0,"key":"Symbiotic Virus"},{"floor":9.0,"key":"Singing Bowl"},{"floor":24.0,"key":"Mercury Hourglass"},{"floor":26.0,"key":"Bag of Marbles"},{"floor":42.0,"key":"Boot"},{"floor":43.0,"key":"Anchor"},{"floor":44.0,"key":"PreservedInsect"}],"event_choices":[{"damage_healed":0.0,"max_hp_gain":5.0,"max_hp_loss":0.0,"gold_gain":0.0,"event_name":"Big Fish","player_choice":"Donut","floor":3.0,"gold_loss":0.0,"damage_taken":0.0},{"damage_healed":0.0,"max_hp_gain":0.0,"max_hp_loss":0.0,"gold_gain":0.0,"event_name":"Match and Keep!","player_choice":"1 cards matched","floor":4.0,"gold_loss":0.0,"damage_taken":0.0,"cards_obtained":["Consume"]},{"damage_healed":0.0,"max_hp_gain":0.0,"max_hp_loss":0.0,"gold_gain":0.0,"event_name":"Living Wall","player_choice":"Grow","floor":10.0,"gold_loss":0.0,"damage_taken":0.0,"cards_upgraded":["Consume"]},{"damage_healed":0.0,"max_hp_gain":0.0,"max_hp_loss":0.0,"gold_gain":0.0,"event_name":"Accursed Blacksmith","player_choice":"Forge","floor":19.0,"gold_loss":0.0,"damage_taken":0.0,"cards_upgraded":["Self Repair"]},{"damage_healed":0.0,"max_hp_gain":0.0,"max_hp_loss":0.0,"gold_gain":0.0,"event_name":"Cursed Tome","player_choice":"Ignored","floor":22.0,"gold_loss":0.0,"damage_taken":0.0},{"damage_healed":0.0,"max_hp_gain":0.0,"max_hp_loss":0.0,"gold_gain":0.0,"event_name":"Colosseum","player_choice":"Fight","floor":25.0,"gold_loss":0.0,"damage_taken":0.0},{"damage_healed":0.0,"max_hp_gain":0.0,"max_hp_loss":0.0,"gold_gain":0.0,"event_name":"Colosseum","player_choice":"Fled From Nobs","floor":25.0,"gold_loss":0.0,"damage_taken":0.0},{"damage_healed":0.0,"max_hp_gain":0.0,"max_hp_loss":0.0,"gold_gain":0.0,"event_name":"SensoryStone","player_choice":"Memory 3","floor":37.0,"gold_loss":0.0,"damage_taken":10.0},{"cards_removed":["Core Surge"],"damage_healed":46.0,"max_hp_gain":10.0,"max_hp_loss":0.0,"gold_gain":0.0,"event_name":"Bonfire Elementals","player_choice":"Offered Rare","floor":38.0,"gold_loss":0.0,"damage_taken":0.0},{"damage_healed":0.0,"max_hp_gain":0.0,"max_hp_loss":0.0,"gold_gain":0.0,"event_name":"Winding Halls","player_choice":"Embrace Madness","floor":45.0,"gold_loss":0.0,"damage_taken":19.0,"cards_obtained":["Madness","Madness"]}],"is_beta":false,"boss_relics":[{"not_picked":["Lizard Tail","Ectoplasm"],"picked":"Inserter"},{"not_picked":["Snecko Eye","Astrolabe"],"picked":"Sozu"}],"items_purged_floors":[2,29],"is_endless":false,"potions_floor_spawned":[5,7,14,18,25,33,35,36,47],"killed_by":"4 Shapes","ascension_level":20}