{"gold_per_floor":[113,38,52,52,52,52,52,90,90,114,150,121,121,141,141,265,265,285,301,36,135,158,158,194,194],"floor_reached":25,"playtime":1825,"items_purged":[],"score":252,"play_id":"e4af0550-6ed7-4ec2-87a9-11c25c6bcb6d","local_time":"20181017040835","is_ascension_mode":true,"campfire_choices":[{"floor":6,"key":"REST"},{"floor":13,"key":"REST"},{"floor":15,"key":"REST"},{"floor":23,"key":"REST"}],"neow_cost":"NONE","seed_source_timestamp":491755069725092,"circlet_count":0,"master_deck":["Survivor","Neutralize","Outmaneuver","Noxious Fumes","Poisoned Stab","Bouncing Flask","Poisoned Stab","PiercingWail","Terror","Envenom+1","Distraction","All Out Attack","Tactician","Prepared","Cloak And Dagger","Acrobatics","Deflect","Crippling Poison","PiercingWail","Catalyst","Noxious Fumes+1","Cloak And Dagger"],"relics":["Ring of the Snake","Golden Idol","Bag of Preparation","Frozen Egg 2","Letter Opener","Pandora\u0027s Box","TwistedFunnel","FossilizedHelix"],"potions_floor_usage":[22],"damage_taken":[{"damage":7,"enemies":"Jaw Worm","floor":1,"turns":9},{"damage":7,"enemies":"Small Slimes","floor":3,"turns":5},{"damage":13,"enemies":"Lagavulin","floor":8,"turns":6},{"damage":0,"enemies":"2 Louse","floor":10,"turns":3},{"damage":25,"enemies":"3 Sentries","floor":11,"turns":6},{"damage":5,"enemies":"Lots of Slimes","floor":14,"turns":3},{"damage":18,"enemies":"Hexaghost","floor":16,"turns":8},{"damage":27,"enemies":"Shell Parasite","floor":18,"turns":6},{"damage":10,"enemies":"Spheric Guardian","floor":19,"turns":4},{"damage":7,"enemies":"Snecko","floor":22,"turns":4},{"damage":21,"enemies":"Book of Stabbing","floor":24,"turns":5},{"damage":32,"enemies":"Centurion and Healer","floor":25,"turns":6}],"seed_played":"3947433603392942430","potions_obtained":[{"floor":1,"key":"LiquidBronze"},{"floor":3,"key":"Ancient Potion"},{"floor":22,"key":"SteroidPotion"}],"is_trial":false,"path_per_floor":["M","$","M","?","?","R","$","E","T","M","E","?","R","M","R","B",null,"M","M","$","?","M","R","E"],"character_chosen":"THE_SILENT","items_purchased":["Noxious Fumes","TwistedFunnel","Noxious Fumes+1"],"campfire_rested":4,"item_purchase_floors":[2,20,20],"current_hp_per_floor":[63,63,56,39,25,46,46,33,33,33,8,8,29,24,45,27,70,43,33,33,33,26,47,26,0],"gold":194,"neow_bonus":"REMOVE_CARD","is_prod":false,"is_daily":false,"chose_seed":false,"campfire_upgraded":0,"win_rate":0,"timestamp":1539742115,"path_taken":["M","$","M","?","?","R","$","E","T","M","E","?","R","M","R","BOSS","M","M","$","?","M","R","E","M"],"build_version":"2018-10-11","purchased_purges":0,"victory":false,"max_hp_per_floor":[70,70,70,70,70,70,70,70,70,70,70,70,70,70,70,70,70,70,70,70,70,70,70,70,70],"card_choices":[{"not_picked":["Blur","Prepared"],"picked":"Outmaneuver","floor":1},{"not_picked":["Noxious Fumes","Dodge and Roll"],"picked":"Poisoned Stab","floor":3},{"not_picked":["Backflip","PiercingWail"],"picked":"Bouncing Flask","floor":8},{"not_picked":["Calculated Gamble","Footwork+1"],"picked":"Poisoned Stab","floor":10},{"not_picked":["Riddle With Holes","Underhanded Strike"],"picked":"PiercingWail","floor":11},{"not_picked":["Dagger Throw","All Out Attack"],"picked":"Terror","floor":14},{"not_picked":["Phantasmal Killer","Doppelganger"],"picked":"Envenom+1","floor":16},{"not_picked":["Quick Slash+1","Accuracy+1","Outmaneuver"],"picked":"SKIP","floor":18},{"not_picked":["Blade Dance","Slice"],"picked":"Catalyst","floor":19},{"not_picked":["Acrobatics","Caltrops+1","Expertise"],"picked":"SKIP","floor":22},{"not_picked":["Flechettes","PiercingWail"],"picked":"Cloak And Dagger","floor":24}],"player_experience":99512,"relics_obtained":[{"floor":8,"key":"Bag of Preparation"},{"floor":9,"key":"Frozen Egg 2"},{"floor":11,"key":"Letter Opener"},{"floor":24,"key":"FossilizedHelix"}],"event_choices":[{"event_name":"Golden Idol","player_choice":"Take Damage","floor":4,"damage_taken":0},{"event_name":"Shining Light","player_choice":"Entered Light","floor":5,"damage_taken":0},{"event_name":"World of Goop","player_choice":"Left","floor":12,"damage_taken":0},{"event_name":"Nest","player_choice":"Stole From Cult","floor":21,"damage_taken":0}],"is_beta":false,"boss_relics":[{"not_picked":["Runic Dome","Philosopher\u0027s Stone"],"picked":"Pandora\u0027s Box"}],"items_purged_floors":[],"is_endless":false,"potions_floor_spawned":[1,3,22],"killed_by":"Centurion and Healer","ascension_level":2}