{"gold_per_floor":[118,136,136,151,205,238,249,280,280,315,315,341,341,353,353,430,430,443,460,660,675,675,707,707,321,321,346,357,376,48,75,75,153,153,171,183,183,183,183,211,245,245,245,107,118,133,166,179,179,179,179],"floor_reached":52,"playtime":2225,"items_purged":["Poisoned Stab"],"score":2835,"play_id":"d6fbce27-8377-44db-a65f-dc7bcadaf6e8","local_time":"20181216161007","daily_mods":["SealedDeck"],"is_ascension_mode":true,"campfire_choices":[{"data":"Footwork","floor":11,"key":"SMITH"},{"data":"Choke","floor":13,"key":"SMITH"},{"data":"Crippling Poison","floor":15,"key":"SMITH"},{"data":"Noxious Fumes","floor":24,"key":"SMITH"},{"data":"Leg Sweep","floor":32,"key":"SMITH"},{"data":"PiercingWail","floor":42,"key":"SMITH"},{"data":"Bouncing Flask","floor":49,"key":"SMITH"}],"neow_cost":"","seed_source_timestamp":25591393275780,"circlet_count":0,"master_deck":["AscendersBane","Cloak And Dagger+1","Predator+1","PiercingWail+1","Choke+1","Dash+1","Dash","Crippling Poison+1","Leg Sweep+1","Dash","Footwork+1","Bullet Time","Bouncing Flask+1","Crippling Poison+1","Noxious Fumes+1","Backflip+1","Bouncing Flask+1","Bullet Time"],"relics":["Snecko Eye","Potion Belt","Pantograph","StoneCalendar","WingedGreaves","Lantern","Snake Skull","Cursed Key","TwistedFunnel","Bronze Scales","Strawberry","Thread and Needle","Pen Nib","Black Star","Omamori","War Paint","Smiling Mask","Whetstone","Letter Opener","Oddly Smooth Stone"],"potions_floor_usage":[6,12,21,23,45,51,51,51,51],"damage_taken":[{"damage":0,"enemies":"Small Slimes","floor":1,"turns":3},{"damage":0,"enemies":"Jaw Worm","floor":2,"turns":2},{"damage":0,"enemies":"Cultist","floor":4,"turns":2},{"damage":3,"enemies":"Lagavulin","floor":6,"turns":4},{"damage":0,"enemies":"3 Louse","floor":7,"turns":2},{"damage":0,"enemies":"Gremlin Nob","floor":8,"turns":3},{"damage":0,"enemies":"Lagavulin","floor":10,"turns":6},{"damage":0,"enemies":"Gremlin Nob","floor":12,"turns":3},{"damage":0,"enemies":"Lots of Slimes","floor":14,"turns":3},{"damage":0,"enemies":"The Guardian","floor":16,"turns":4},{"damage":0,"enemies":"3 Byrds","floor":18,"turns":3},{"damage":13,"enemies":"2 Thieves","floor":19,"turns":3},{"damage":18,"enemies":"Cultist and Chosen","floor":21,"turns":4},{"damage":0,"enemies":"Book of Stabbing","floor":23,"turns":3},{"damage":0,"enemies":"Gremlin Leader","floor":27,"turns":3},{"damage":0,"enemies":"3 Cultists","floor":28,"turns":2},{"damage":0,"enemies":"Snake Plant","floor":29,"turns":2},{"damage":0,"enemies":"Slavers","floor":31,"turns":3},{"damage":0,"enemies":"Collector","floor":33,"turns":5},{"damage":0,"enemies":"3 Shapes","floor":35,"turns":2},{"damage":0,"enemies":"Orb Walker","floor":36,"turns":2},{"damage":0,"enemies":"Reptomancer","floor":40,"turns":4},{"damage":4,"enemies":"Nemesis","floor":41,"turns":5},{"damage":0,"enemies":"Spire Growth","floor":45,"turns":3},{"damage":0,"enemies":"Jaw Worm Horde","floor":46,"turns":2},{"damage":0,"enemies":"Reptomancer","floor":47,"turns":4},{"damage":0,"enemies":"Maw","floor":48,"turns":4},{"damage":0,"enemies":"Donu and Deca","floor":50,"turns":6},{"damage":7,"enemies":"Time Eater","floor":51,"turns":9}],"seed_played":"-5014914789610432087","potions_obtained":[{"floor":1,"key":"Poison Potion"},{"floor":4,"key":"FearPotion"},{"floor":7,"key":"SpeedPotion"},{"floor":8,"key":"Dexterity Potion"},{"floor":10,"key":"FearPotion"},{"floor":12,"key":"SteroidPotion"},{"floor":27,"key":"Ancient Potion"},{"floor":28,"key":"SteroidPotion"},{"floor":29,"key":"Block Potion"},{"floor":31,"key":"Block Potion"},{"floor":45,"key":"Fire Potion"}],"is_trial":true,"path_per_floor":["M","M","?","M","?","E","M","E","T","E","R","E","R","M","R","B",null,"M","M","?","M","?","E","R","$","T","E","M","M","$","E","R","B",null,"M","M","?","?","$","E","E","R","T","$","M","M","E","M","R","B","B",null],"character_chosen":"THE_SILENT","items_purchased":["TwistedFunnel","Bronze Scales","Thread and Needle","Bouncing Flask"],"campfire_rested":0,"item_purchase_floors":[25,25,30,44],"current_hp_per_floor":[59,59,54,54,54,51,51,51,51,51,51,51,51,51,51,66,66,66,53,53,35,66,66,66,66,66,73,73,73,73,73,73,73,73,73,73,69,69,69,69,65,65,65,65,65,65,65,65,65,69,62],"gold":179,"neow_bonus":"","is_prod":false,"is_daily":false,"chose_seed":false,"campfire_upgraded":7,"win_rate":0,"timestamp":1545005407,"path_taken":["M","M","?","M","?","E","M","E","T","E","R","E","R","M","R","BOSS","M","M","?","?","?","E","R","$","T","E","M","?","$","E","R","BOSS","M","M","?","?","$","E","E","R","T","$","M","M","E","M","R","BOSS","BOSS"],"build_version":"2018-12-13","purchased_purges":1,"victory":true,"max_hp_per_floor":[66,66,66,66,66,66,66,66,66,66,66,66,66,66,66,66,66,66,66,66,66,66,66,66,66,66,73,73,73,73,73,73,73,73,73,73,69,69,69,69,69,69,69,69,69,69,69,69,69,69,69],"card_choices":[{"not_picked":["Endless Agony","Heel Hook"],"picked":"Dash","floor":1},{"not_picked":["Bane","Catalyst"],"picked":"Footwork","floor":2},{"not_picked":["Dodge and Roll","Slice","Prepared"],"picked":"SKIP","floor":4},{"not_picked":["Flechettes","Dagger Spray","Predator"],"picked":"SKIP","floor":6},{"not_picked":["Masterful Stab","Concentrate","Deadly Poison"],"picked":"SKIP","floor":7},{"not_picked":["Riddle With Holes","Well Laid Plans","Expertise"],"picked":"SKIP","floor":8},{"not_picked":["Acrobatics","Slice","Deadly Poison"],"picked":"SKIP","floor":10},{"not_picked":["Acrobatics","Slice","Dagger Throw"],"picked":"SKIP","floor":12},{"not_picked":["Prepared","Underhanded Strike"],"picked":"Bullet Time","floor":14},{"not_picked":["Dagger Spray","Dodge and Roll"],"picked":"Bouncing Flask+1","floor":18},{"not_picked":["Reflex+1","Quick Slash","Slice+1"],"picked":"SKIP","floor":19},{"not_picked":["Outmaneuver","Quick Slash"],"picked":"Crippling Poison","floor":21},{"not_picked":["Cloak And Dagger","Dash"],"picked":"Noxious Fumes","floor":23},{"not_picked":["Cloak And Dagger","Setup"],"picked":"Backflip+1","floor":27},{"not_picked":["Blade Dance","Bane","Slice"],"picked":"SKIP","floor":28},{"not_picked":["Poisoned Stab","Predator","Deflect"],"picked":"SKIP","floor":29},{"not_picked":["Backflip","PiercingWail","Backstab"],"picked":"SKIP","floor":31},{"not_picked":["Backflip","Quick Slash","Dagger Spray"],"picked":"SKIP","floor":35},{"not_picked":["Slice+1","Accuracy","Poisoned Stab"],"picked":"SKIP","floor":36},{"not_picked":["Prepared","Sucker Punch","Distraction+1"],"picked":"SKIP","floor":40},{"not_picked":["Dagger Spray","Bane","Prepared"],"picked":"SKIP","floor":41},{"not_picked":["Outmaneuver","Skewer","Dagger Spray+1"],"picked":"SKIP","floor":45},{"not_picked":["Deflect","Outmaneuver+1"],"picked":"Bullet Time","floor":46},{"not_picked":["Backflip","Sucker Punch","Phantasmal Killer"],"picked":"SKIP","floor":47},{"not_picked":["Bouncing Flask","Backflip","Riddle With Holes"],"picked":"SKIP","floor":48}],"player_experience":1830722,"relics_obtained":[{"floor":6,"key":"Pantograph"},{"floor":8,"key":"StoneCalendar"},{"floor":9,"key":"WingedGreaves"},{"floor":10,"key":"Lantern"},{"floor":12,"key":"Snake Skull"},{"floor":27,"key":"Strawberry"},{"floor":31,"key":"Pen Nib"},{"floor":40,"key":"Omamori"},{"floor":40,"key":"War Paint"},{"floor":41,"key":"Smiling Mask"},{"floor":41,"key":"Whetstone"},{"floor":47,"key":"Letter Opener"},{"floor":47,"key":"Oddly Smooth Stone"}],"event_choices":[{"damage_healed":0,"gold_gain":0,"player_choice":"Success","damage_taken":5,"relics_obtained":["Potion Belt"],"max_hp_gain":0,"max_hp_loss":0,"event_name":"Scrap Ooze","floor":3,"gold_loss":0},{"damage_healed":0,"gold_gain":54,"player_choice":"Gained Gold","damage_taken":0,"max_hp_gain":0,"max_hp_loss":0,"event_name":"Golden Wing","floor":5,"gold_loss":0},{"damage_healed":0,"gold_gain":200,"player_choice":"Gold","damage_taken":0,"max_hp_gain":0,"max_hp_loss":0,"event_name":"Wheel of Change","floor":20,"gold_loss":0},{"cards_removed":["Infinite Blades"],"damage_healed":31,"gold_gain":0,"player_choice":"Offered Uncommon","damage_taken":0,"max_hp_gain":0,"max_hp_loss":0,"event_name":"Bonfire Elementals","floor":22,"gold_loss":0},{"damage_healed":0,"gold_gain":0,"player_choice":"Max HP","damage_taken":0,"max_hp_gain":0,"max_hp_loss":4,"event_name":"Winding Halls","floor":37,"gold_loss":0},{"damage_healed":0,"gold_gain":0,"player_choice":"Ignored","damage_taken":0,"max_hp_gain":0,"max_hp_loss":0,"event_name":"Tomb of Lord Red Mask","floor":38,"gold_loss":0}],"is_beta":false,"boss_relics":[{"not_picked":["Ectoplasm","Velvet Choker"],"picked":"Cursed Key"},{"not_picked":["White Beast Statue","Fusion Hammer"],"picked":"Black Star"}],"items_purged_floors":[44],"is_endless":false,"potions_floor_spawned":[1,4,7,8,10,12,27,28,29,31,33,35,36,45,46],"ascension_level":20}