{"gold_per_floor":[109,122,140,140,159,188,188,203,203,203,213,213,227,302,302,404,404,421,194,206,225,225,250,250],"floor_reached":24,"playtime":5616,"items_purged":[],"score":245,"play_id":"9cab0d52-d131-45c0-a7ce-a754fca5927e","local_time":"20190507184817","is_ascension_mode":false,"campfire_choices":[{"data":"Dash","floor":7,"key":"SMITH"},{"data":"Neutralize","floor":10,"key":"SMITH"},{"floor":15,"key":"REST"}],"neow_cost":"NONE","seed_source_timestamp":0,"circlet_count":0,"master_deck":["Defend_G","Defend_G","Defend_G","Defend_G","Strike_G","Strike_G","Strike_G","Survivor","Neutralize+1","Backflip","Deadly Poison","Predator","Dash+1","Poisoned Stab","Endless Agony","Poisoned Stab","PiercingWail","Sucker Punch","After Image","Underhanded Strike+1","Apotheosis","Caltrops","PiercingWail","Endless Agony+1","Blade Dance+1"],"special_seed":0,"relics":["Ring of the Snake","Pear","Mercury Hourglass","Eternal Feather","Molten Egg 2"],"potions_floor_usage":[8,16,16],"damage_taken":[{"damage":0.0,"enemies":"Jaw Worm","floor":1.0,"turns":7.0},{"damage":13.0,"enemies":"Cultist","floor":2.0,"turns":7.0},{"damage":0.0,"enemies":"Small Slimes","floor":3.0,"turns":3.0},{"damage":0,"enemies":"3 Louse","floor":5,"turns":5},{"damage":9,"enemies":"Gremlin Nob","floor":6,"turns":4},{"damage":0,"enemies":"Red Slaver","floor":8,"turns":3},{"damage":0,"enemies":"Large Slime","floor":11,"turns":3},{"damage":0,"enemies":"3 Louse","floor":13,"turns":3},{"damage":42,"enemies":"The Guardian","floor":16,"turns":7},{"damage":1,"enemies":"Chosen","floor":18,"turns":5},{"damage":13,"enemies":"3 Byrds","floor":20,"turns":4},{"damage":6,"enemies":"Shelled Parasite and Fungi","floor":21,"turns":8},{"damage":37,"enemies":"Gremlin Leader","floor":23,"turns":8},{"damage":14,"enemies":"Cultist and Chosen","floor":24,"turns":6}],"seed_played":"-2867959233231298878","potions_obtained":[{"floor":1.0,"key":"SpeedPotion"},{"floor":3,"key":"Explosive Potion"},{"floor":5,"key":"SkillPotion"},{"floor":8,"key":"Strength Potion"},{"floor":16,"key":"Ancient Potion"},{"floor":21,"key":"AttackPotion"}],"is_trial":false,"path_per_floor":["M","M","M","?","M","E","R","M","T","R","M","?","M","?","R","B",null,"M","$","M","M","?","E","M"],"character_chosen":"THE_SILENT","items_purchased":["Apotheosis","Caltrops"],"campfire_rested":1,"item_purchase_floors":[19,19],"current_hp_per_floor":[77,64,64,64,64,65,65,65,65,65,65,58,58,47,73,31,87,86,86,73,67,67,30,16],"gold":250,"neow_bonus":"TEN_PERCENT_HP_BONUS","is_prod":false,"is_daily":false,"chose_seed":false,"campfire_upgraded":2,"win_rate":0.0,"timestamp":1557222497,"path_taken":["M","M","M","?","M","E","R","?","T","R","M","?","M","?","R","BOSS","M","$","M","M","?","E","?"],"build_version":"2019-01-23","purchased_purges":0,"victory":false,"max_hp_per_floor":[77,77,77,77,77,87,87,87,87,87,87,87,87,87,87,87,87,87,87,87,87,87,87,87],"card_choices":[{"not_picked":["Underhanded Strike","Riddle With Holes"],"picked":"Backflip","floor":1.0},{"not_picked":["Dash","Escape Plan"],"picked":"Deadly Poison","floor":2.0},{"not_picked":["Deflect","Masterful Stab"],"picked":"Predator","floor":3},{"not_picked":["Acrobatics","Blur"],"picked":"Poisoned Stab","floor":5},{"not_picked":["Tactician","Prepared"],"picked":"Endless Agony","floor":6},{"not_picked":["Wraith Form v2","Backflip"],"picked":"Poisoned Stab","floor":8},{"not_picked":["Quick Slash","Outmaneuver"],"picked":"PiercingWail","floor":11},{"not_picked":["Flying Knee","Riddle With Holes"],"picked":"Sucker Punch","floor":13},{"not_picked":["Phantasmal Killer","A Thousand Cuts"],"picked":"After Image","floor":16},{"not_picked":["Slice","Infinite Blades"],"picked":"Underhanded Strike+1","floor":18},{"not_picked":["Calculated Gamble","Escape Plan+1"],"picked":"PiercingWail","floor":20},{"not_picked":["Backflip","Poisoned Stab"],"picked":"Endless Agony+1","floor":21},{"not_picked":["Poisoned Stab","Crippling Poison"],"picked":"Blade Dance+1","floor":23}],"player_experience":62836,"relics_obtained":[{"floor":6,"key":"Pear"},{"floor":9,"key":"Mercury Hourglass"},{"floor":23,"key":"Molten Egg 2"}],"event_choices":[{"damage_healed":0,"gold_gain":0,"cards_transformed":["Defend_G"],"player_choice":"Transformed","damage_taken":0,"max_hp_gain":0,"max_hp_loss":0,"event_name":"Transmorgrifier","floor":4,"gold_loss":0,"cards_obtained":["Dash"]},{"cards_removed":["Strike_G"],"damage_healed":0,"gold_gain":0,"player_choice":"Card Removal","damage_taken":7,"max_hp_gain":0,"max_hp_loss":0,"event_name":"Golden Wing","floor":12,"gold_loss":0},{"damage_healed":0,"gold_gain":75,"player_choice":"Gather Gold","damage_taken":11,"max_hp_gain":0,"max_hp_loss":0,"event_name":"World of Goop","floor":14,"gold_loss":0},{"cards_removed":["Strike_G"],"damage_healed":0,"gold_gain":0,"player_choice":"Purged","damage_taken":0,"max_hp_gain":0,"max_hp_loss":0,"event_name":"Purifier","floor":22,"gold_loss":0}],"is_beta":false,"boss_relics":[{"not_picked":["WristBlade","Fusion Hammer"],"picked":"Eternal Feather"}],"items_purged_floors":[],"is_endless":false,"potions_floor_spawned":[1,3,5,8,16,21],"killed_by":"Cultist and Chosen","ascension_level":0}