{"gold_per_floor":[118,137,151,226,226,226,260,260,260,38,48,48,67,78,78,179,179,196,196,207,21,39,39,59,59,133,133,133,133,152,169,169,274,274,284,284,34,34,34,34,53,53,53,65,65,84,84,115,115,115],"floor_reached":51,"playtime":1638,"items_purged":["Strike_R","Strike_R+1"],"score":1022,"play_id":"60db98b7-089c-4ce6-b250-549de6eb56a0","local_time":"25611112161248","is_ascension_mode":true,"campfire_choices":[{"data":"Shrug It Off","floor":6.0,"key":"SMITH"},{"data":"Whirlwind","floor":8.0,"key":"SMITH"},{"floor":12.0,"key":"REST"},{"data":"Clothesline","floor":15.0,"key":"SMITH"},{"data":"Shockwave","floor":23.0,"key":"SMITH"},{"data":"Double Tap","floor":25.0,"key":"SMITH"},{"data":"Uppercut","floor":27.0,"key":"SMITH"},{"data":"Berserk","floor":32.0,"key":"SMITH"},{"data":"Barricade","floor":40.0,"key":"SMITH"},{"data":"Entrench","floor":42.0,"key":"SMITH"},{"data":"Battle Trance","floor":47.0,"key":"SMITH"},{"data":"Impervious","floor":49.0,"key":"SMITH"}],"neow_cost":"NONE","seed_source_timestamp":6129052369823,"circlet_count":0,"master_deck":["AscendersBane","Strike_R+1","Strike_R+1","Defend_R+1","Defend_R+1","Defend_R+1","Defend_R+1","Exhume","Rampage+1","Shrug It Off+1","Headbutt","Whirlwind+1","Clothesline+1","Double Tap+1","Metallicize+1","Pommel Strike+1","Uppercut+1","Shockwave+1","Berserk+1","Entrench+1","Seeing Red+1","Barricade+1","Pommel Strike+1","True Grit+1","Battle Trance+1","Impervious+1"],"special_seed":0,"relics":["Burning Blood","Unceasing Top","Shuriken","Lantern","Coffee Dripper","Juzu Bracelet","Pantograph","Sozu","Vajra","Mercury Hourglass","PreservedInsect"],"potions_floor_usage":[50],"damage_taken":[{"damage":11.0,"enemies":"Jaw Worm","floor":1.0,"turns":6.0},{"damage":7.0,"enemies":"Small Slimes","floor":2.0,"turns":4.0},{"damage":0.0,"enemies":"2 Louse","floor":3.0,"turns":4.0},{"damage":20.0,"enemies":"3 Sentries","floor":7.0,"turns":8.0},{"damage":11.0,"enemies":"Looter","floor":11.0,"turns":2.0},{"damage":0.0,"enemies":"Gremlin Gang","floor":13.0,"turns":2.0},{"damage":1.0,"enemies":"2 Fungi Beasts","floor":14.0,"turns":2.0},{"damage":51.0,"enemies":"The Guardian","floor":16.0,"turns":12.0},{"damage":22.0,"enemies":"Spheric Guardian","floor":18.0,"turns":4.0},{"damage":0.0,"enemies":"Shell Parasite","floor":20.0,"turns":6.0},{"damage":31.0,"enemies":"Shelled Parasite and Fungi","floor":22.0,"turns":6.0},{"damage":0.0,"enemies":"Snecko","floor":24.0,"turns":3.0},{"damage":0.0,"enemies":"Centurion and Healer","floor":30.0,"turns":3.0},{"damage":20.0,"enemies":"Sentry and Sphere","floor":31.0,"turns":6.0},{"damage":76.0,"enemies":"Automaton","floor":33.0,"turns":8.0},{"damage":14.0,"enemies":"3 Darklings","floor":35.0,"turns":4.0},{"damage":0.0,"enemies":"3 Shapes","floor":41.0,"turns":5.0},{"damage":32.0,"enemies":"Spire Growth","floor":44.0,"turns":6.0},{"damage":1.0,"enemies":"3 Darklings","floor":46.0,"turns":3.0},{"damage":21.0,"enemies":"Reptomancer","floor":48.0,"turns":4.0},{"damage":30,"enemies":"Time Eater","floor":50,"turns":9}],"seed_played":"-7352640446115762276","potions_obtained":[{"floor":1.0,"key":"SteroidPotion"},{"floor":3.0,"key":"Regen Potion"},{"floor":7.0,"key":"SkillPotion"},{"floor":14.0,"key":"EssenceOfSteel"},{"floor":18.0,"key":"EssenceOfSteel"},{"floor":30.0,"key":"SneckoOil"},{"floor":33.0,"key":"Swift Potion"}],"is_trial":false,"path_per_floor":["M","M","M","?","?","R","E","R","T","$","M","R","M","M","R","B",null,"M","?","M","$","M","R","M","R","T","R","?","?","M","M","R","B",null,"M","?","$","?","$","R","M","R","T","M","?","M","R","E","R","B",null],"character_chosen":"IRONCLAD","items_purchased":["Lantern","Uppercut","Juzu Bracelet","Vajra"],"campfire_rested":1,"item_purchase_floors":[10,21,21,37],"current_hp_per_floor":[67,66,72,61,61,61,47,47,47,47,42,66,72,77,77,32,68,52,52,58,58,33,33,48,48,48,48,80,80,80,66,66,10,63,55,55,55,55,55,55,61,61,61,35,70,70,70,55,55,46],"gold":115,"neow_bonus":"ONE_RANDOM_RARE_CARD","is_prod":false,"is_daily":false,"chose_seed":false,"campfire_upgraded":11,"win_rate":0,"timestamp":1542013968,"path_taken":["M","M","M","?","?","R","E","R","T","$","M","R","M","M","R","BOSS","M","?","M","$","M","R","M","R","T","R","?","?","M","M","R","BOSS","M","?","$","?","?","R","M","R","T","M","?","M","R","E","R","BOSS"],"build_version":"2018-11-08","purchased_purges":2,"victory":true,"max_hp_per_floor":[80,80,80,80,80,80,80,80,80,80,80,80,80,80,80,80,80,80,80,80,80,80,80,80,80,80,80,80,80,80,80,80,80,80,80,80,80,80,80,80,80,80,80,80,70,70,70,70,70,70],"card_choices":[{"not_picked":["Reckless Charge","Thunderclap"],"picked":"Rampage","floor":1.0},{"not_picked":["Inflame","Iron Wave"],"picked":"Shrug It Off","floor":2.0},{"not_picked":["Seeing Red","Shrug It Off"],"picked":"Headbutt","floor":3.0},{"not_picked":["Twin Strike","Anger"],"picked":"Whirlwind","floor":7.0},{"not_picked":["Searing Blow","Reckless Charge","Combust"],"picked":"SKIP","floor":11.0},{"not_picked":["True Grit","Havoc","Pommel Strike"],"picked":"SKIP","floor":13.0},{"not_picked":["Searing Blow","Disarm"],"picked":"Clothesline","floor":14.0},{"not_picked":["Reaper","Feed"],"picked":"Double Tap","floor":16.0},{"not_picked":["Sword Boomerang+1","Shrug It Off+1"],"picked":"Metallicize+1","floor":18.0},{"not_picked":["Searing Blow","Twin Strike"],"picked":"Pommel Strike+1","floor":20.0},{"not_picked":["True Grit","Armaments"],"picked":"Shockwave","floor":22.0},{"not_picked":["Shrug It Off","Cleave"],"picked":"Dropkick","floor":24.0},{"not_picked":["Thunderclap","Disarm"],"picked":"Seeing Red+1","floor":30.0},{"not_picked":["Feel No Pain","Blood for Blood+1","Ghostly Armor+1"],"picked":"SKIP","floor":31.0},{"not_picked":["Juggernaut","Bludgeon"],"picked":"Barricade","floor":33.0},{"not_picked":["Cleave","Flex"],"picked":"Pommel Strike+1","floor":35.0},{"not_picked":["Fire Breathing","Pummel+1"],"picked":"True Grit+1","floor":41.0},{"not_picked":["Iron Wave","Twin Strike+1"],"picked":"Battle Trance","floor":44.0},{"not_picked":["Twin Strike","Clash","Flex"],"picked":"SKIP","floor":46.0},{"not_picked":["True Grit","Sword Boomerang+1"],"picked":"Impervious","floor":48.0}],"player_experience":116264,"relics_obtained":[{"floor":7.0,"key":"Unceasing Top"},{"floor":9.0,"key":"Shuriken"},{"floor":26.0,"key":"Pantograph"},{"floor":43.0,"key":"Mercury Hourglass"},{"floor":48.0,"key":"PreservedInsect"}],"event_choices":[{"damage_healed":0.0,"max_hp_gain":0.0,"max_hp_loss":0.0,"gold_gain":75.0,"event_name":"World of Goop","player_choice":"Gather Gold","floor":4.0,"gold_loss":0.0,"damage_taken":11.0},{"damage_healed":0.0,"max_hp_gain":0.0,"max_hp_loss":0.0,"gold_gain":0.0,"event_name":"Living Wall","player_choice":"Grow","floor":5.0,"gold_loss":0.0,"damage_taken":0.0,"cards_upgraded":["Rampage"]},{"damage_healed":0.0,"max_hp_gain":0.0,"max_hp_loss":0.0,"gold_gain":0.0,"event_name":"Back to Basics","player_choice":"Simplicity","floor":19.0,"gold_loss":0.0,"damage_taken":0.0,"cards_upgraded":["Strike_R","Strike_R","Strike_R","Strike_R","Defend_R","Defend_R","Defend_R","Defend_R"]},{"cards_removed":["Dropkick"],"damage_healed":32.0,"max_hp_gain":0.0,"max_hp_loss":0.0,"gold_gain":0.0,"event_name":"Bonfire Elementals","player_choice":"Offered Uncommon","floor":28.0,"gold_loss":0.0,"damage_taken":0.0},{"damage_healed":0.0,"max_hp_gain":0.0,"max_hp_loss":0.0,"gold_gain":0.0,"cards_transformed":["Strike_R","Bash"],"event_name":"Drug Dealer","player_choice":"Became Test Subject","floor":29.0,"gold_loss":0.0,"damage_taken":0.0,"cards_obtained":["Berserk","Entrench"]},{"damage_healed":0.0,"max_hp_gain":0.0,"max_hp_loss":0.0,"gold_gain":0.0,"event_name":"Tomb of Lord Red Mask","player_choice":"Ignored","floor":36.0,"gold_loss":0.0,"damage_taken":0.0},{"damage_healed":0.0,"max_hp_gain":0.0,"max_hp_loss":0.0,"gold_gain":0.0,"event_name":"Mysterious Sphere","player_choice":"Ignored","floor":38.0,"gold_loss":0.0,"damage_taken":0.0},{"damage_healed":70.0,"max_hp_gain":0.0,"max_hp_loss":10.0,"gold_gain":0.0,"event_name":"The Moai Head","player_choice":"Heal","floor":45.0,"gold_loss":0.0,"damage_taken":0.0}],"is_beta":false,"boss_relics":[{"not_picked":["Velvet Choker","Pandora\u0027s Box"],"picked":"Coffee Dripper"},{"not_picked":["Orrery","White Beast Statue"],"picked":"Sozu"}],"items_purged_floors":[10,37],"is_endless":false,"potions_floor_spawned":[1,3,7,14,18,30,33,41,48],"ascension_level":11}