{"gold_per_floor":[119,119,119,134,19,53,53,53,53,79,106,125,125,125,125,223,223,244,0,125,125],"floor_reached":21,"playtime":1192,"items_purged":["Strike_G"],"score":416,"play_id":"ef68d012-534b-4823-8dd3-6f8f88817d6b","local_time":"20190403223941","is_ascension_mode":true,"campfire_choices":[{"data":"Neutralize","floor":8.0,"key":"SMITH"},{"data":"Predator","floor":13.0,"key":"SMITH"},{"floor":15.0,"key":"REST"}],"neow_cost":"NONE","seed_source_timestamp":580571766500,"circlet_count":0,"master_deck":["AscendersBane","Defend_G","Defend_G","Defend_G+1","Defend_G+1","Defend_G","Strike_G","Strike_G","Strike_G","Survivor","Neutralize+1","Venomology","Infinite Blades","Reflex","Predator+1","Infinite Blades","Concentrate","Backflip","Blade Dance"],"special_seed":0,"relics":["Ring of the Snake","NeowsBlessing","Dream Catcher","Ninja Scroll","Regal Pillow","Anchor","Golden Idol","WristBlade","Membership Card","Incense Burner","Bottled Lightning"],"potions_floor_usage":[21],"damage_taken":[{"damage":0.0,"enemies":"Small Slimes","floor":1.0,"turns":1.0},{"damage":0.0,"enemies":"2 Louse","floor":4.0,"turns":2.0},{"damage":0.0,"enemies":"Gremlin Nob","floor":6.0,"turns":1.0},{"damage":23.0,"enemies":"3 Sentries","floor":10.0,"turns":14.0},{"damage":0.0,"enemies":"Jaw Worm","floor":12.0,"turns":4.0},{"damage":20.0,"enemies":"The Guardian","floor":16.0,"turns":12.0},{"damage":1.0,"enemies":"2 Thieves","floor":18.0,"turns":4.0},{"damage":22.0,"enemies":"Colosseum Slavers","floor":20.0,"turns":5.0},{"damage":42.0,"enemies":"Colosseum Nobs","floor":20.0,"turns":7.0},{"damage":8,"enemies":"3 Byrds","floor":21,"turns":2}],"seed_played":"2072636258489240117","potions_obtained":[{"floor":4.0,"key":"SmokeBomb"},{"floor":10.0,"key":"Swift Potion"},{"floor":20.0,"key":"Poison Potion"}],"is_trial":false,"path_per_floor":["M","?","?","M","$","E","?","R","T","E","T","M","R","?","R","B",null,"M","$","?","M"],"character_chosen":"THE_SILENT","items_purchased":["Infinite Blades","Membership Card","Backflip"],"campfire_rested":1,"item_purchase_floors":[5,19,19],"current_hp_per_floor":[59,59,39,39,39,39,39,39,39,31,31,31,31,8,42,22,55,54,54,4,0],"gold":125,"neow_bonus":"THREE_ENEMY_KILL","is_prod":false,"is_daily":false,"chose_seed":false,"campfire_upgraded":2,"win_rate":0,"timestamp":1554302381,"path_taken":["M","?","?","M","$","E","?","R","T","E","?","?","R","?","R","BOSS","M","$","?","M"],"build_version":"2019-01-23","purchased_purges":1,"victory":false,"max_hp_per_floor":[66,66,66,66,66,66,66,66,66,66,66,66,66,66,66,66,66,66,66,66,66],"card_choices":[{"not_picked":["Sucker Punch","Deflect","Outmaneuver"],"picked":"SKIP","floor":1.0},{"not_picked":["Flying Knee","Riddle With Holes","Slice"],"picked":"SKIP","floor":4.0},{"not_picked":["Caltrops","Eviscerate"],"picked":"Reflex","floor":6.0},{"not_picked":["Riddle With Holes","Accuracy"],"picked":"Predator","floor":10.0},{"not_picked":["Sucker Punch","Flying Knee"],"picked":"Infinite Blades","floor":12.0},{"not_picked":["Quick Slash","PiercingWail"],"picked":"Concentrate","floor":15.0},{"not_picked":["PiercingWail","Distraction","Poisoned Stab"],"picked":"SKIP","floor":18.0},{"not_picked":["Crippling Poison","Flechettes"],"picked":"Blade Dance","floor":20.0}],"player_experience":2916739,"relics_obtained":[{"floor":6.0,"key":"Dream Catcher"},{"floor":9.0,"key":"Ninja Scroll"},{"floor":10.0,"key":"Regal Pillow"},{"floor":11.0,"key":"Anchor"},{"floor":20.0,"key":"Incense Burner"},{"floor":20.0,"key":"Bottled Lightning"}],"event_choices":[{"damage_healed":0.0,"max_hp_gain":0.0,"max_hp_loss":0.0,"gold_gain":0.0,"cards_transformed":["Strike_G"],"event_name":"Living Wall","player_choice":"Change","floor":2.0,"gold_loss":0.0,"damage_taken":0.0,"cards_obtained":["Venomology"]},{"damage_healed":0.0,"max_hp_gain":0.0,"max_hp_loss":0.0,"gold_gain":0.0,"event_name":"Shining Light","player_choice":"Entered Light","floor":3.0,"gold_loss":0.0,"damage_taken":20.0,"cards_upgraded":["Defend_G","Defend_G"]},{"damage_healed":0.0,"max_hp_gain":0.0,"max_hp_loss":0.0,"gold_gain":0.0,"event_name":"Dead Adventurer","player_choice":"Searched \u00270\u0027 times","floor":7.0,"gold_loss":0.0,"damage_taken":0.0},{"damage_healed":0.0,"max_hp_gain":0.0,"max_hp_loss":0.0,"gold_gain":0.0,"event_name":"Dead Adventurer","player_choice":"Searched \u00270\u0027 times","floor":7.0,"gold_loss":0.0,"damage_taken":0.0},{"damage_healed":0.0,"max_hp_gain":0.0,"max_hp_loss":0.0,"gold_gain":0.0,"event_name":"Golden Idol","player_choice":"Take Damage","floor":14.0,"gold_loss":0.0,"damage_taken":23.0,"relics_obtained":["Golden Idol"]},{"damage_healed":0.0,"max_hp_gain":0.0,"max_hp_loss":0.0,"gold_gain":0.0,"event_name":"Colosseum","player_choice":"Fight","floor":20.0,"gold_loss":0.0,"damage_taken":0.0},{"damage_healed":0.0,"max_hp_gain":0.0,"max_hp_loss":0.0,"gold_gain":0.0,"event_name":"Colosseum","player_choice":"Fought Nobs","floor":20.0,"gold_loss":0.0,"damage_taken":0.0}],"is_beta":false,"boss_relics":[{"not_picked":["Cursed Key","Fusion Hammer"],"picked":"WristBlade"}],"items_purged_floors":[5],"is_endless":false,"potions_floor_spawned":[4,6,10,20,20],"killed_by":"3 Byrds","ascension_level":20}