{"gold_per_floor":[115,115,128,403,403,436,128,128,128,128,160,170,186,33,33,131,131,145,178,195,205,305,331,341,356,356,356,387,132,132,147,147,246,246,259,274,2,224,234,234,31,66,66,78,92,104,104,121,121,121],"floor_reached":50,"playtime":3624,"items_purged":["Regret"],"score":731,"play_id":"73e38e35-0667-420d-9090-233bab2c2290","local_time":"20181029033345","is_ascension_mode":true,"campfire_choices":[{"data":"Seeing Red","floor":8.0,"key":"SMITH"},{"data":"Armaments","floor":10.0,"key":"SMITH"},{"data":"Metallicize","floor":15.0,"key":"SMITH"},{"floor":27.0,"key":"REST"},{"data":"Combust","floor":30.0,"key":"SMITH"},{"data":"Blood for Blood","floor":32.0,"key":"SMITH"},{"data":"Combust","floor":40.0,"key":"SMITH"},{"floor":47.0,"key":"REST"},{"data":"Heavy Blade","floor":49.0,"key":"SMITH"}],"neow_cost":"NONE","seed_source_timestamp":0,"circlet_count":0,"master_deck":["Strike_R","Strike_R","Strike_R","Strike_R","Strike_R","Defend_R+1","Defend_R","Defend_R+1","Bash","Seeing Red+1","Armaments+1","Shrug It Off","Ghostly Armor","Anger","Anger","Metallicize+1","Clothesline","Reaper","Combust+1","Whirlwind","Twin Strike","Shockwave+1","Thunderclap+1","Flex+1","Heavy Blade+1","Seeing Red+1","Shockwave+1","Blood for Blood+1","Shrug It Off+1","Metallicize+1","Combust+1","Blood for Blood","Flex+1","Thunderclap+1","Shrug It Off+1","Warcry","Heavy Blade+1","Anger+1","Rampage+1","Flex","Rupture+1"],"special_seed":0,"relics":["Burning Blood","NeowsBlessing","Paper Frog","Strawberry","Thread and Needle","Anchor","Omamori","Sozu","Red Mask","Prayer Wheel","Singing Bowl","Bottled Tornado","Blood Vial","Lantern","Pear","Mark of Pain","Orichalcum","Lee\u0027s Waffle","Centennial Puzzle","Frozen Egg 2"],"potions_floor_usage":[],"damage_taken":[{"damage":0.0,"enemies":"Jaw Worm","floor":1.0,"turns":1.0},{"damage":0.0,"enemies":"Small Slimes","floor":3.0,"turns":1.0},{"damage":0.0,"enemies":"Gremlin Nob","floor":6.0,"turns":1.0},{"damage":24.0,"enemies":"3 Sentries","floor":11.0,"turns":11.0},{"damage":0.0,"enemies":"2 Louse","floor":12.0,"turns":3.0},{"damage":0.0,"enemies":"Exordium Wildlife","floor":13.0,"turns":4.0},{"damage":36.0,"enemies":"The Guardian","floor":16.0,"turns":13.0},{"damage":3.0,"enemies":"Shell Parasite","floor":18.0,"turns":6.0},{"damage":11.0,"enemies":"Masked Bandits","floor":19.0,"turns":5.0},{"damage":13.0,"enemies":"Spheric Guardian","floor":20.0,"turns":5.0},{"damage":22.0,"enemies":"Snecko","floor":21.0,"turns":6.0},{"damage":4.0,"enemies":"Colosseum Slavers","floor":22.0,"turns":4.0},{"damage":32.0,"enemies":"Colosseum Nobs","floor":22.0,"turns":5.0},{"damage":26.0,"enemies":"Slavers","floor":23.0,"turns":5.0},{"damage":18.0,"enemies":"Cultist and Chosen","floor":24.0,"turns":7.0},{"damage":11.0,"enemies":"Snake Plant","floor":25.0,"turns":5.0},{"damage":12.0,"enemies":"Book of Stabbing","floor":28.0,"turns":5.0},{"damage":0.0,"enemies":"Snecko","floor":31.0,"turns":6.0},{"damage":56.0,"enemies":"Collector","floor":33.0,"turns":10.0},{"damage":39.0,"enemies":"3 Darklings","floor":35.0,"turns":5.0},{"damage":6.0,"enemies":"Orb Walker","floor":36.0,"turns":4.0},{"damage":19.0,"enemies":"Sphere and 2 Shapes","floor":39.0,"turns":5.0},{"damage":50.0,"enemies":"Nemesis","floor":42.0,"turns":9.0},{"damage":25.0,"enemies":"Spire Growth","floor":44.0,"turns":5.0},{"damage":32.0,"enemies":"Maw","floor":45.0,"turns":9.0},{"damage":11.0,"enemies":"3 Darklings","floor":46.0,"turns":4.0},{"damage":34.0,"enemies":"Jaw Worm Horde","floor":48.0,"turns":4.0},{"damage":66,"enemies":"Donu and Deca","floor":50,"turns":5}],"seed_played":"8355954143037513706","potions_obtained":[{"floor":1.0,"key":"Swift Potion"},{"floor":12.0,"key":"Fire Potion"},{"floor":13.0,"key":"AttackPotion"}],"is_trial":false,"path_per_floor":["M","?","M","?","?","E","$","R","T","R","E","M","M","$","R","B",null,"M","?","M","M","?","E","M","M","T","R","E","$","R","M","R","B",null,"M","M","$","?","M","R","$","E","T","M","M","M","R","M","R"],"character_chosen":"IRONCLAD","items_purchased":["Ghostly Armor","Strawberry","Anger","Omamori","Pear","Combust","Blood for Blood","Orichalcum","Lee\u0027s Waffle"],"campfire_rested":2,"item_purchase_floors":[7,7,7,14,29,37,37,37,41],"current_hp_per_floor":[80,73,79,79,63,69,76,76,76,76,58,64,70,70,70,40,87,87,85,78,67,61,55,51,52,52,79,82,92,92,103,103,55,105,74,78,78,78,77,77,118,74,74,61,44,41,76,64,64,0],"gold":121,"neow_bonus":"THREE_ENEMY_KILL","is_prod":false,"is_daily":false,"chose_seed":false,"campfire_upgraded":7,"win_rate":0,"timestamp":1540780425,"path_taken":["M","?","M","?","?","E","$","R","T","R","E","?","M","$","R","BOSS","M","?","M","M","?","E","M","M","T","R","E","$","R","M","R","BOSS","M","M","$","?","M","R","$","E","T","?","M","M","R","M","R","BOSS"],"build_version":"2018-10-25v2","purchased_purges":1,"victory":false,"max_hp_per_floor":[80,80,80,80,80,80,87,87,87,87,87,87,87,87,87,87,87,87,87,87,87,87,89,89,91,91,91,91,101,101,103,103,105,105,107,109,109,109,111,111,118,118,118,118,118,118,118,120,120,120],"card_choices":[{"not_picked":["Clothesline","Anger"],"picked":"Seeing Red","floor":1.0},{"not_picked":["Power Through","Feel No Pain"],"picked":"Armaments","floor":3.0},{"not_picked":["Body Slam","Reckless Charge"],"picked":"Shrug It Off","floor":6.0},{"not_picked":["True Grit","Clash"],"picked":"Anger","floor":11.0},{"not_picked":["Clothesline","Anger"],"picked":"Metallicize","floor":12.0},{"not_picked":["True Grit","Pommel Strike"],"picked":"Clothesline","floor":13.0},{"not_picked":["Berserk","Limit Break"],"picked":"Reaper","floor":16.0},{"not_picked":["Feel No Pain","True Grit"],"picked":"Combust","floor":18.0},{"not_picked":["Sentinel+1","Havoc"],"picked":"Whirlwind","floor":19.0},{"not_picked":["Armaments","Double Tap"],"picked":"Twin Strike","floor":20.0},{"not_picked":["Combust+1","Warcry"],"picked":"Shockwave+1","floor":21.0},{"not_picked":["Dual Wield","Power Through+1"],"picked":"Thunderclap+1","floor":22.0},{"not_picked":["Havoc+1","Evolve+1","Hemokinesis"],"picked":"Singing Bowl","floor":23.0},{"not_picked":["Dual Wield+1","Infernal Blade"],"picked":"Flex+1","floor":24.0},{"not_picked":["Flame Barrier+1","Second Wind+1"],"picked":"Heavy Blade","floor":24.0},{"not_picked":["Headbutt","Cleave","Ghostly Armor"],"picked":"Singing Bowl","floor":25.0},{"not_picked":["Carnage","Whirlwind+1"],"picked":"Seeing Red+1","floor":25.0},{"not_picked":["Sword Boomerang+1","Berserk"],"picked":"Shockwave+1","floor":28.0},{"not_picked":["Havoc","Thunderclap","Pommel Strike"],"picked":"Singing Bowl","floor":31.0},{"not_picked":["Iron Wave","Wild Strike+1"],"picked":"Blood for Blood","floor":31.0},{"not_picked":["Exhume","Offering","Bludgeon"],"picked":"Singing Bowl","floor":33.0},{"not_picked":["Anger","Shrug It Off+1","Bloodletting"],"picked":"Singing Bowl","floor":35.0},{"not_picked":["Corruption+1","Havoc+1"],"picked":"Shrug It Off+1","floor":35.0},{"not_picked":["Body Slam+1","Clash"],"picked":"Metallicize+1","floor":36.0},{"not_picked":["Thunderclap","Body Slam","Fiend Fire"],"picked":"Singing Bowl","floor":36.0},{"not_picked":["Body Slam","Evolve","Reckless Charge+1"],"picked":"Singing Bowl","floor":39.0},{"not_picked":["True Grit+1","Whirlwind"],"picked":"Flex+1","floor":39.0},{"not_picked":["Burning Pact","Flex"],"picked":"Thunderclap+1","floor":42.0},{"not_picked":["Reckless Charge+1","Iron Wave+1"],"picked":"Shrug It Off+1","floor":44.0},{"not_picked":["Entrench","Perfected Strike"],"picked":"Warcry","floor":44.0},{"not_picked":["Sword Boomerang+1","Clash"],"picked":"Heavy Blade+1","floor":45.0},{"not_picked":["Headbutt","Pommel Strike+1"],"picked":"Anger+1","floor":45.0},{"not_picked":["Thunderclap+1","Clothesline+1"],"picked":"Rampage+1","floor":46.0},{"not_picked":["Berserk+1","Perfected Strike+1"],"picked":"Flex","floor":46.0},{"not_picked":["Corruption+1","Perfected Strike","Pommel Strike"],"picked":"Singing Bowl","floor":48.0},{"not_picked":["Havoc","True Grit"],"picked":"Rupture+1","floor":48.0}],"player_experience":202476,"relics_obtained":[{"floor":6.0,"key":"Paper Frog"},{"floor":9.0,"key":"Thread and Needle"},{"floor":11.0,"key":"Anchor"},{"floor":19.0,"key":"Red Mask"},{"floor":22.0,"key":"Prayer Wheel"},{"floor":22.0,"key":"Singing Bowl"},{"floor":23.0,"key":"Bottled Tornado"},{"floor":26.0,"key":"Blood Vial"},{"floor":28.0,"key":"Lantern"},{"floor":42.0,"key":"Centennial Puzzle"},{"floor":43.0,"key":"Frozen Egg 2"}],"event_choices":[{"cards_removed":["Defend_R"],"damage_healed":0.0,"max_hp_gain":0.0,"max_hp_loss":0.0,"gold_gain":0.0,"event_name":"Golden Wing","player_choice":"Card Removal","floor":2.0,"gold_loss":0.0,"damage_taken":7.0},{"damage_healed":0.0,"max_hp_gain":0.0,"max_hp_loss":0.0,"gold_gain":275.0,"event_name":"Golden Shrine","player_choice":"Desecrate","floor":4.0,"gold_loss":0.0,"damage_taken":0.0,"cards_obtained":["Regret"]},{"damage_healed":0.0,"max_hp_gain":0.0,"max_hp_loss":0.0,"gold_gain":0.0,"event_name":"Shining Light","player_choice":"Entered Light","floor":5.0,"gold_loss":0.0,"damage_taken":16.0,"cards_upgraded":["Defend_R","Defend_R"]},{"damage_healed":0.0,"max_hp_gain":0.0,"max_hp_loss":0.0,"gold_gain":0.0,"event_name":"Masked Bandits","player_choice":"Fought Bandits","floor":19.0,"gold_loss":0.0,"damage_taken":0.0},{"damage_healed":0.0,"max_hp_gain":0.0,"max_hp_loss":0.0,"gold_gain":0.0,"event_name":"Colosseum","player_choice":"Fight","floor":22.0,"gold_loss":0.0,"damage_taken":0.0},{"damage_healed":0.0,"max_hp_gain":0.0,"max_hp_loss":0.0,"gold_gain":0.0,"event_name":"Colosseum","player_choice":"Fought Nobs","floor":22.0,"gold_loss":0.0,"damage_taken":0.0},{"damage_healed":0.0,"max_hp_gain":0.0,"max_hp_loss":0.0,"gold_gain":222.0,"event_name":"Tomb of Lord Red Mask","player_choice":"Wore Mask","floor":38.0,"gold_loss":0.0,"damage_taken":0.0}],"is_beta":true,"boss_relics":[{"not_picked":["Busted Crown","Orrery"],"picked":"Sozu"},{"not_picked":["Black Blood","Tiny House"],"picked":"Mark of Pain"}],"items_purged_floors":[7],"is_endless":false,"potions_floor_spawned":[1,12,13,21,22,24,28,33,35,44,45,46],"killed_by":"Donu and Deca","ascension_level":3}