{"gold_per_floor":[117,134,146,165,179,179,209,209,209,209,81,81,100,126,126,205,205,205,231,231,241,241,241,272,272,272,299,7,7,7],"floor_reached":30,"playtime":1180,"items_purged":["Strike_R"],"score":459,"play_id":"9d6fbc29-8aa0-4f43-a1ac-ea2c587802c3","local_time":"20190418193452","is_ascension_mode":true,"campfire_choices":[{"data":"Rampage","floor":6.0,"key":"SMITH"},{"data":"Spot Weakness","floor":8.0,"key":"SMITH"},{"floor":12.0,"key":"REST"},{"data":"Disarm","floor":15.0,"key":"SMITH"},{"floor":23.0,"key":"REST"},{"floor":25.0,"key":"REST"}],"neow_cost":"NONE","seed_source_timestamp":0,"circlet_count":0,"master_deck":["AscendersBane","Strike_R","Strike_R","Strike_R","Strike_R+1","Defend_R","Defend_R","Defend_R","Defend_R","Bash","Iron Wave","Cleave+1","Rampage+1","Spot Weakness+1","Battle Trance","Shrug It Off","Disarm+1","Offering","Body Slam","True Grit","Limit Break+1","Armaments+1"],"special_seed":0,"relics":["Burning Blood","NeowsBlessing","Happy Flower","Paper Frog","Sundial","Velvet Choker","Red Mask","Omamori","Toxic Egg 2","Whetstone","Pantograph"],"potions_floor_usage":[],"damage_taken":[{"damage":0.0,"enemies":"2 Louse","floor":1.0,"turns":1.0},{"damage":0.0,"enemies":"Small Slimes","floor":2.0,"turns":1.0},{"damage":0.0,"enemies":"Jaw Worm","floor":3.0,"turns":1.0},{"damage":19.0,"enemies":"Exordium Thugs","floor":4.0,"turns":5.0},{"damage":7.0,"enemies":"2 Fungi Beasts","floor":5.0,"turns":3.0},{"damage":25.0,"enemies":"3 Sentries","floor":7.0,"turns":5.0},{"damage":6.0,"enemies":"Looter","floor":13.0,"turns":2.0},{"damage":23.0,"enemies":"Lagavulin","floor":14.0,"turns":6.0},{"damage":50.0,"enemies":"Slime Boss","floor":16.0,"turns":9.0},{"damage":0.0,"enemies":"Spheric Guardian","floor":18.0,"turns":3.0},{"damage":33.0,"enemies":"Masked Bandits","floor":19.0,"turns":4.0},{"damage":12.0,"enemies":"3 Byrds","floor":21.0,"turns":6.0},{"damage":0.0,"enemies":"3 Cultists","floor":22.0,"turns":1.0},{"damage":45.0,"enemies":"Book of Stabbing","floor":24.0,"turns":6.0},{"damage":41.0,"enemies":"Slavers","floor":27.0,"turns":6.0},{"damage":7,"enemies":"Snake Plant","floor":30,"turns":1}],"seed_played":"8232438109862635199","potions_obtained":[{"floor":2.0,"key":"LiquidBronze"},{"floor":4.0,"key":"PowerPotion"},{"floor":5.0,"key":"SmokeBomb"},{"floor":13.0,"key":"Fire Potion"},{"floor":21.0,"key":"SmokeBomb"},{"floor":24.0,"key":"Swift Potion"}],"is_trial":false,"path_per_floor":["M","M","M","M","M","R","E","R","T","?","$","R","M","E","R","B",null,"M","?","?","M","M","R","E","R","T","E","$","?","M"],"character_chosen":"IRONCLAD","items_purchased":["Shrug It Off","Pantograph","Armaments+1"],"campfire_rested":3,"item_purchase_floors":[11,28,28],"current_hp_per_floor":[78,80,80,67,66,66,47,47,47,47,47,71,71,54,54,10,63,69,42,33,27,33,57,18,42,42,7,7,7,0],"gold":7,"neow_bonus":"THREE_ENEMY_KILL","is_prod":false,"is_daily":false,"chose_seed":false,"campfire_upgraded":3,"win_rate":0,"timestamp":1555605292,"path_taken":["M","M","M","M","M","R","E","R","T","?","$","R","M","E","R","BOSS","M","?","?","M","M","R","E","R","T","E","$","?","M"],"build_version":"2019-01-23","purchased_purges":1,"victory":false,"max_hp_per_floor":[80,80,80,80,80,80,80,80,80,80,80,80,80,80,80,80,80,80,80,80,80,80,80,80,80,80,80,80,80,80],"card_choices":[{"not_picked":["Perfected Strike","Havoc"],"picked":"Iron Wave","floor":1.0},{"not_picked":["Warcry","Pommel Strike"],"picked":"Cleave","floor":2.0},{"not_picked":["Flex","Clothesline"],"picked":"Rampage","floor":3.0},{"not_picked":["Seeing Red","Uppercut"],"picked":"Spot Weakness","floor":4.0},{"not_picked":["Anger","Sentinel","Hemokinesis"],"picked":"SKIP","floor":5.0},{"not_picked":["Pommel Strike","Intimidate"],"picked":"Battle Trance","floor":7.0},{"not_picked":["Fire Breathing","Uppercut"],"picked":"Disarm","floor":13.0},{"not_picked":["Flex","Clothesline","Exhume"],"picked":"SKIP","floor":14.0},{"not_picked":["Brutality","Bludgeon"],"picked":"Offering","floor":16.0},{"not_picked":["Wild Strike","Thunderclap"],"picked":"Body Slam","floor":19.0},{"not_picked":["Blood for Blood","Sever Soul","Rampage"],"picked":"SKIP","floor":21.0},{"not_picked":["Perfected Strike","Thunderclap"],"picked":"True Grit","floor":24.0},{"not_picked":["Rampage","Spot Weakness+1"],"picked":"Limit Break+1","floor":27.0}],"player_experience":297240,"relics_obtained":[{"floor":7.0,"key":"Happy Flower"},{"floor":9.0,"key":"Paper Frog"},{"floor":14.0,"key":"Sundial"},{"floor":19.0,"key":"Red Mask"},{"floor":24.0,"key":"Omamori"},{"floor":26.0,"key":"Toxic Egg 2"},{"floor":27.0,"key":"Whetstone"}],"event_choices":[{"damage_healed":0.0,"max_hp_gain":0.0,"max_hp_loss":0.0,"gold_gain":0.0,"event_name":"Dead Adventurer","player_choice":"Searched \u00270\u0027 times","floor":10.0,"gold_loss":0.0,"damage_taken":0.0},{"damage_healed":0.0,"max_hp_gain":0.0,"max_hp_loss":0.0,"gold_gain":0.0,"event_name":"Masked Bandits","player_choice":"Fought Bandits","floor":19.0,"gold_loss":0.0,"damage_taken":0.0},{"damage_healed":0.0,"max_hp_gain":0.0,"max_hp_loss":0.0,"gold_gain":0.0,"event_name":"Cursed Tome","player_choice":"Stopped","floor":20.0,"gold_loss":0.0,"damage_taken":9.0},{"damage_healed":0,"gold_gain":0,"player_choice":"Smashed Altar","damage_taken":0,"max_hp_gain":0,"max_hp_loss":0,"event_name":"Forgotten Altar","floor":29,"gold_loss":0,"cards_obtained":["Decay"]}],"is_beta":false,"boss_relics":[{"not_picked":["Sozu","Black Blood"],"picked":"Velvet Choker"}],"items_purged_floors":[11],"is_endless":false,"potions_floor_spawned":[2,4,5,13,18,21,24],"killed_by":"Snake Plant","ascension_level":13}