{"gold_per_floor":[361,373,392,392,410,410,442,442,442,462,482,513,513,527,527,599,599,599,273,273,228,228,228,228,228,228,228],"floor_reached":27,"playtime":1117,"items_purged":["Strike_B"],"score":425,"play_id":"7cc29cd6-8d62-40d2-a2d5-673606f56629","local_time":"20190218213439","is_ascension_mode":true,"campfire_choices":[{"data":"Zap","floor":6.0,"key":"SMITH"},{"data":"Fission","floor":13.0,"key":"SMITH"},{"data":"Fusion","floor":15.0,"key":"SMITH"},{"floor":23.0,"key":"REST"}],"neow_cost":"TEN_PERCENT_HP_LOSS","seed_source_timestamp":0,"circlet_count":0,"master_deck":["AscendersBane","Strike_B","Strike_B","Strike_B","Defend_B","Defend_B","Defend_B","Defend_B","Zap+1","Dualcast","Compile Driver","Compile Driver","Undo","Ball Lightning","Glacier+1","Fission+1","Coolheaded","FTL","Fusion+1","Core Surge","Cold Snap+1","Leap+1","White Noise+1"],"special_seed":0,"relics":["Cracked Core","Bag of Marbles","Pear","Question Card","Bottled Flame","Ectoplasm","Toxic Egg 2","Darkstone Periapt","FaceOfCleric","Ornamental Fan","Ancient Tea Set"],"potions_floor_usage":[],"damage_taken":[{"damage":0.0,"enemies":"2 Louse","floor":1.0,"turns":2.0},{"damage":2.0,"enemies":"Jaw Worm","floor":2.0,"turns":3.0},{"damage":1.0,"enemies":"Cultist","floor":3.0,"turns":3.0},{"damage":8.0,"enemies":"Blue Slaver","floor":5.0,"turns":3.0},{"damage":12.0,"enemies":"Lagavulin","floor":7.0,"turns":7.0},{"damage":5.0,"enemies":"Lots of Slimes","floor":10.0,"turns":4.0},{"damage":1.0,"enemies":"Red Slaver","floor":11.0,"turns":3.0},{"damage":9.0,"enemies":"3 Sentries","floor":12.0,"turns":8.0},{"damage":0.0,"enemies":"Blue Slaver","floor":14.0,"turns":2.0},{"damage":9.0,"enemies":"The Guardian","floor":16.0,"turns":15.0},{"damage":1.0,"enemies":"Shell Parasite","floor":18.0,"turns":3.0},{"damage":17.0,"enemies":"2 Thieves","floor":21.0,"turns":3.0},{"damage":57,"enemies":"Gremlin Leader","floor":25,"turns":11},{"damage":9,"enemies":"Centurion and Healer","floor":27,"turns":1}],"seed_played":"-1529960430561271018","potions_obtained":[{"floor":5.0,"key":"PowerPotion"},{"floor":12.0,"key":"Poison Potion"},{"floor":14.0,"key":"SneckoOil"},{"floor":25,"key":"FearPotion"}],"is_trial":false,"path_per_floor":["M","M","M","?","M","R","E","?","T","M","M","E","R","M","R","B",null,"M","$","?","M","?","R","?","E","T","M"],"character_chosen":"DEFECT","items_purchased":["Toxic Egg 2"],"campfire_rested":1,"item_purchase_floors":[19],"current_hp_per_floor":[64,62,61,43,35,35,33,33,33,28,27,18,18,18,18,9,58,57,57,57,40,40,62,62,6,6,0],"gold":228,"neow_bonus":"TWO_FIFTY_GOLD","is_prod":false,"is_daily":false,"chose_seed":false,"campfire_upgraded":3,"win_rate":0,"timestamp":1550554479,"path_taken":["M","M","M","?","M","R","E","?","T","M","?","E","R","M","R","BOSS","M","$","?","?","?","R","?","E","T","?"],"build_version":"2019-01-23","purchased_purges":1,"victory":false,"max_hp_per_floor":[64,64,64,64,64,64,74,74,74,74,74,74,74,74,74,74,74,74,74,74,74,74,74,74,75,75,75],"card_choices":[{"not_picked":["Hologram","Rebound"],"picked":"Compile Driver","floor":1.0},{"not_picked":["Turbo","Stack"],"picked":"Compile Driver","floor":2.0},{"not_picked":["Stack","Rip and Tear"],"picked":"Undo","floor":3.0},{"not_picked":["Coolheaded","Compile Driver"],"picked":"Ball Lightning","floor":5.0},{"not_picked":["BootSequence","Leap"],"picked":"Glacier","floor":7.0},{"not_picked":["Self Repair","Stack","Compile Driver"],"picked":"Fission","floor":10.0},{"not_picked":["Go for the Eyes","Undo","Streamline"],"picked":"Coolheaded","floor":11.0},{"not_picked":["Coolheaded","Beam Cell","Double Energy"],"picked":"FTL","floor":12.0},{"not_picked":["Turbo","Compile Driver","Reprogram"],"picked":"Fusion","floor":14.0},{"not_picked":["Machine Learning","Seek","Multi-Cast"],"picked":"Core Surge","floor":16.0},{"not_picked":["Conserve Battery","Sweeping Beam","Rebound"],"picked":"Cold Snap+1","floor":18.0},{"not_picked":["Ball Lightning","Fusion+1","Blizzard"],"picked":"Leap+1","floor":21.0},{"not_picked":["Meteor Strike","Steam+1","Reprogram+1"],"picked":"White Noise+1","floor":25}],"player_experience":2221844,"relics_obtained":[{"floor":7.0,"key":"Pear"},{"floor":9.0,"key":"Question Card"},{"floor":12.0,"key":"Bottled Flame"},{"floor":25,"key":"Ornamental Fan"},{"floor":26,"key":"Ancient Tea Set"}],"event_choices":[{"damage_healed":0.0,"max_hp_gain":0.0,"max_hp_loss":0.0,"gold_gain":0.0,"event_name":"Scrap Ooze","player_choice":"Success","floor":4.0,"gold_loss":0.0,"damage_taken":18.0,"relics_obtained":["Bag of Marbles"]},{"damage_healed":0.0,"max_hp_gain":0.0,"max_hp_loss":0.0,"gold_gain":0.0,"event_name":"Upgrade Shrine","player_choice":"Upgraded","floor":8.0,"gold_loss":0.0,"damage_taken":0.0,"cards_upgraded":["Glacier"]},{"damage_healed":0.0,"max_hp_gain":0.0,"max_hp_loss":0.0,"gold_gain":0.0,"event_name":"WeMeetAgain","player_choice":"Gave Potion","floor":20.0,"gold_loss":0.0,"damage_taken":0.0,"relics_obtained":["Darkstone Periapt"]},{"damage_healed":0.0,"max_hp_gain":0.0,"max_hp_loss":0.0,"gold_gain":0.0,"event_name":"Cursed Tome","player_choice":"Ignored","floor":22.0,"gold_loss":0.0,"damage_taken":0.0},{"damage_healed":0.0,"max_hp_gain":0.0,"max_hp_loss":0.0,"gold_gain":0.0,"event_name":"FaceTrader","player_choice":"Trade","floor":24.0,"gold_loss":0.0,"damage_taken":0.0,"relics_obtained":["FaceOfCleric"]}],"is_beta":false,"boss_relics":[{"not_picked":["Snecko Eye","Orrery"],"picked":"Ectoplasm"}],"items_purged_floors":[19],"is_endless":false,"potions_floor_spawned":[5,12,14,25],"killed_by":"Centurion and Healer","ascension_level":15}