{"gold_per_floor":[212,212,212,224,243,243,269,283,358,385,385,403,437,457,457,530,530,512,546,556,45,115,115,128,162,162,176,176,71,86,24,24,103,103,115,115,134,134,150,177,189,189,236,252,269,269,282,57,57,57],"floor_reached":51,"playtime":3040,"items_purged":["Strike_G"],"score":1403,"play_id":"b8498217-fdbb-46e9-8e16-d21977517815","local_time":"20181010222220","is_ascension_mode":true,"campfire_choices":[{"data":"Neutralize","floor":6.0,"key":"SMITH"},{"floor":11.0,"key":"REST"},{"data":"Noxious Fumes","floor":15.0,"key":"SMITH"},{"floor":23.0,"key":"REST"},{"floor":28.0,"key":"REST"},{"floor":32.0,"key":"REST"},{"floor":42,"key":"REST"},{"data":"Catalyst","floor":46,"key":"SMITH"},{"floor":49,"key":"REST"}],"neow_cost":"NONE","seed_source_timestamp":0,"circlet_count":0,"master_deck":["Defend_G+1","Defend_G","Defend_G","Defend_G+1","Defend_G","Strike_G+1","Survivor","Neutralize+1","AscendersBane","Deflect","Dagger Spray","Terror","Dagger Spray","Leg Sweep+1","Noxious Fumes+1","Blur","Cloak And Dagger","Glass Knife","Bane+1","Flechettes+1","Distraction+1","Deflect","Noxious Fumes+1","Footwork+1","Leg Sweep+1","Acrobatics","Catalyst+1","Footwork+1","Wraith Form v2+1","PiercingWail+1","Caltrops+1","Corpse Explosion","Backflip+1","Blur","Concentrate+1","Dodge and Roll","Blur","Escape Plan"],"special_seed":0,"relics":["Ring of the Snake","StoneCalendar","The Courier","Oddly Smooth Stone","War Paint","Astrolabe","Red Mask","Question Card","Frozen Egg 2","Blue Candle","Gremlin Horn","Tough Bandages","Runic Pyramid","Gambling Chip","Bag of Preparation","Potion Belt"],"potions_floor_usage":[40,50,50,50,50],"damage_taken":[{"damage":0.0,"enemies":"Small Slimes","floor":1.0,"turns":5.0},{"damage":0.0,"enemies":"2 Louse","floor":4.0,"turns":4.0},{"damage":2.0,"enemies":"Jaw Worm","floor":5.0,"turns":4.0},{"damage":12.0,"enemies":"Gremlin Nob","floor":7.0,"turns":4.0},{"damage":4.0,"enemies":"3 Louse","floor":8.0,"turns":2.0},{"damage":8.0,"enemies":"Lagavulin","floor":10.0,"turns":7.0},{"damage":3.0,"enemies":"Blue Slaver","floor":12.0,"turns":4.0},{"damage":5.0,"enemies":"3 Sentries","floor":13.0,"turns":7.0},{"damage":0.0,"enemies":"2 Fungi Beasts","floor":14.0,"turns":2.0},{"damage":8.0,"enemies":"Slime Boss","floor":16.0,"turns":8.0},{"damage":10.0,"enemies":"2 Thieves","floor":18.0,"turns":4.0},{"damage":23.0,"enemies":"Masked Bandits","floor":19.0,"turns":6.0},{"damage":13.0,"enemies":"Chosen","floor":20.0,"turns":5.0},{"damage":13.0,"enemies":"Shelled Parasite and Fungi","floor":24.0,"turns":7.0},{"damage":0.0,"enemies":"Gremlin Leader","floor":25.0,"turns":7.0},{"damage":4.0,"enemies":"Centurion and Healer","floor":27.0,"turns":5.0},{"damage":7.0,"enemies":"Snake Plant","floor":29.0,"turns":5.0},{"damage":9.0,"enemies":"Snake Plant","floor":30.0,"turns":6.0},{"damage":26.0,"enemies":"Champ","floor":33.0,"turns":14.0},{"damage":19.0,"enemies":"3 Darklings","floor":35.0,"turns":7.0},{"damage":0.0,"enemies":"Mind Bloom Boss Battle","floor":36.0,"turns":7.0},{"damage":0.0,"enemies":"Orb Walker","floor":37.0,"turns":3.0},{"damage":9,"enemies":"Reptomancer","floor":39,"turns":7},{"damage":2,"enemies":"Nemesis","floor":40,"turns":9},{"damage":0,"enemies":"Maw","floor":41,"turns":9},{"damage":0,"enemies":"4 Shapes","floor":44,"turns":5},{"damage":0,"enemies":"Sphere and 2 Shapes","floor":45,"turns":6},{"damage":0,"enemies":"Reptomancer","floor":47,"turns":7},{"damage":0,"enemies":"Donu and Deca","floor":50,"turns":8}],"seed_played":"-5986877462021558959","potions_obtained":[{"floor":1.0,"key":"FearPotion"},{"floor":8.0,"key":"Energy Potion"},{"floor":10.0,"key":"LiquidBronze"},{"floor":14.0,"key":"Swift Potion"},{"floor":16.0,"key":"GamblersBrew"},{"floor":19.0,"key":"Swift Potion"},{"floor":24.0,"key":"SteroidPotion"},{"floor":25.0,"key":"Energy Potion"},{"floor":35.0,"key":"SkillPotion"},{"floor":36.0,"key":"SkillPotion"},{"floor":40,"key":"SkillPotion"},{"floor":45,"key":"AttackPotion"}],"is_trial":false,"path_per_floor":["M","?","?","M","M","R","E","M","T","E","R","M","E","M","R","B",null,"M","?","M","$","T","R","M","E","T","M","R","$","M","$","R","B",null,"M","?","M","?","M","E","M","R","T","M","M","R","M","$","R","B"],"character_chosen":"THE_SILENT","items_purchased":["Question Card","Frozen Egg 2","Noxious Fumes+1","Footwork+1","Footwork+1","Energy Potion","Regen Potion","Energy Potion","Blur","PowerPotion","Escape Plan"],"campfire_rested":6,"item_purchase_floors":[21,21,21,21,29,29,31,48,48,48,48],"current_hp_per_floor":[59,39,39,39,37,37,25,21,21,13,32,29,24,24,24,16,54,44,21,8,8,8,27,14,14,14,10,29,22,13,13,32,21,55,36,36,36,36,27,25,25,44,44,44,44,44,44,44,63,63],"gold":57,"neow_bonus":"HUNDRED_GOLD","is_prod":false,"is_daily":false,"chose_seed":false,"campfire_upgraded":3,"win_rate":0,"timestamp":1539235340,"path_taken":["M","?","?","M","M","R","E","M","T","E","R","?","E","M","R","BOSS","M","?","M","$","?","R","M","E","T","M","R","?","M","$","R","BOSS","M","?","?","?","M","E","M","R","T","?","M","R","M","$","R","BOSS"],"build_version":"2018-10-04v2","purchased_purges":1,"victory":true,"max_hp_per_floor":[66,66,66,66,66,66,66,66,66,66,66,66,66,66,66,66,66,66,66,66,66,66,66,66,66,66,66,66,66,66,66,66,66,66,66,66,66,66,66,66,66,66,66,66,66,66,66,66,66,66],"card_choices":[{"not_picked":["Bouncing Flask","Quick Slash"],"picked":"Deflect","floor":1.0},{"not_picked":["Blade Dance","Prepared"],"picked":"Dagger Spray","floor":4.0},{"not_picked":["Deadly Poison","Underhanded Strike"],"picked":"Terror","floor":5.0},{"not_picked":["Poisoned Stab","Heel Hook"],"picked":"Dagger Spray","floor":7.0},{"not_picked":["Underhanded Strike","Dagger Throw"],"picked":"Leg Sweep","floor":8.0},{"not_picked":["A Thousand Cuts","Poisoned Stab"],"picked":"Noxious Fumes","floor":10.0},{"not_picked":["Catalyst","Slice","Eviscerate"],"picked":"SKIP","floor":12.0},{"not_picked":["Poisoned Stab","Predator"],"picked":"Blur","floor":13.0},{"not_picked":["Venomology","Poisoned Stab"],"picked":"Cloak And Dagger","floor":14.0},{"not_picked":["Phantasmal Killer","Grand Finale"],"picked":"Glass Knife","floor":16.0},{"not_picked":["Sucker Punch","Endless Agony"],"picked":"Deflect","floor":18.0},{"not_picked":["Deflect","Quick Slash","Skewer"],"picked":"SKIP","floor":20.0},{"not_picked":["Prepared+1","Night Terror","Cloak And Dagger"],"picked":"Leg Sweep+1","floor":24.0},{"not_picked":["Bane","Quick Slash","Phantasmal Killer"],"picked":"Acrobatics","floor":25.0},{"not_picked":["Leg Sweep","Deadly Poison","Terror+1"],"picked":"Catalyst","floor":27.0},{"not_picked":["Poisoned Stab+1","Underhanded Strike+1","Deflect","Sucker Punch"],"picked":"SKIP","floor":30.0},{"not_picked":["Envenom+1","Doppelganger","Glass Knife"],"picked":"Wraith Form v2+1","floor":33.0},{"not_picked":["Sucker Punch","Bane","Caltrops+1"],"picked":"PiercingWail+1","floor":35.0},{"not_picked":["Blade Dance","Quick Slash","Slice"],"picked":"Caltrops+1","floor":36.0},{"not_picked":["Masterful Stab+1","Blade Dance","Endless Agony"],"picked":"Corpse Explosion","floor":37.0},{"not_picked":["Setup","Flying Knee+1","Dagger Throw","PiercingWail"],"picked":"SKIP","floor":39},{"not_picked":["Dagger Spray","Outmaneuver","Slice"],"picked":"Backflip+1","floor":40},{"not_picked":["Sucker Punch","Blade Dance+1","Deadly Poison+1"],"picked":"Blur","floor":41},{"not_picked":["Deadly Poison+1","Catalyst+1","Skewer"],"picked":"Concentrate+1","floor":44},{"not_picked":["Endless Agony","Caltrops+1","Underhanded Strike","Glass Knife"],"picked":"SKIP","floor":45},{"not_picked":["Crippling Poison","Backstab","Dash"],"picked":"Dodge and Roll","floor":47}],"player_experience":1320576,"relics_obtained":[{"floor":7.0,"key":"StoneCalendar"},{"floor":9.0,"key":"The Courier"},{"floor":10.0,"key":"Oddly Smooth Stone"},{"floor":13.0,"key":"War Paint"},{"floor":19.0,"key":"Red Mask"},{"floor":22.0,"key":"Blue Candle"},{"floor":25.0,"key":"Gremlin Horn"},{"floor":26.0,"key":"Tough Bandages"},{"floor":36.0,"key":"Gambling Chip"},{"floor":40,"key":"Bag of Preparation"},{"floor":43,"key":"Potion Belt"}],"event_choices":[{"event_name":"Shining Light","player_choice":"Entered Light","floor":2.0,"damage_taken":0.0},{"event_name":"Liars Game","player_choice":"disagreed","floor":3.0,"damage_taken":0.0},{"event_name":"Masked Bandits","player_choice":"Fought Bandits","floor":19.0,"damage_taken":0.0},{"event_name":"MindBloom","player_choice":"Fight","floor":36.0,"damage_taken":0.0},{"event_name":"SensoryStone","player_choice":"Memory 1","floor":38.0,"damage_taken":0.0}],"is_beta":false,"boss_relics":[{"not_picked":["Orrery","Black Star"],"picked":"Astrolabe"},{"not_picked":["Snecko Eye","Lizard Tail"],"picked":"Runic Pyramid"}],"items_purged_floors":[48],"is_endless":false,"potions_floor_spawned":[1,8,10,12,14,16,19,24,25,29,35,36,40,41,45],"ascension_level":15}