{"gold_per_floor":[111,111,125,125,41,69,69,86,86,214,232,232,244,287,299,311],"floor_reached":16,"playtime":470,"items_purged":[],"score":286,"play_id":"f63f1155-b40e-490f-b080-0b7730629a29","local_time":"25620120173442","is_ascension_mode":true,"campfire_choices":[{"data":"Juggernaut","floor":7,"key":"SMITH"},{"floor":15,"key":"REST"}],"neow_cost":"NONE","seed_source_timestamp":22556318391726,"circlet_count":0,"master_deck":["AscendersBane","Strike_R","Strike_R","Strike_R","Strike_R","Strike_R","Defend_R","Defend_R","Defend_R","Defend_R","Bash","ReplayTheSpireMod:Muscle Training","Feel No Pain","infinitespire:OneForAll","Juggernaut+1","Armaments","ReplayTheSpireMod:Limb From Limb","ReplayTheSpireMod:Stacked","Heavy Blade"],"relics":["Burning Blood","NeowsBlessing","Dream Catcher","Omamori","Centennial Puzzle","hubris:ToyBattleship","hubris:IronBody","MawBank","hubris:MysteriousPyramids","WingedGreaves","Vajra"],"potions_floor_usage":[8,11],"damage_taken":[{"damage":0,"enemies":"Cultist","floor":1,"turns":1},{"damage":0,"enemies":"Small Slimes","floor":3,"turns":1},{"damage":0,"enemies":"3 Sentries","floor":6,"turns":2},{"damage":2,"enemies":"Jaw Worm","floor":8,"turns":3},{"damage":61,"enemies":"Gremlin Nob","floor":10,"turns":6},{"damage":13,"enemies":"Looter","floor":11,"turns":5},{"damage":10,"enemies":"Lagavulin","floor":14,"turns":5},{"damage":30,"enemies":"Hexaghost","floor":16,"turns":9}],"seed_played":"-757277039974459822","potions_obtained":[{"floor":1,"key":"GamblersBrew"},{"floor":3,"key":"Block Potion"},{"floor":6,"key":"Dexterity Potion"}],"is_trial":false,"path_per_floor":["M","?","M","?","$","E","R","M","T","E","M","T","?","E","R","B"],"character_chosen":"IRONCLAD","items_purchased":["infinitespire:OneForAll"],"campfire_rested":1,"item_purchase_floors":[5],"current_hp_per_floor":[74,74,75,64,64,70,70,74,74,19,12,12,12,8,30,0],"gold":311,"neow_bonus":"THREE_ENEMY_KILL","is_prod":false,"is_daily":false,"chose_seed":false,"campfire_upgraded":1,"win_rate":0,"timestamp":1547980482,"path_taken":["M","?","M","?","?","E","R","M","T","E","?","?","?","E","R","BOSS"],"build_version":"2019-01-17v2","purchased_purges":0,"victory":false,"max_hp_per_floor":[75,75,75,75,75,75,75,75,75,75,75,75,75,75,75,75],"card_choices":[{"not_picked":["Sword Boomerang","Headbutt"],"picked":"ReplayTheSpireMod:Muscle Training","floor":1},{"not_picked":["Entrench","Cleave"],"picked":"Feel No Pain","floor":3},{"not_picked":["Perfected Strike","Cleave"],"picked":"Juggernaut","floor":6},{"not_picked":["Rampage","Body Slam"],"picked":"Bloodletting","floor":8},{"not_picked":["ReplayTheSpireMod:Corrosion Curse","Cleave"],"picked":"Armaments","floor":10},{"not_picked":["Thunderclap","Brutality"],"picked":"ReplayTheSpireMod:Limb From Limb","floor":11},{"not_picked":["Anger","Iron Wave"],"picked":"ReplayTheSpireMod:Stacked","floor":14},{"not_picked":["Thunderclap","Perfected Strike"],"picked":"Heavy Blade","floor":15}],"player_experience":253616,"relics_obtained":[{"floor":2,"key":"Dream Catcher"},{"floor":6,"key":"Centennial Puzzle"},{"floor":9,"key":"hubris:ToyBattleship"},{"floor":10,"key":"hubris:IronBody"},{"floor":12,"key":"MawBank"},{"floor":14,"key":"WingedGreaves"}],"event_choices":[{"damage_healed":0,"gold_gain":0,"player_choice":"Success","damage_taken":11,"relics_obtained":["Omamori"],"max_hp_gain":0,"max_hp_loss":0,"event_name":"Scrap Ooze","floor":4,"gold_loss":0},{"cards_removed":["Bloodletting"],"damage_healed":0,"gold_gain":0,"player_choice":"Gave Card","damage_taken":0,"relics_obtained":["hubris:MysteriousPyramids"],"max_hp_gain":0,"max_hp_loss":0,"event_name":"WeMeetAgain","floor":13,"gold_loss":0}],"is_beta":false,"boss_relics":[],"items_purged_floors":[],"is_endless":false,"potions_floor_spawned":[1,3,6],"killed_by":"Hexaghost","ascension_level":20}