{"gold_per_floor":[111,111,126,201,51,79,79,79,133,133,151,151,151,184,184,285,285,301,319,66,66,66,66,66,66,66,98,98,109,109,109],"floor_reached":31,"playtime":714,"items_purged":["Strike_R"],"score":359,"play_id":"b03d41dd-9367-45fe-8dbd-4ed13b6a8a77","local_time":"25610725003125","is_ascension_mode":true,"campfire_choices":[{"floor":10,"key":"REST"},{"data":"Armaments","floor":12,"key":"SMITH"},{"floor":15,"key":"REST"},{"data":"Shockwave","floor":23,"key":"SMITH"},{"floor":25,"key":"REST"},{"floor":30,"key":"REST"}],"neow_cost":"NONE","seed_source_timestamp":46236833433288,"circlet_count":0,"master_deck":["Strike_R","Strike_R","Defend_R","Defend_R","Defend_R","Defend_R","Bash","Perfected Strike","Clothesline","Shockwave+1","Dropkick","Armaments+1","Rampage","Ghostly Armor+1","Fiend Fire+1","Rupture+1","Anger+1","Flame Barrier"],"relics":["Sozu","Pen Nib","Vajra","Tiny Chest","Strawberry","Astrolabe","Pear","Enchiridion","Matryoshka","Letter Opener","CultistMask"],"potions_floor_usage":[],"damage_taken":[{"damage":9,"enemies":"Jaw Worm","floor":1,"turns":3},{"damage":5,"enemies":"2 Louse","floor":3,"turns":2},{"damage":13,"enemies":"3 Sentries","floor":6,"turns":6},{"damage":0,"enemies":"Small Slimes","floor":11,"turns":2},{"damage":15,"enemies":"Lagavulin","floor":14,"turns":4},{"damage":39,"enemies":"Hexaghost","floor":16,"turns":7},{"damage":19,"enemies":"Spheric Guardian","floor":18,"turns":4},{"damage":13,"enemies":"Shell Parasite","floor":19,"turns":5},{"damage":19,"enemies":"Book of Stabbing","floor":27,"turns":5},{"damage":25,"enemies":"Snake Plant","floor":29,"turns":4},{"damage":51,"enemies":"Slavers","floor":31,"turns":5}],"seed_played":"1168130343627394878","potions_obtained":[],"is_trial":false,"path_per_floor":["M","?","M","?","$","E","$","T","T","R","M","R","?","E","R","B",null,"M","M","$","?","?","R","$","R","T","E","?","M","R"],"character_chosen":"IRONCLAD","items_purchased":["Shockwave","Pear"],"campfire_rested":4,"item_purchase_floors":[5,20],"current_hp_per_floor":[63,63,58,47,47,34,34,34,34,58,58,58,58,50,76,37,75,56,43,53,53,37,37,37,66,66,47,47,22,51,0],"gold":109,"neow_bonus":"BOSS_RELIC","is_prod":false,"is_daily":false,"chose_seed":false,"campfire_upgraded":2,"win_rate":0,"timestamp":1532453485,"path_taken":["M","?","M","?","?","E","$","?","T","R","?","R","?","E","R","BOSS","M","M","$","?","?","R","?","R","T","E","?","?","R","E"],"build_version":"2018-07-19v2","purchased_purges":1,"victory":false,"max_hp_per_floor":[80,80,80,80,80,80,80,80,80,80,80,80,80,87,87,87,87,87,87,97,97,97,97,97,97,97,97,97,97,97,97],"card_choices":[{"not_picked":["Havoc","Pummel"],"picked":"Perfected Strike","floor":1},{"not_picked":["Cleave","Iron Wave"],"picked":"Clothesline","floor":3},{"not_picked":["Juggernaut","Warcry"],"picked":"Dropkick","floor":6},{"not_picked":["Second Wind","Headbutt"],"picked":"Armaments","floor":11},{"not_picked":["Thunderclap","Wild Strike"],"picked":"Rampage","floor":14},{"not_picked":["Limit Break","Exhume"],"picked":"Barricade","floor":16},{"not_picked":["Pommel Strike","Twin Strike+1","Clothesline"],"picked":"SKIP","floor":18},{"not_picked":["Twin Strike","Carnage","Dropkick"],"picked":"SKIP","floor":19},{"not_picked":["Clothesline+1","Metallicize"],"picked":"Anger+1","floor":27},{"not_picked":["Combust+1","Dark Embrace"],"picked":"Flame Barrier","floor":29}],"player_experience":134981,"relics_obtained":[{"floor":6,"key":"Pen Nib"},{"floor":8,"key":"Vajra"},{"floor":9,"key":"Tiny Chest"},{"floor":14,"key":"Strawberry"},{"floor":22,"key":"Enchiridion"},{"floor":26,"key":"Matryoshka"},{"floor":27,"key":"Letter Opener"}],"event_choices":[{"event_name":"Golden Wing","player_choice":"Ignored","floor":2,"damage_taken":0},{"event_name":"World of Goop","player_choice":"Gather Gold","floor":4,"damage_taken":0},{"event_name":"Liars Game","player_choice":"disagreed","floor":13,"damage_taken":0},{"event_name":"Ghosts","player_choice":"Ignored","floor":21,"damage_taken":0},{"event_name":"Cursed Tome","player_choice":"Obtained Book","floor":22,"damage_taken":0},{"event_name":"FaceTrader","player_choice":"Trade","floor":28,"damage_taken":0}],"is_beta":false,"boss_relics":[{"not_picked":["Runic Pyramid","Philosopher\u0027s Stone"],"picked":"Astrolabe"}],"items_purged_floors":[5],"is_endless":false,"potions_floor_spawned":[3,11,16,19],"killed_by":"Slavers","ascension_level":6}