{"gold_per_floor":[17,37,55,71,71,101,101,117,170,170,182,208,208,237,237,341,391,404,404,149,163,174,203,203,234,261,261,261,276,290,490,490,490],"floor_reached":33,"playtime":3635,"items_purged":["Strike_R"],"score":338,"play_id":"318cf224-0cd6-43af-9408-ec9c1e5d5124","local_time":"20190121201127","is_ascension_mode":true,"campfire_choices":[{"data":"Iron Wave","floor":7,"key":"SMITH"},{"floor":10,"key":"RECALL"},{"data":"Bloodletting","floor":13,"key":"SMITH"},{"data":"Infernal Blade","floor":15,"key":"SMITH"},{"data":"Limit Break","floor":24,"key":"SMITH"},{"floor":27,"key":"REST"},{"floor":32,"key":"REST"}],"neow_cost":"NO_GOLD","seed_source_timestamp":4778869034529,"circlet_count":0,"master_deck":["Strike_R","Strike_R","Strike_R","Strike_R","Defend_R","Defend_R","Defend_R+1","Defend_R","Bash","Good Instincts","Blind","Metallicize","Pommel Strike","Iron Wave+1","Entrench+1","Spot Weakness","Body Slam","Clash","Bloodletting+1","Infernal Blade+1","Limit Break+1","Havoc","Armaments+1","Shrug It Off","Warcry","Clash","True Grit+1","Flex","Necronomicurse","Clash+1"],"relics":["Burning Blood","Charon\u0027s Ashes","Bronze Scales","Paper Frog","Blood Vial","Tiny House","Vajra","Darkstone Periapt","PreservedInsect","Pen Nib","Necronomicon"],"potions_floor_usage":[11,16,23,25,25,29],"damage_taken":[{"damage":1,"enemies":"Small Slimes","floor":1,"turns":3},{"damage":0,"enemies":"Jaw Worm","floor":2,"turns":6},{"damage":1,"enemies":"Cultist","floor":3,"turns":3},{"damage":5,"enemies":"Blue Slaver","floor":4,"turns":5},{"damage":24,"enemies":"Lagavulin","floor":6,"turns":9},{"damage":6,"enemies":"2 Fungi Beasts","floor":8,"turns":4},{"damage":13,"enemies":"Exordium Thugs","floor":11,"turns":4},{"damage":12,"enemies":"3 Sentries","floor":12,"turns":7},{"damage":11,"enemies":"Gremlin Nob","floor":14,"turns":4},{"damage":15,"enemies":"Hexaghost","floor":16,"turns":9},{"damage":7,"enemies":"Chosen","floor":18,"turns":4},{"damage":14,"enemies":"Shell Parasite","floor":21,"turns":5},{"damage":16,"enemies":"Snake Plant","floor":22,"turns":2},{"damage":36,"enemies":"Book of Stabbing","floor":23,"turns":6},{"damage":48,"enemies":"Gremlin Leader","floor":25,"turns":8},{"damage":10,"enemies":"Cultist and Chosen","floor":29,"turns":7},{"damage":17,"enemies":"Snecko","floor":30,"turns":5},{"damage":65,"enemies":"Automaton","floor":33,"turns":6}],"seed_played":"-402770226890237079","potions_obtained":[{"floor":2,"key":"SkillPotion"},{"floor":6,"key":"BloodPotion"},{"floor":8,"key":"Swift Potion"},{"floor":12,"key":"Ancient Potion"},{"floor":17,"key":"SpeedPotion"},{"floor":22,"key":"SkillPotion"},{"floor":25,"key":"Dexterity Potion"},{"floor":30,"key":"FearPotion"}],"is_trial":false,"path_per_floor":["M","M","M","M","?","E","R","M","T","R","M","E","R","E","R","B",null,"M","?","$","M","M","E","R","E","T","R","?","M","M","?","R","B"],"character_chosen":"IRONCLAD","items_purchased":["Warcry","Vajra"],"campfire_rested":2,"item_purchase_floors":[20,20],"current_hp_per_floor":[80,80,80,80,80,62,62,62,62,62,55,49,49,44,44,37,85,84,84,84,77,69,41,41,9,9,34,24,22,13,13,40,0],"gold":490,"neow_bonus":"RANDOM_COLORLESS_2","is_prod":false,"is_daily":false,"chose_seed":false,"campfire_upgraded":4,"win_rate":0,"timestamp":1548108687,"path_taken":["M","M","M","M","?","E","R","M","T","R","M","E","R","E","R","BOSS","M","?","?","?","M","E","R","E","T","R","?","M","M","?","R","BOSS"],"build_version":"2019-01-17v2","purchased_purges":1,"victory":false,"max_hp_per_floor":[80,80,80,80,80,80,80,80,80,80,80,80,80,80,80,80,85,85,85,85,85,85,85,85,85,85,85,91,91,91,91,91,91],"card_choices":[{"not_picked":["Heavy Blade","Iron Wave"],"picked":"Metallicize","floor":1},{"not_picked":["Clash","Disarm"],"picked":"Pommel Strike","floor":2},{"not_picked":["Flex","Havoc"],"picked":"Iron Wave","floor":3},{"not_picked":["Heavy Blade","Intimidate"],"picked":"Entrench","floor":4},{"not_picked":["Rage","Warcry"],"picked":"Spot Weakness","floor":6},{"not_picked":["Sword Boomerang","Heavy Blade"],"picked":"Body Slam","floor":8},{"not_picked":["Cleave","Entrench"],"picked":"Clash","floor":11},{"not_picked":["Brutality","Iron Wave"],"picked":"Bloodletting","floor":12},{"not_picked":["Seeing Red","Entrench"],"picked":"Infernal Blade","floor":14},{"not_picked":["Fiend Fire","Berserk"],"picked":"Limit Break","floor":16},{"not_picked":["Whirlwind","Warcry"],"picked":"Havoc","floor":17},{"not_picked":["Corruption","Hemokinesis"],"picked":"Armaments+1","floor":18},{"not_picked":["Bloodletting","Clothesline"],"picked":"Clash","floor":21},{"not_picked":["Iron Wave","Burning Pact"],"picked":"True Grit+1","floor":22},{"not_picked":["Entrench","True Grit","Heavy Blade"],"picked":"SKIP","floor":23},{"not_picked":["Intimidate","True Grit"],"picked":"Flex","floor":25},{"not_picked":["True Grit","Rupture","Flex"],"picked":"SKIP","floor":29},{"not_picked":["Clothesline","Headbutt"],"picked":"Clash+1","floor":30}],"player_experience":107601,"relics_obtained":[{"floor":6,"key":"Charon\u0027s Ashes"},{"floor":9,"key":"Bronze Scales"},{"floor":12,"key":"Paper Frog"},{"floor":14,"key":"Blood Vial"},{"floor":23,"key":"Darkstone Periapt"},{"floor":25,"key":"PreservedInsect"},{"floor":26,"key":"Pen Nib"},{"floor":28,"key":"Necronomicon"}],"event_choices":[{"damage_healed":0,"gold_gain":0,"player_choice":"Grow","damage_taken":0,"max_hp_gain":0,"max_hp_loss":0,"event_name":"Living Wall","floor":5,"gold_loss":0,"cards_upgraded":["Entrench"]},{"damage_healed":0,"gold_gain":0,"player_choice":"Read","damage_taken":0,"max_hp_gain":0,"max_hp_loss":0,"event_name":"The Library","floor":19,"gold_loss":0,"cards_obtained":["Shrug It Off"]},{"damage_healed":0,"gold_gain":0,"player_choice":"Obtained Book","damage_taken":16,"max_hp_gain":0,"max_hp_loss":0,"event_name":"Cursed Tome","floor":28,"gold_loss":0},{"damage_healed":0,"gold_gain":250,"player_choice":"Bet on Owner","damage_taken":0,"max_hp_gain":0,"max_hp_loss":0,"event_name":"The Joust","floor":31,"gold_loss":50}],"is_beta":false,"boss_relics":[{"not_picked":["Snecko Eye","Coffee Dripper"],"picked":"Tiny House"}],"items_purged_floors":[20],"is_endless":false,"potions_floor_spawned":[2,6,8,12,22,25,30],"killed_by":"Automaton","ascension_level":2}