{"gold_per_floor":[113,38,38,58,70,97,113,124,124,124,134,163,186,236,236,236],"floor_reached":16,"playtime":555,"items_purged":["Parasite"],"score":221,"play_id":"2b88246a-c7ae-4027-b203-0f34fee75227","local_time":"25611123193553","is_ascension_mode":true,"campfire_choices":[{"floor":10,"key":"REST"},{"data":"Wild Strike","floor":15,"key":"SMITH"}],"neow_cost":"CURSE","seed_source_timestamp":14667121518747,"circlet_count":0,"master_deck":["AscendersBane","Strike_R","Strike_R","Strike_R","Strike_R","Defend_R","Defend_R","Defend_R","Defend_R","Bash","Wild Strike","True Grit","Evolve","Clash","Wild Strike+1","Cleave","Body Slam"],"relics":["Burning Blood","Pear","Shuriken","Prayer Wheel","Lantern"],"potions_floor_usage":[6,11,12],"damage_taken":[{"damage":9,"enemies":"2 Louse","floor":1,"turns":3},{"damage":6,"enemies":"Cultist","floor":4,"turns":3},{"damage":7,"enemies":"Small Slimes","floor":5,"turns":3},{"damage":50,"enemies":"Lagavulin","floor":6,"turns":8},{"damage":13,"enemies":"Red Slaver","floor":7,"turns":4},{"damage":7,"enemies":"Looter","floor":8,"turns":4},{"damage":5,"enemies":"2 Fungi Beasts","floor":11,"turns":3},{"damage":21,"enemies":"3 Sentries","floor":12,"turns":8},{"damage":40,"enemies":"Hexaghost","floor":16,"turns":9}],"seed_played":"8453446288830759698","potions_obtained":[{"floor":5,"key":"EssenceOfSteel"},{"floor":7,"key":"Swift Potion"},{"floor":8,"key":"Swift Potion"}],"is_trial":false,"path_per_floor":["M","$","?","M","M","E","M","M","T","R","M","E","T","?","R","B"],"character_chosen":"IRONCLAD","items_purchased":[],"campfire_rested":1,"item_purchase_floors":[],"current_hp_per_floor":[79,79,79,79,78,44,37,36,36,64,65,50,50,50,50,10],"gold":236,"neow_bonus":"TWENTY_PERCENT_HP_BONUS","is_prod":false,"is_daily":false,"chose_seed":false,"campfire_upgraded":1,"win_rate":0,"timestamp":1542976553,"path_taken":["M","$","?","M","M","E","?","M","T","R","M","E","?","?","R","BOSS"],"build_version":"2018-11-15","purchased_purges":1,"victory":false,"max_hp_per_floor":[89,86,86,86,86,96,96,96,96,96,96,96,96,96,96,96],"card_choices":[{"not_picked":["Havoc","Pommel Strike"],"picked":"Wild Strike","floor":1},{"not_picked":["Flex","Warcry","Twin Strike"],"picked":"SKIP","floor":4},{"not_picked":["Headbutt","Clash"],"picked":"Evolve","floor":5},{"not_picked":["Cleave","Iron Wave"],"picked":"Clash","floor":6},{"not_picked":["Double Tap","Whirlwind"],"picked":"Wild Strike","floor":7},{"not_picked":["Inflame","Dropkick"],"picked":"Cleave","floor":8},{"not_picked":["Carnage","Searing Blow","Sentinel"],"picked":"SKIP","floor":11},{"not_picked":["Hemokinesis","Pummel"],"picked":"Body Slam","floor":12}],"player_experience":172163,"relics_obtained":[{"floor":6,"key":"Pear"},{"floor":9,"key":"Shuriken"},{"floor":12,"key":"Prayer Wheel"},{"floor":13,"key":"Lantern"}],"event_choices":[{"damage_healed":0,"gold_gain":0,"cards_transformed":["Strike_R"],"player_choice":"Transformed","damage_taken":0,"max_hp_gain":0,"max_hp_loss":0,"event_name":"Transmorgrifier","floor":3,"gold_loss":0,"cards_obtained":["True Grit"]},{"damage_healed":0,"gold_gain":50,"player_choice":"Pray","damage_taken":0,"max_hp_gain":0,"max_hp_loss":0,"event_name":"Golden Shrine","floor":14,"gold_loss":0}],"is_beta":false,"boss_relics":[],"items_purged_floors":[2],"is_endless":false,"potions_floor_spawned":[5,7,8],"killed_by":"Hexaghost","ascension_level":15}