{"gold_per_floor":[116,116,127,127,146,146,71,71,147,147,177,26,38,65,65,139,139,154,165,165,65,81,81,97,132,182,182,210,210,224,224],"floor_reached":31,"playtime":1520,"items_purged":["Strike_G","Strike_G"],"score":566,"play_id":"1eebcc80-3d46-4dbc-8e80-4e731564b8c0","local_time":"20181215233448","is_ascension_mode":true,"campfire_choices":[{"data":"Endless Agony","floor":6.0,"key":"SMITH"},{"data":"Poisoned Stab","floor":8.0,"key":"SMITH"},{"data":"Neutralize","floor":10.0,"key":"SMITH"},{"data":"Reflex","floor":15.0,"key":"SMITH"},{"data":"Acrobatics","floor":23.0,"key":"SMITH"},{"floor":27.0,"key":"REST"}],"neow_cost":"NONE","seed_source_timestamp":23504528284838,"circlet_count":0,"master_deck":["AscendersBane","Defend_G","Defend_G","Defend_G","Defend_G","Defend_G","Strike_G","Strike_G","Survivor","Neutralize+1","Poisoned Stab+1","Backflip","Endless Agony+1","Acrobatics+1","Heel Hook+1","Reflex+1","After Image","Dash+1","Well Laid Plans","Escape Plan","Expertise","Burst","Prepared"],"special_seed":0,"relics":["Ring of the Snake","NeowsBlessing","Shuriken","Ice Cream","Ancient Tea Set","Runic Dome","Incense Burner","Art of War","Nloth\u0027s Gift"],"potions_floor_usage":[],"damage_taken":[{"damage":0.0,"enemies":"Cultist","floor":1.0,"turns":1.0},{"damage":0.0,"enemies":"Jaw Worm","floor":3.0,"turns":1.0},{"damage":0.0,"enemies":"Small Slimes","floor":5.0,"turns":1.0},{"damage":31.0,"enemies":"Lagavulin","floor":11.0,"turns":8.0},{"damage":0.0,"enemies":"Blue Slaver","floor":13.0,"turns":2.0},{"damage":4.0,"enemies":"Gremlin Nob","floor":14.0,"turns":3.0},{"damage":17.0,"enemies":"Slime Boss","floor":16.0,"turns":8.0},{"damage":13.0,"enemies":"2 Thieves","floor":18.0,"turns":4.0},{"damage":0.0,"enemies":"Chosen","floor":19.0,"turns":4.0},{"damage":7.0,"enemies":"Centurion and Healer","floor":22.0,"turns":7.0},{"damage":1.0,"enemies":"Shelled Parasite and Fungi","floor":24.0,"turns":4.0},{"damage":29.0,"enemies":"Slavers","floor":25.0,"turns":8.0},{"damage":13.0,"enemies":"Book of Stabbing","floor":28.0,"turns":5.0},{"damage":0.0,"enemies":"Snecko","floor":30.0,"turns":6.0},{"damage":3,"enemies":"Colosseum Slavers","floor":31,"turns":4},{"damage":11,"enemies":"Colosseum Nobs","floor":31,"turns":2}],"seed_played":"8099269079675394333","potions_obtained":[{"floor":11.0,"key":"LiquidBronze"},{"floor":14.0,"key":"Fire Potion"},{"floor":16.0,"key":"Weak Potion"},{"floor":18.0,"key":"SteroidPotion"}],"is_trial":false,"path_per_floor":["M","?","M","T","M","R","?","R","T","R","E","$","M","E","R","B",null,"M","M","$","$","M","R","M","E","T","R","E","?","M","?"],"character_chosen":"THE_SILENT","items_purchased":["Heel Hook+1"],"campfire_rested":1,"item_purchase_floors":[12],"current_hp_per_floor":[59,64,64,64,64,64,64,64,64,64,33,33,33,29,29,12,56,43,43,43,43,36,36,35,6,6,27,14,14,14,0],"gold":224,"neow_bonus":"THREE_ENEMY_KILL","is_prod":false,"is_daily":false,"chose_seed":false,"campfire_upgraded":5,"win_rate":0,"timestamp":1544888088,"path_taken":["M","?","M","?","M","R","?","R","T","R","E","?","M","E","R","BOSS","M","M","?","$","M","R","M","E","T","R","E","?","?","?"],"build_version":"2018-12-13","purchased_purges":2,"victory":false,"max_hp_per_floor":[66,71,71,71,71,71,71,71,71,71,71,71,71,71,71,71,71,71,71,71,71,71,71,71,71,71,71,71,71,71,71],"card_choices":[{"not_picked":["Flying Knee","Prepared"],"picked":"Poisoned Stab","floor":1.0},{"not_picked":["Sucker Punch","Backflip","Acrobatics"],"picked":"SKIP","floor":3.0},{"not_picked":["Sucker Punch","Acrobatics"],"picked":"Backflip","floor":3.0},{"not_picked":["Deadly Poison","Accuracy"],"picked":"Endless Agony","floor":5.0},{"not_picked":["Dagger Spray+1","Backflip"],"picked":"Acrobatics","floor":11.0},{"not_picked":["Prepared","PiercingWail","Deflect"],"picked":"SKIP","floor":13.0},{"not_picked":["Choke+1","Die Die Die+1"],"picked":"Reflex","floor":14.0},{"not_picked":["Venomology","Burst"],"picked":"After Image","floor":16.0},{"not_picked":["Sucker Punch+1","Dagger Spray+1"],"picked":"Dash+1","floor":18.0},{"not_picked":["Outmaneuver","Noxious Fumes"],"picked":"Well Laid Plans","floor":19.0},{"not_picked":["Poisoned Stab+1","Slice+1","Prepared"],"picked":"SKIP","floor":22.0},{"not_picked":["Leg Sweep","Blade Dance"],"picked":"Escape Plan","floor":24.0},{"not_picked":["Well Laid Plans","Dagger Throw+1"],"picked":"Expertise","floor":25.0},{"not_picked":["Catalyst+1","Bane+1"],"picked":"Burst","floor":28.0},{"not_picked":["Masterful Stab","Dodge and Roll"],"picked":"Prepared","floor":30.0}],"player_experience":2398230,"relics_obtained":[{"floor":4.0,"key":"Shuriken"},{"floor":9.0,"key":"Molten Egg 2"},{"floor":11.0,"key":"Ice Cream"},{"floor":14.0,"key":"Ancient Tea Set"},{"floor":25.0,"key":"Incense Burner"},{"floor":28.0,"key":"Art of War"}],"event_choices":[{"damage_healed":0.0,"max_hp_gain":5.0,"max_hp_loss":0.0,"gold_gain":0.0,"event_name":"Big Fish","player_choice":"Donut","floor":2.0,"gold_loss":0.0,"damage_taken":0.0},{"cards_removed":["Strike_G"],"damage_healed":0.0,"max_hp_gain":0.0,"max_hp_loss":0.0,"gold_gain":0.0,"event_name":"The Cleric","player_choice":"Card Removal","floor":7.0,"gold_loss":75.0,"damage_taken":0.0},{"damage_healed":0.0,"max_hp_gain":0.0,"max_hp_loss":0.0,"gold_gain":0.0,"event_name":"N\u0027loth","player_choice":"Traded Relic","floor":29.0,"relics_lost":["Molten Egg 2"],"gold_loss":0.0,"damage_taken":0.0,"relics_obtained":["Nloth\u0027s Gift"]},{"damage_healed":0,"gold_gain":0,"player_choice":"Fight","damage_taken":0,"max_hp_gain":0,"max_hp_loss":0,"event_name":"Colosseum","floor":31,"gold_loss":0},{"damage_healed":0,"gold_gain":0,"player_choice":"Fought Nobs","damage_taken":0,"max_hp_gain":0,"max_hp_loss":0,"event_name":"Colosseum","floor":31,"gold_loss":0}],"is_beta":false,"boss_relics":[{"not_picked":["Runic Pyramid","Snecko Eye"],"picked":"Runic Dome"}],"items_purged_floors":[12,21],"is_endless":false,"potions_floor_spawned":[11,14,16,18,22,31],"killed_by":"Colosseum Nobs","ascension_level":20}