{"gold_per_floor":[12,12,24,24,40,40,72,90,90,107,126,126,152,167,167,246,246,259,259,6,6,21,21,35,35,35,45,74,89,35,35,35,110,110,123,139,156,167,167,193,93,93,93,193,227,227,242,272,272,272,272,272,272,100,129,129],"floor_reached":57,"playtime":4745,"items_purged":["Regret","Strike_B"],"score":3248,"play_id":"ff51c76f-2a85-4393-8d71-e2d5c5f234dd","local_time":"20190103191321","is_ascension_mode":true,"campfire_choices":[{"data":"Darkness","floor":6.0,"key":"SMITH"},{"floor":15.0,"key":"REST"},{"floor":23.0,"key":"REST"},{"floor":25.0,"key":"REST"},{"data":"Apotheosis","floor":32.0,"key":"SMITH"},{"data":"Strike_B","floor":46.0,"key":"PURGE"},{"floor":49.0,"key":"RECALL"},{"data":"Strike_B","floor":53.0,"key":"PURGE"}],"neow_cost":"NO_GOLD","seed_source_timestamp":3424405038666,"circlet_count":0,"master_deck":["AscendersBane","Defend_B","Defend_B","Defend_B","Defend_B","Zap","Dualcast","Skim","Turbo","Darkness+1","Hyperbeam","Hologram","Steam","Auto Shields","Conserve Battery","Rainbow","Clumsy","Doubt","Apotheosis+1","Capacitor","Glacier","Fission","Seek","Coolheaded+1","Parasite","Double Energy","Writhe","Core Surge","Magnetism","Violence","Heatsinks","Loop","Leap+1","Reinforced Body"],"special_seed":0,"relics":["Cracked Core","Nunchaku","Dead Branch","Torii","Peace Pipe","Bird Faced Urn","Calling Bell","Art of War","Pantograph","Ice Cream","Nilry\u0027s Codex","Bottled Lightning","Dodecahedron","Bag of Marbles","Sozu","Du-Vu Doll","Pocketwatch","Prayer Wheel","Ancient Tea Set","DataDisk","Sundial"],"potions_floor_usage":[56],"damage_taken":[{"damage":0.0,"enemies":"Small Slimes","floor":1.0,"turns":3.0},{"damage":2.0,"enemies":"Jaw Worm","floor":3.0,"turns":3.0},{"damage":2.0,"enemies":"2 Louse","floor":5.0,"turns":2.0},{"damage":11.0,"enemies":"Gremlin Nob","floor":7.0,"turns":3.0},{"damage":0.0,"enemies":"Exordium Wildlife","floor":8.0,"turns":3.0},{"damage":0.0,"enemies":"Gremlin Gang","floor":10.0,"turns":1.0},{"damage":13.0,"enemies":"Large Slime","floor":11.0,"turns":4.0},{"damage":0.0,"enemies":"Lagavulin","floor":13.0,"turns":4.0},{"damage":0.0,"enemies":"Looter","floor":14.0,"turns":2.0},{"damage":12.0,"enemies":"The Guardian","floor":16.0,"turns":13.0},{"damage":19.0,"enemies":"Shell Parasite","floor":18.0,"turns":6.0},{"damage":10.0,"enemies":"2 Thieves","floor":22.0,"turns":4.0},{"damage":8.0,"enemies":"Snake Plant","floor":24.0,"turns":4.0},{"damage":13.0,"enemies":"Centurion and Healer","floor":27.0,"turns":18.0},{"damage":22.0,"enemies":"Slavers","floor":28.0,"turns":7.0},{"damage":9.0,"enemies":"Sentry and Sphere","floor":29.0,"turns":7.0},{"damage":61.0,"enemies":"Collector","floor":33.0,"turns":12.0},{"damage":0.0,"enemies":"Orb Walker","floor":35.0,"turns":2.0},{"damage":20.0,"enemies":"3 Darklings","floor":36.0,"turns":8.0},{"damage":27.0,"enemies":"Maw","floor":37.0,"turns":9.0},{"damage":2.0,"enemies":"Writhing Mass","floor":38.0,"turns":7.0},{"damage":18.0,"enemies":"Nemesis","floor":40.0,"turns":7.0},{"damage":0.0,"enemies":"Mind Bloom Boss Battle","floor":44.0,"turns":4.0},{"damage":0.0,"enemies":"Reptomancer","floor":45.0,"turns":5.0},{"damage":0.0,"enemies":"Transient","floor":47.0,"turns":6.0},{"damage":0.0,"enemies":"Giant Head","floor":48.0,"turns":5.0},{"damage":0.0,"enemies":"Awakened One","floor":50.0,"turns":15.0},{"damage":0.0,"enemies":"Donu and Deca","floor":51.0,"turns":7.0},{"damage":31,"enemies":"Shield and Spear","floor":55,"turns":7},{"damage":65,"enemies":"The Heart","floor":56,"turns":12}],"seed_played":"7940896024197247778","potions_obtained":[{"floor":1.0,"key":"Ancient Potion"},{"floor":11.0,"key":"GamblersBrew"},{"floor":13.0,"key":"SteroidPotion"},{"floor":24.0,"key":"Poison Potion"},{"floor":27.0,"key":"FearPotion"}],"is_trial":false,"path_per_floor":["M","?","M","?","M","R","E","M","T","M","M","?","E","M","R","B",null,"M","?","$","?","M","R","M","R","T","M","E","M","$","T","R","B",null,"M","M","M","M","?","E","$","?","T","?","E","R","M","E","R","B","B",null,"R","$","E","B",null],"character_chosen":"DEFECT","items_purchased":["Apotheosis","PowerPotion","DataDisk"],"campfire_rested":3,"item_purchase_floors":[20,30,54],"current_hp_per_floor":[64,38,36,29,27,27,16,16,16,16,3,3,3,3,24,12,56,39,18,18,18,8,29,23,44,44,71,63,66,66,66,66,34,62,64,54,35,51,65,59,59,54,54,71,71,71,71,71,71,71,71,71,71,71,52,46],"gold":129,"neow_bonus":"ONE_RARE_RELIC","is_prod":false,"is_daily":false,"chose_seed":false,"campfire_upgraded":2,"win_rate":0,"timestamp":1546514001,"path_taken":["M","?","M","?","M","R","E","M","T","M","M","?","E","M","R","BOSS","M","?","$","?","M","R","M","R","T","M","E","M","$","?","R","BOSS","M","M","M","?","?","E","$","?","T","?","E","R","M","E","R","BOSS","BOSS","R","$","E","BOSS"],"build_version":"2019-01-02","purchased_purges":2,"victory":true,"max_hp_per_floor":[71,71,71,71,71,71,71,71,71,71,71,71,71,71,71,71,71,71,71,71,71,71,71,71,71,71,71,71,71,71,71,71,71,71,71,71,71,71,71,71,71,71,71,71,71,71,71,71,71,71,71,71,71,71,71,71],"card_choices":[{"not_picked":["Hello World","Gash"],"picked":"Skim","floor":1.0},{"not_picked":["Leap","Hello World"],"picked":"Turbo","floor":3.0},{"not_picked":["Cold Snap","Gash"],"picked":"Darkness","floor":5.0},{"not_picked":["Rip and Tear","Stack"],"picked":"Hyperbeam","floor":7.0},{"not_picked":["Sweeping Beam","Conserve Battery"],"picked":"Hologram","floor":8.0},{"not_picked":["Steam Power","Streamline","Sunder"],"picked":"SKIP","floor":10.0},{"not_picked":["Stack","Fusion"],"picked":"Steam","floor":11.0},{"not_picked":["Blizzard","Hello World"],"picked":"Auto Shields","floor":13.0},{"not_picked":["Fusion","Compile Driver"],"picked":"Conserve Battery","floor":14.0},{"not_picked":["Multi-Cast","Hyperbeam"],"picked":"Rainbow","floor":16.0},{"not_picked":["Streamline","Ball Lightning","Conserve Battery"],"picked":"SKIP","floor":18.0},{"not_picked":["Hologram","Barrage","Compile Driver"],"picked":"SKIP","floor":22.0},{"not_picked":["Storm","Hello World"],"picked":"Capacitor","floor":24.0},{"not_picked":["Leap","Turbo"],"picked":"Glacier","floor":27.0},{"not_picked":["Hyperbeam","Conserve Battery+1"],"picked":"Fission","floor":28.0},{"not_picked":["Lockon","Ball Lightning","Leap"],"picked":"SKIP","floor":29.0},{"not_picked":["All For One","Meteor Strike"],"picked":"Seek","floor":33.0},{"not_picked":["Force Field","Leap"],"picked":"Coolheaded+1","floor":35.0},{"not_picked":["Rebound+1","Hologram","Gash"],"picked":"SKIP","floor":36.0},{"not_picked":["Fusion","Chaos","Doom and Gloom+1"],"picked":"SKIP","floor":37.0},{"not_picked":["Sweeping Beam","Tempest"],"picked":"Double Energy","floor":38.0},{"not_picked":["Heatsinks","Double Energy"],"picked":"Core Surge","floor":40.0},{"not_picked":["Purity","Dark Shackles"],"picked":"Magnetism","floor":42.0},{"not_picked":["Secret Weapon","PanicButton"],"picked":"Violence","floor":42.0},{"not_picked":["Gash","Cold Snap+1"],"picked":"Heatsinks","floor":44.0},{"not_picked":["Rainbow","Gash","Melter"],"picked":"SKIP","floor":45.0},{"not_picked":["Steam","Rebound+1"],"picked":"Loop","floor":47.0},{"not_picked":["Stack","Streamline+1","Gash+1"],"picked":"SKIP","floor":47.0},{"not_picked":["Stack","Leap+1","Glacier+1"],"picked":"SKIP","floor":48.0},{"not_picked":["Stack","Glacier+1"],"picked":"Leap+1","floor":48.0},{"not_picked":["Rebound","Sweeping Beam"],"picked":"Reinforced Body","floor":55}],"player_experience":1230843,"relics_obtained":[{"floor":7.0,"key":"Torii"},{"floor":9.0,"key":"Peace Pipe"},{"floor":13.0,"key":"Bird Faced Urn"},{"floor":17.0,"key":"Art of War"},{"floor":17.0,"key":"Pantograph"},{"floor":17.0,"key":"Ice Cream"},{"floor":19.0,"key":"Nilry\u0027s Codex"},{"floor":26.0,"key":"Bottled Lightning"},{"floor":28.0,"key":"Dodecahedron"},{"floor":31.0,"key":"Bag of Marbles"},{"floor":40.0,"key":"Du-Vu Doll"},{"floor":44.0,"key":"Pocketwatch"},{"floor":45.0,"key":"Prayer Wheel"},{"floor":48.0,"key":"Ancient Tea Set"},{"floor":55,"key":"Sundial"}],"event_choices":[{"damage_healed":0.0,"max_hp_gain":0.0,"max_hp_loss":0.0,"gold_gain":0.0,"event_name":"Scrap Ooze","player_choice":"Success","floor":2.0,"gold_loss":0.0,"damage_taken":26.0,"relics_obtained":["Dead Branch"]},{"cards_removed":["Strike_B"],"damage_healed":0.0,"max_hp_gain":0.0,"max_hp_loss":0.0,"gold_gain":0.0,"event_name":"Golden Wing","player_choice":"Card Removal","floor":4.0,"gold_loss":0.0,"damage_taken":7.0},{"damage_healed":0.0,"max_hp_gain":0.0,"max_hp_loss":0.0,"gold_gain":0.0,"event_name":"Dead Adventurer","player_choice":"Searched \u00270\u0027 times","floor":12.0,"gold_loss":0.0,"damage_taken":0.0},{"damage_healed":0.0,"max_hp_gain":0.0,"max_hp_loss":0.0,"gold_gain":0.0,"event_name":"Cursed Tome","player_choice":"Obtained Book","floor":19.0,"gold_loss":0.0,"damage_taken":21.0},{"damage_healed":14.0,"max_hp_gain":0.0,"max_hp_loss":0.0,"gold_gain":0.0,"event_name":"Winding Halls","player_choice":"Writhe","floor":39.0,"gold_loss":0.0,"damage_taken":0.0,"cards_obtained":["Writhe"]},{"damage_healed":0.0,"max_hp_gain":0.0,"max_hp_loss":0.0,"gold_gain":0.0,"event_name":"SensoryStone","player_choice":"Memory 2","floor":42.0,"gold_loss":0.0,"damage_taken":5.0},{"damage_healed":0.0,"max_hp_gain":0.0,"max_hp_loss":0.0,"gold_gain":0.0,"event_name":"MindBloom","player_choice":"Fight","floor":44.0,"gold_loss":0.0,"damage_taken":0.0}],"is_beta":true,"boss_relics":[{"not_picked":["Velvet Choker","Coffee Dripper"],"picked":"Calling Bell"},{"not_picked":["Eternal Feather","White Beast Statue"],"picked":"Sozu"}],"items_purged_floors":[20,41],"is_endless":false,"potions_floor_spawned":[1,11,13,24,27,35,37,44,45,55],"ascension_level":20}