{"gold_per_floor":[115,132,148,167,181,181,207,222,222,235,235,235,254,273,273,372,372,387,165,177,187,68,68,100,100,177,188,113,113,113,128,128,229,229,239,250,263,263,663,663,663,677,701,9,9,27,27,46,46,46],"floor_reached":51,"playtime":2129,"items_purged":["Strike_B","Normality"],"score":1080,"play_id":"5e47098c-c6ec-454f-8dba-93455088e07a","local_time":"25611127233657","is_ascension_mode":true,"campfire_choices":[{"data":"Rainbow","floor":6.0,"key":"SMITH"},{"data":"Auto Shields","floor":11.0,"key":"SMITH"},{"floor":15.0,"key":"REST"},{"data":"Creative AI","floor":23.0,"key":"SMITH"},{"floor":25.0,"key":"REST"},{"floor":30.0,"key":"REST"},{"floor":32.0,"key":"REST"},{"floor":40.0,"key":"REST"},{"floor":47,"key":"REST"},{"floor":49,"key":"REST"}],"neow_cost":"NONE","seed_source_timestamp":27739819630896,"circlet_count":0,"master_deck":["Strike_B","Defend_B","Defend_B","Defend_B","Zap","Dualcast","Beam Cell","Rainbow+1","Coolheaded","Auto Shields+1","Genetic Algorithm","Ball Lightning","Ball Lightning","Defragment+1","Creative AI+1","Static Discharge","Go for the Eyes+1","Force Field+1","Stack+1","Thunder Strike","Undo+1","Rainbow+1","Blizzard+1","Chill","Static Discharge+1","White Noise","Trip","Parasite","Hello World+1","Loop+1","Heatsinks+1","Core Surge","Multi-Cast","Glacier+1","Static Discharge+1"],"special_seed":0,"relics":["Black Star","Gambling Chip","Mango","FossilizedHelix","The Courier","Cursed Key","ClockworkSouvenir","Bag of Preparation","Unceasing Top","WingedGreaves","Frozen Egg 2","Astrolabe","Old Coin","Vajra","Oddly Smooth Stone"],"potions_floor_usage":[46,46,50],"damage_taken":[{"damage":6.0,"enemies":"Cultist","floor":1.0,"turns":4.0},{"damage":0.0,"enemies":"Small Slimes","floor":2.0,"turns":3.0},{"damage":5.0,"enemies":"Jaw Worm","floor":3.0,"turns":5.0},{"damage":21.0,"enemies":"Red Slaver","floor":4.0,"turns":6.0},{"damage":4.0,"enemies":"Looter","floor":5.0,"turns":3.0},{"damage":6.0,"enemies":"Lagavulin","floor":7.0,"turns":9.0},{"damage":8.0,"enemies":"Blue Slaver","floor":8.0,"turns":3.0},{"damage":8.0,"enemies":"Exordium Wildlife","floor":10.0,"turns":3.0},{"damage":0.0,"enemies":"Looter","floor":13.0,"turns":3.0},{"damage":0.0,"enemies":"3 Louse","floor":14.0,"turns":4.0},{"damage":0.0,"enemies":"The Guardian","floor":16.0,"turns":11.0},{"damage":11.0,"enemies":"Spheric Guardian","floor":18.0,"turns":4.0},{"damage":21.0,"enemies":"3 Byrds","floor":20.0,"turns":9.0},{"damage":8.0,"enemies":"Snake Plant","floor":21.0,"turns":5.0},{"damage":39.0,"enemies":"Slavers","floor":24.0,"turns":7.0},{"damage":10.0,"enemies":"Shelled Parasite and Fungi","floor":27.0,"turns":5.0},{"damage":0.0,"enemies":"Centurion and Healer","floor":31.0,"turns":9.0},{"damage":26.0,"enemies":"Collector","floor":33.0,"turns":9.0},{"damage":13.0,"enemies":"3 Shapes","floor":35.0,"turns":7.0},{"damage":4.0,"enemies":"Orb Walker","floor":36.0,"turns":3.0},{"damage":24.0,"enemies":"Maw","floor":37.0,"turns":6.0},{"damage":1.0,"enemies":"Mind Bloom Boss Battle","floor":39.0,"turns":8.0},{"damage":34.0,"enemies":"Writhing Mass","floor":42.0,"turns":6.0},{"damage":8,"enemies":"Transient","floor":46,"turns":5},{"damage":0,"enemies":"Spire Growth","floor":48,"turns":7},{"damage":48,"enemies":"Time Eater","floor":50,"turns":11}],"seed_played":"-2441799661148022822","potions_obtained":[{"floor":2.0,"key":"Energy Potion"},{"floor":5.0,"key":"EssenceOfSteel"},{"floor":7.0,"key":"Regen Potion"},{"floor":10.0,"key":"FearPotion"},{"floor":14.0,"key":"Explosive Potion"},{"floor":16.0,"key":"Dexterity Potion"},{"floor":18.0,"key":"SpeedPotion"},{"floor":27.0,"key":"SpeedPotion"},{"floor":31.0,"key":"Fire Potion"},{"floor":35.0,"key":"SpeedPotion"},{"floor":42.0,"key":"SteroidPotion"},{"floor":46,"key":"Swift Potion"}],"is_trial":false,"path_per_floor":["M","M","M","M","M","R","E","M","T","M","R","?","M","M","R","B",null,"M","$","M","M","$","R","E","R","T","M","?","?","R","M","R","B",null,"M","M","M","T","?","R","?","M","T","$","T","M","R","M","R","B",null],"character_chosen":"DEFECT","items_purchased":["ClockworkSouvenir","Bag of Preparation","Oddly Smooth Stone","Hello World+1","Loop+1","Heatsinks+1","Regen Potion","Core Surge","Multi-Cast"],"campfire_rested":7,"item_purchase_floors":[19,22,44,44,44,44,44,44,44],"current_hp_per_floor":[62,62,57,36,32,32,40,32,32,24,24,21,21,21,47,47,79,68,68,62,54,54,54,15,41,41,31,31,31,57,57,83,57,81,68,64,40,40,39,65,65,31,31,31,31,38,64,64,89,41],"gold":46,"neow_bonus":"BOSS_RELIC","is_prod":false,"is_daily":false,"chose_seed":false,"campfire_upgraded":3,"win_rate":0,"timestamp":1543336617,"path_taken":["M","M","?","M","M","R","E","M","T","M","R","?","M","M","R","BOSS","M","$","M","M","$","R","E","R","T","M","?","?","R","M","R","BOSS","M","M","M","?","?","R","?","M","T","$","?","M","R","M","R","BOSS"],"build_version":"2018-11-15","purchased_purges":2,"victory":true,"max_hp_per_floor":[75,75,75,75,75,75,89,89,89,89,89,89,89,89,89,89,89,89,89,89,89,89,89,89,89,89,89,89,89,89,89,89,89,89,89,89,89,89,89,89,89,89,89,89,89,89,89,89,89,89],"card_choices":[{"not_picked":["Sweeping Beam","Barrage"],"picked":"Beam Cell","floor":1.0},{"not_picked":["Turbo","Steam"],"picked":"Rainbow","floor":2.0},{"not_picked":["Rip and Tear","Redo"],"picked":"Coolheaded","floor":3.0},{"not_picked":["Lockon","Storm"],"picked":"Auto Shields","floor":4.0},{"not_picked":["Coolheaded","Auto Shields"],"picked":"Genetic Algorithm","floor":5.0},{"not_picked":["Double Energy","Rebound"],"picked":"Ball Lightning","floor":7.0},{"not_picked":["Steam","Turbo"],"picked":"Ball Lightning","floor":8.0},{"not_picked":["Reprogram","Stack"],"picked":"Defragment","floor":10.0},{"not_picked":["Rebound","Sweeping Beam","Barrage"],"picked":"SKIP","floor":13.0},{"not_picked":["Double Energy","Coolheaded","Compile Driver"],"picked":"SKIP","floor":14.0},{"not_picked":["Biased Cognition","Hyperbeam"],"picked":"Creative AI","floor":16.0},{"not_picked":["Gash","Beam Cell","Glacier"],"picked":"SKIP","floor":18.0},{"not_picked":["Conserve Battery","Go for the Eyes","Static Discharge"],"picked":"SKIP","floor":20.0},{"not_picked":["Conserve Battery","Go for the Eyes"],"picked":"Static Discharge","floor":20.0},{"not_picked":["Scrape","Conserve Battery"],"picked":"Go for the Eyes+1","floor":21.0},{"not_picked":["Conserve Battery","Steam"],"picked":"Force Field+1","floor":24.0},{"not_picked":["Beam Cell","Lockon","Conserve Battery"],"picked":"SKIP","floor":27.0},{"not_picked":["Beam Cell+1","Redo"],"picked":"Stack+1","floor":31.0},{"not_picked":["Hyperbeam","Reboot"],"picked":"Thunder Strike","floor":33.0},{"not_picked":["Lockon","Sweeping Beam+1"],"picked":"Chill","floor":35.0},{"not_picked":["Fusion+1","Skim"],"picked":"Static Discharge+1","floor":36.0},{"not_picked":["Hologram","Skim","Coolheaded"],"picked":"SKIP","floor":37.0},{"not_picked":["Stack+1","Genetic Algorithm+1"],"picked":"White Noise","floor":39.0},{"not_picked":["Mind Blast","Finesse"],"picked":"Trip","floor":41.0},{"not_picked":["Blizzard","Streamline+1","Darkness"],"picked":"SKIP","floor":42.0},{"not_picked":["Cold Snap+1","Steam"],"picked":"Glacier+1","floor":46},{"not_picked":["Gash","Turbo"],"picked":"Static Discharge+1","floor":48}],"player_experience":193199,"relics_obtained":[{"floor":7.0,"key":"Gambling Chip"},{"floor":7.0,"key":"Mango"},{"floor":9.0,"key":"FossilizedHelix"},{"floor":24.0,"key":"Unceasing Top"},{"floor":24.0,"key":"WingedGreaves"},{"floor":26.0,"key":"Frozen Egg 2"},{"floor":39.0,"key":"Old Coin"},{"floor":43,"key":"Vajra"}],"event_choices":[{"damage_healed":0.0,"max_hp_gain":0.0,"max_hp_loss":0.0,"gold_gain":0.0,"event_name":"Scrap Ooze","player_choice":"Success","floor":12.0,"gold_loss":0.0,"damage_taken":3.0,"relics_obtained":["The Courier"]},{"cards_removed":["Doubt"],"damage_healed":0.0,"max_hp_gain":0.0,"max_hp_loss":0.0,"gold_gain":0.0,"event_name":"Beggar","player_choice":"Gave Gold","floor":28.0,"gold_loss":75.0,"damage_taken":0.0},{"damage_healed":0.0,"max_hp_gain":0.0,"max_hp_loss":0.0,"gold_gain":0.0,"event_name":"Upgrade Shrine","player_choice":"Upgraded","floor":29.0,"gold_loss":0.0,"damage_taken":0.0,"cards_upgraded":["Defragment"]},{"damage_healed":0.0,"max_hp_gain":0.0,"max_hp_loss":0.0,"gold_gain":0.0,"event_name":"MindBloom","player_choice":"Fight","floor":39.0,"gold_loss":0.0,"damage_taken":0.0},{"damage_healed":0.0,"max_hp_gain":0.0,"max_hp_loss":0.0,"gold_gain":0.0,"event_name":"SensoryStone","player_choice":"Memory 1","floor":41.0,"gold_loss":0.0,"damage_taken":0.0}],"is_beta":false,"boss_relics":[{"not_picked":["Nuclear Battery","Lizard Tail"],"picked":"Cursed Key"},{"not_picked":["Empty Cage","Orrery"],"picked":"Astrolabe"}],"items_purged_floors":[19,44],"is_endless":false,"potions_floor_spawned":[2,5,7,10,14,16,18,27,31,35,42,46],"ascension_level":8}