{"gold_per_floor":[13,13,13,37,51,92,92,128,128,128,168,186,186,204,204,293,293,316,329,329],"floor_reached":20,"playtime":981,"items_purged":[],"score":340,"play_id":"ce504b99-52eb-4aa3-9779-4b618673bae9","local_time":"20190502221218","is_ascension_mode":true,"campfire_choices":[{"data":"Neutralize","floor":7.0,"key":"SMITH"},{"floor":13.0,"key":"REST"},{"data":"Survivor","floor":15.0,"key":"SMITH"}],"neow_cost":"NO_GOLD","seed_source_timestamp":139253632358067,"circlet_count":0,"master_deck":["AscendersBane","Defend_G","Defend_G","Defend_G","Defend_G","Defend_G","Strike_G","Strike_G","Strike_G","Strike_G","Survivor+1","Neutralize+1","Die Die Die","Flying Knee","Bouncing Flask","Cloak And Dagger","Quick Slash","Backflip","Poisoned Stab+1","Dagger Spray+1","Bullet Time","Leg Sweep","Acrobatics"],"special_seed":0,"relics":["Ring of the Snake","Golden Idol","Darkstone Periapt","Molten Egg 2","Gremlin Horn","Pear","Philosopher\u0027s Stone"],"potions_floor_usage":[16,16],"damage_taken":[{"damage":0.0,"enemies":"Cultist","floor":1.0,"turns":4.0},{"damage":4.0,"enemies":"Small Slimes","floor":4.0,"turns":3.0},{"damage":0.0,"enemies":"2 Louse","floor":5.0,"turns":1.0},{"damage":12.0,"enemies":"3 Sentries","floor":6.0,"turns":9.0},{"damage":14.0,"enemies":"Lagavulin","floor":8.0,"turns":5.0},{"damage":19.0,"enemies":"3 Sentries","floor":11.0,"turns":7.0},{"damage":0.0,"enemies":"Large Slime","floor":12.0,"turns":5.0},{"damage":0.0,"enemies":"Looter","floor":14.0,"turns":3.0},{"damage":22,"enemies":"Slime Boss","floor":16,"turns":8},{"damage":22,"enemies":"Spheric Guardian","floor":18,"turns":4},{"damage":9,"enemies":"Shell Parasite","floor":19,"turns":5},{"damage":28,"enemies":"Snake Plant","floor":20,"turns":5}],"seed_played":"-7583876691525064765","potions_obtained":[{"floor":5.0,"key":"EssenceOfSteel"},{"floor":8.0,"key":"Poison Potion"},{"floor":12.0,"key":"EssenceOfSteel"},{"floor":16,"key":"Poison Potion"}],"is_trial":false,"path_per_floor":["M","$","?","M","M","E","R","E","T","?","E","M","R","M","R","B",null,"M","M","M"],"character_chosen":"THE_SILENT","items_purchased":[],"campfire_rested":1,"item_purchase_floors":[],"current_hp_per_floor":[59,59,59,55,55,43,43,29,29,29,20,20,41,41,41,19,57,35,26,0],"gold":329,"neow_bonus":"THREE_RARE_CARDS","is_prod":false,"is_daily":false,"chose_seed":false,"campfire_upgraded":2,"win_rate":0,"timestamp":1556860338,"path_taken":["M","?","?","M","M","E","R","E","T","?","E","M","R","M","R","BOSS","M","M","?"],"build_version":"2019-01-23","purchased_purges":0,"victory":false,"max_hp_per_floor":[66,66,60,60,60,60,60,60,60,60,70,70,70,70,70,70,70,70,70,70],"card_choices":[{"not_picked":["Bullet Time","Malaise"],"picked":"Die Die Die","floor":0.0},{"not_picked":["Acrobatics","Slice"],"picked":"Flying Knee","floor":1.0},{"not_picked":["Deflect","Prepared"],"picked":"Bouncing Flask","floor":4.0},{"not_picked":["Deflect","Underhanded Strike"],"picked":"Cloak And Dagger","floor":5.0},{"not_picked":["Dagger Throw","Prepared"],"picked":"Quick Slash","floor":6.0},{"not_picked":["Blade Dance","Night Terror"],"picked":"Backflip","floor":8.0},{"not_picked":["Heel Hook+1","Acrobatics"],"picked":"Poisoned Stab+1","floor":11.0},{"not_picked":["Cloak And Dagger","Catalyst"],"picked":"Dagger Spray+1","floor":14.0},{"not_picked":["Doppelganger","Unload+1"],"picked":"Bullet Time","floor":16},{"not_picked":["Dagger Spray+1","Backflip"],"picked":"Leg Sweep","floor":18},{"not_picked":["Underhanded Strike+1","Flying Knee+1"],"picked":"Acrobatics","floor":19}],"player_experience":2527363,"relics_obtained":[{"floor":6.0,"key":"Darkstone Periapt"},{"floor":8.0,"key":"Molten Egg 2"},{"floor":9.0,"key":"Gremlin Horn"},{"floor":11.0,"key":"Pear"}],"event_choices":[{"damage_healed":0.0,"max_hp_gain":0.0,"max_hp_loss":6.0,"gold_gain":0.0,"event_name":"Golden Idol","player_choice":"Lose Max HP","floor":3.0,"gold_loss":0.0,"damage_taken":0.0,"relics_obtained":["Golden Idol"]},{"cards_removed":["Strike_G"],"damage_healed":0.0,"max_hp_gain":0.0,"max_hp_loss":0.0,"gold_gain":0.0,"event_name":"Bonfire Elementals","player_choice":"Offered Basic","floor":10.0,"gold_loss":0.0,"damage_taken":0.0}],"is_beta":false,"boss_relics":[{"not_picked":["Eternal Feather","Empty Cage"],"picked":"Philosopher\u0027s Stone"}],"items_purged_floors":[],"is_endless":false,"potions_floor_spawned":[5,8,12,16],"killed_by":"Snake Plant","ascension_level":15}