{"gold_per_floor":[119,130,130,130,140,140,156,156,156,176,208,224,256,306,306,381,381,397,410,254,268,168,168,196,196,244,244,261,261,261,275,275,275],"floor_reached":33,"playtime":1354,"items_purged":["Strike_R","Strike_R"],"score":485,"play_id":"ef2d361a-21ec-4add-ab98-d1e9ccd75a1d","local_time":"20180830111712","is_ascension_mode":true,"campfire_choices":[{"data":"Bash","floor":6.0,"key":"SMITH"},{"data":"Anger","floor":8.0,"key":"SMITH"},{"floor":15.0,"key":"REST"},{"floor":23.0,"key":"REST"},{"floor":27.0,"key":"REST"},{"data":"Uppercut","floor":29.0,"key":"SMITH"},{"data":"Inflame","floor":32.0,"key":"SMITH"}],"neow_cost":"NONE","seed_source_timestamp":12086067503849,"circlet_count":0,"master_deck":["Strike_R","Strike_R+1","Defend_R","Defend_R","Defend_R","Defend_R+1","Bash+1","AscendersBane","Disarm","Headbutt","Pommel Strike","Anger+1","True Grit","Impervious","Pummel","Uppercut+1","Reaper","Cleave","Shrug It Off+1","Inflame+1","Spot Weakness+1","Shrug It Off","Flame Barrier"],"special_seed":0,"relics":["Burning Blood","Question Card","StoneCalendar","Mummified Hand","Paper Frog","Eternal Feather","Sundial","Bag of Preparation"],"potions_floor_usage":[],"damage_taken":[{"damage":4.0,"enemies":"Jaw Worm","floor":1.0,"turns":4.0},{"damage":2.0,"enemies":"2 Louse","floor":2.0,"turns":4.0},{"damage":10.0,"enemies":"Cultist","floor":5.0,"turns":4.0},{"damage":10.0,"enemies":"Exordium Thugs","floor":7.0,"turns":4.0},{"damage":4.0,"enemies":"2 Fungi Beasts","floor":10.0,"turns":3.0},{"damage":25.0,"enemies":"Gremlin Nob","floor":11.0,"turns":4.0},{"damage":14.0,"enemies":"Gremlin Gang","floor":12.0,"turns":5.0},{"damage":19.0,"enemies":"3 Sentries","floor":13.0,"turns":7.0},{"damage":12.0,"enemies":"Slime Boss","floor":16.0,"turns":7.0},{"damage":22.0,"enemies":"3 Byrds","floor":18.0,"turns":6.0},{"damage":26.0,"enemies":"Shell Parasite","floor":19.0,"turns":8.0},{"damage":29.0,"enemies":"Chosen and Byrds","floor":21.0,"turns":7.0},{"damage":40.0,"enemies":"Slavers","floor":24.0,"turns":7.0},{"damage":18.0,"enemies":"Snake Plant","floor":28.0,"turns":4.0},{"damage":30.0,"enemies":"3 Cultists","floor":31.0,"turns":6.0},{"damage":79,"enemies":"Automaton","floor":33,"turns":8}],"seed_played":"-7229840083551443594","potions_obtained":[{"floor":2.0,"key":"Swift Potion"},{"floor":11.0,"key":"SkillPotion"},{"floor":13.0,"key":"SkillPotion"},{"floor":16.0,"key":"SteroidPotion"},{"floor":21.0,"key":"Block Potion"}],"is_trial":false,"path_per_floor":["M","M","?","T","M","R","M","R","T","M","E","M","E","?","R","B",null,"M","M","$","M","$","R","E","?","T","R","M","R","?","M","R"],"character_chosen":"IRONCLAD","items_purchased":["Inflame"],"campfire_rested":3,"item_purchase_floors":[20],"current_hp_per_floor":[77,81,56,56,52,52,48,48,48,50,31,23,10,10,34,28,69,53,33,33,14,14,50,26,26,26,62,50,62,62,56,68,0],"gold":275,"neow_bonus":"TEN_PERCENT_HP_BONUS","is_prod":false,"is_daily":false,"chose_seed":false,"campfire_upgraded":4,"win_rate":0,"timestamp":1535653032,"path_taken":["M","M","?","?","M","R","M","R","T","M","E","M","E","?","R","BOSS","M","M","$","M","?","R","E","?","T","R","?","R","?","M","R","BOSS"],"build_version":"2018-08-23v2","purchased_purges":2,"victory":false,"max_hp_per_floor":[82,82,82,82,82,82,82,82,82,82,82,82,82,82,82,82,82,82,82,82,82,82,82,82,82,82,82,82,82,82,82,82,82],"card_choices":[{"not_picked":["Warcry","Clash"],"picked":"Disarm","floor":1.0},{"not_picked":["Flex","Shrug It Off"],"picked":"Headbutt","floor":2.0},{"not_picked":["Fire Breathing","Intimidate","Body Slam"],"picked":"Pommel Strike","floor":5.0},{"not_picked":["Shrug It Off","Fire Breathing","Heavy Blade"],"picked":"Anger","floor":7.0},{"not_picked":["Sword Boomerang","Headbutt","Flex"],"picked":"True Grit","floor":10.0},{"not_picked":["Fire Breathing","Iron Wave","Dropkick"],"picked":"Impervious","floor":11.0},{"not_picked":["Fire Breathing","Burning Pact","Body Slam"],"picked":"Pummel","floor":12.0},{"not_picked":["Twin Strike","Impervious","Clash"],"picked":"Uppercut","floor":13.0},{"not_picked":["Dark Embrace","Juggernaut","Double Tap"],"picked":"Reaper","floor":16.0},{"not_picked":["Flex","Entrench","Armaments"],"picked":"Cleave","floor":18.0},{"not_picked":["Armaments","Pommel Strike","Headbutt"],"picked":"Shrug It Off+1","floor":19.0},{"not_picked":["Power Through","Sword Boomerang","Armaments+1"],"picked":"Spot Weakness+1","floor":21.0},{"not_picked":["Seeing Red","Warcry","Flex","Berserk"],"picked":"SKIP","floor":24.0},{"not_picked":["Sword Boomerang","Anger","Warcry"],"picked":"Shrug It Off","floor":28.0},{"not_picked":["Infernal Blade","Havoc","Hemokinesis"],"picked":"Flame Barrier","floor":31.0}],"player_experience":1055378,"relics_obtained":[{"floor":4.0,"key":"Question Card"},{"floor":9.0,"key":"StoneCalendar"},{"floor":11.0,"key":"Mummified Hand"},{"floor":13.0,"key":"Paper Frog"},{"floor":24.0,"key":"Sundial"},{"floor":26.0,"key":"Bag of Preparation"}],"event_choices":[{"event_name":"Shining Light","player_choice":"Entered Light","floor":3.0,"damage_taken":0.0},{"event_name":"Golden Shrine","player_choice":"Pray","floor":14.0,"damage_taken":0.0},{"event_name":"The Mausoleum","player_choice":"No","floor":25.0,"damage_taken":0.0},{"event_name":"Bonfire Elementals","player_choice":"BASIC","floor":30.0,"damage_taken":0.0}],"is_beta":false,"boss_relics":[{"not_picked":["Lizard Tail","Runic Cube"],"picked":"Eternal Feather"}],"items_purged_floors":[20,22],"is_endless":false,"potions_floor_spawned":[2,11,13,16,18,21],"killed_by":"Automaton","ascension_level":15}