{"gold_per_floor":[113,188,206,306,319,352,369,404,429,448,483,34,34,49,49,49],"floor_reached":16,"playtime":683,"items_purged":[],"score":140,"play_id":"b2f43c63-89c4-4361-8640-05a23e9fc949","local_time":"20190328213544","is_ascension_mode":true,"campfire_choices":[{"floor":13,"key":"REST"},{"floor":15,"key":"REST"}],"neow_cost":"NONE","seed_source_timestamp":1170392075047000,"circlet_count":0,"master_deck":["Strike_R","Strike_R","Strike_R","Strike_R","Strike_R","Defend_R","Defend_R","Defend_R","Defend_R","Bash","Inflame","Heavy Blade","Rampage","Twin Strike"],"relics":["Burning Blood","Letter Opener","Blood Vial","Potion Belt","Bird Faced Urn","Centennial Puzzle"],"potions_floor_usage":[6,6,6,11,16],"damage_taken":[{"damage":13,"enemies":"Jaw Worm","floor":1,"turns":5},{"damage":1,"enemies":"Cultist","floor":3,"turns":3},{"damage":18,"enemies":"Small Slimes","floor":5,"turns":4},{"damage":24,"enemies":"Gremlin Nob","floor":6,"turns":5},{"damage":1,"enemies":"2 Fungi Beasts","floor":7,"turns":4},{"damage":40,"enemies":"3 Sentries","floor":8,"turns":7},{"damage":12,"enemies":"3 Louse","floor":10,"turns":3},{"damage":10,"enemies":"Lagavulin","floor":11,"turns":5},{"damage":16,"enemies":"Blue Slaver","floor":14,"turns":3},{"damage":63,"enemies":"Hexaghost","floor":16,"turns":9}],"seed_played":"-6494165880407417605","potions_obtained":[{"floor":1,"key":"Weak Potion"},{"floor":3,"key":"Weak Potion"},{"floor":5,"key":"SpeedPotion"},{"floor":10,"key":"SkillPotion"},{"floor":11,"key":"SpeedPotion"}],"is_trial":false,"path_per_floor":["M","?","M","?","M","E","M","E","T","M","E","$","R","M","R","B"],"character_chosen":"IRONCLAD","items_purchased":["Bird Faced Urn","Centennial Puzzle"],"campfire_rested":2,"item_purchase_floors":[12,12],"current_hp_per_floor":[81,70,75,75,63,45,50,16,16,12,10,10,36,30,56,0],"gold":49,"neow_bonus":"TEN_PERCENT_HP_BONUS","is_prod":false,"is_daily":false,"chose_seed":false,"campfire_upgraded":0,"win_rate":0,"timestamp":1553801744,"path_taken":["M","?","M","?","M","E","M","E","T","M","E","$","R","?","R","BOSS"],"build_version":"2019-01-23","purchased_purges":0,"victory":false,"max_hp_per_floor":[88,88,88,88,88,88,88,88,88,88,88,88,88,88,88,88],"card_choices":[{"not_picked":["Rage","Havoc"],"picked":"Inflame","floor":1},{"not_picked":["Disarm","Sever Soul"],"picked":"Heavy Blade","floor":3},{"not_picked":["Disarm","Pommel Strike"],"picked":"Rampage","floor":5},{"not_picked":["Clash","Havoc","Sword Boomerang"],"picked":"SKIP","floor":6},{"not_picked":["Flame Barrier","Dual Wield"],"picked":"Twin Strike","floor":7},{"not_picked":["Warcry","Uppercut","True Grit"],"picked":"SKIP","floor":8},{"not_picked":["Burning Pact","Wild Strike","Thunderclap"],"picked":"SKIP","floor":10},{"not_picked":["Shrug It Off","Rage","Brutality"],"picked":"SKIP","floor":11},{"not_picked":["Clothesline","Heavy Blade","Clash"],"picked":"SKIP","floor":14}],"player_experience":118805,"relics_obtained":[{"floor":6,"key":"Letter Opener"},{"floor":8,"key":"Blood Vial"},{"floor":11,"key":"Potion Belt"}],"event_choices":[{"damage_healed":0,"gold_gain":75,"player_choice":"Gather Gold","damage_taken":11,"max_hp_gain":0,"max_hp_loss":0,"event_name":"World of Goop","floor":2,"gold_loss":0},{"damage_healed":0,"gold_gain":100,"player_choice":"Pray","damage_taken":0,"max_hp_gain":0,"max_hp_loss":0,"event_name":"Golden Shrine","floor":4,"gold_loss":0}],"is_beta":false,"boss_relics":[],"items_purged_floors":[],"is_endless":false,"potions_floor_spawned":[1,3,5,10,11],"killed_by":"Hexaghost","ascension_level":3}