{"gold_per_floor":[117,127,142,68,82,108,108,33,58,58,84,84,100,126,126,205,205,223,18,18,18,25,25,25,51,51,62,62,74,106,120,120,120],"floor_reached":33,"playtime":1223,"items_purged":["Strike_R","Strike_R"],"score":534,"play_id":"f1194290-8542-420b-ad1f-a06ce740172e","local_time":"20190225160250","is_ascension_mode":true,"campfire_choices":[{"data":"Uppercut","floor":7.0,"key":"SMITH"},{"data":"Shockwave","floor":10.0,"key":"SMITH"},{"data":"Spot Weakness","floor":12.0,"key":"SMITH"},{"data":"Limit Break","floor":15.0,"key":"SMITH"},{"floor":23.0,"key":"REST"},{"floor":28.0,"key":"REST"},{"floor":32,"key":"REST"}],"neow_cost":"NONE","seed_source_timestamp":29682471603538,"circlet_count":0,"master_deck":["AscendersBane","Strike_R","Strike_R","Strike_R","Defend_R","Defend_R","Defend_R","Defend_R","Bash","Anger","Shockwave+1","Uppercut+1","Spot Weakness+1","Inflame","Feel No Pain","Limit Break+1","Feed","Headbutt","True Grit","Shrug It Off+1","Feel No Pain","Shrug It Off+1","Immolate","Armaments","Pommel Strike","Heavy Blade"],"special_seed":0,"relics":["Burning Blood","NeowsBlessing","Strawberry","Anchor","Dream Catcher","Lantern","Cursed Key","FossilizedHelix","Gambling Chip"],"potions_floor_usage":[30,33],"damage_taken":[{"damage":0.0,"enemies":"Cultist","floor":1.0,"turns":1.0},{"damage":0.0,"enemies":"Jaw Worm","floor":2.0,"turns":1.0},{"damage":0.0,"enemies":"2 Louse","floor":3.0,"turns":1.0},{"damage":15.0,"enemies":"Gremlin Gang","floor":5.0,"turns":4.0},{"damage":35.0,"enemies":"3 Sentries","floor":6.0,"turns":6.0},{"damage":20.0,"enemies":"Lagavulin","floor":11.0,"turns":7.0},{"damage":1.0,"enemies":"Looter","floor":13.0,"turns":3.0},{"damage":12.0,"enemies":"Gremlin Nob","floor":14.0,"turns":4.0},{"damage":19.0,"enemies":"The Guardian","floor":16.0,"turns":8.0},{"damage":19.0,"enemies":"Spheric Guardian","floor":18.0,"turns":4.0},{"damage":7.0,"enemies":"2 Thieves","floor":22.0,"turns":4.0},{"damage":37.0,"enemies":"Book of Stabbing","floor":25.0,"turns":6.0},{"damage":8.0,"enemies":"Shelled Parasite and Fungi","floor":27.0,"turns":6.0},{"damage":12.0,"enemies":"Snake Plant","floor":29.0,"turns":4.0},{"damage":45,"enemies":"Slavers","floor":30,"turns":9},{"damage":0,"enemies":"Centurion and Healer","floor":31,"turns":5},{"damage":70,"enemies":"Collector","floor":33,"turns":7}],"seed_played":"-4681398834052098343","potions_obtained":[{"floor":1.0,"key":"SpeedPotion"},{"floor":3.0,"key":"SkillPotion"},{"floor":5.0,"key":"Fire Potion"},{"floor":11.0,"key":"Energy Potion"},{"floor":14.0,"key":"Swift Potion"},{"floor":22.0,"key":"GamblersBrew"},{"floor":25.0,"key":"BloodPotion"},{"floor":27.0,"key":"Block Potion"},{"floor":31,"key":"SteroidPotion"}],"is_trial":false,"path_per_floor":["M","M","M","$","M","E","R","$","T","R","E","R","M","E","R","B",null,"M","$","?","?","M","R","?","E","T","M","R","M","E","M","R","B"],"character_chosen":"IRONCLAD","items_purchased":["Spot Weakness","True Grit","Block Potion"],"campfire_rested":3,"item_purchase_floors":[4,19,19],"current_hp_per_floor":[74,75,75,75,66,44,44,44,44,44,30,30,35,29,29,16,66,56,56,56,40,39,64,64,33,33,39,64,58,19,28,54,0],"gold":120,"neow_bonus":"THREE_ENEMY_KILL","is_prod":false,"is_daily":false,"chose_seed":false,"campfire_upgraded":4,"win_rate":0,"timestamp":1551139370,"path_taken":["M","M","M","$","?","E","R","$","T","R","E","R","M","E","R","BOSS","M","$","?","?","?","R","?","E","T","?","R","M","E","M","R","BOSS"],"build_version":"2019-01-23","purchased_purges":2,"victory":false,"max_hp_per_floor":[75,75,75,75,75,82,82,82,82,82,82,82,82,82,82,82,82,85,85,85,85,85,85,85,85,85,85,85,85,85,88,88,88],"card_choices":[{"not_picked":["Blood for Blood","Hemokinesis"],"picked":"Anger","floor":1.0},{"not_picked":["Warcry","Rupture"],"picked":"Shockwave","floor":2.0},{"not_picked":["Spot Weakness","Headbutt"],"picked":"Uppercut","floor":3.0},{"not_picked":["Heavy Blade","Flex"],"picked":"Inflame","floor":5.0},{"not_picked":["Anger","Entrench","Berserk"],"picked":"SKIP","floor":6.0},{"not_picked":["Sever Soul","Warcry"],"picked":"Feel No Pain","floor":11.0},{"not_picked":["Clash","Sentinel","Anger"],"picked":"SKIP","floor":13.0},{"not_picked":["Flex","Anger"],"picked":"Limit Break","floor":14.0},{"not_picked":["Limit Break","Juggernaut"],"picked":"Feed","floor":16.0},{"not_picked":["Twin Strike","Burning Pact"],"picked":"Headbutt","floor":18.0},{"not_picked":["Disarm","Cleave+1"],"picked":"Shrug It Off+1","floor":22.0},{"not_picked":["Perfected Strike+1","Reckless Charge"],"picked":"Feel No Pain","floor":23.0},{"not_picked":["Brutality","Cleave"],"picked":"Immolate","floor":25.0},{"not_picked":["Thunderclap","Rage","Anger+1"],"picked":"SKIP","floor":27.0},{"not_picked":["Blood for Blood","Headbutt+1"],"picked":"Armaments","floor":28.0},{"not_picked":["Inflame","Twin Strike"],"picked":"Pommel Strike","floor":29.0},{"not_picked":["True Grit","Armaments+1"],"picked":"Heavy Blade","floor":30},{"not_picked":["Fire Breathing","Thunderclap","Rampage"],"picked":"SKIP","floor":31}],"player_experience":2261254,"relics_obtained":[{"floor":6.0,"key":"Strawberry"},{"floor":9.0,"key":"Anchor"},{"floor":11.0,"key":"Dream Catcher"},{"floor":14.0,"key":"Lantern"},{"floor":25.0,"key":"FossilizedHelix"},{"floor":30,"key":"Gambling Chip"}],"event_choices":[{"damage_healed":0.0,"max_hp_gain":0.0,"max_hp_loss":0.0,"gold_gain":0.0,"event_name":"Knowing Skull","player_choice":"POTION ","floor":21.0,"potions_obtained":["PowerPotion"],"gold_loss":0.0,"damage_taken":16.0,"cards_obtained":[]},{"damage_healed":0.0,"max_hp_gain":0.0,"max_hp_loss":0.0,"gold_gain":0.0,"event_name":"Duplicator","player_choice":"Copied","floor":24.0,"gold_loss":0.0,"damage_taken":0.0,"cards_obtained":["Shrug It Off"]}],"is_beta":false,"boss_relics":[{"not_picked":["Mark of Pain","Eternal Feather"],"picked":"Cursed Key"}],"items_purged_floors":[8,19],"is_endless":false,"potions_floor_spawned":[1,3,5,11,14,22,25,27,31],"killed_by":"Collector","ascension_level":15}