{"gold_per_floor":[367,367,367,34,55,55,70,70,70,70,90,90,37,62,62,151,151,172,188,313,313,327,327,55,55,82,106,119,137,172,6,6,6],"floor_reached":33,"playtime":775,"items_purged":["Strike_R","Strike_R+1"],"score":508,"play_id":"df9b627c-3b67-4cc8-8018-feec238249b8","local_time":"20190129233455","is_ascension_mode":true,"campfire_choices":[{"data":"Bash","floor":6,"key":"SMITH"},{"data":"Flash of Steel","floor":8,"key":"SMITH"},{"data":"Pommel Strike","floor":12,"key":"SMITH"},{"data":"Whirlwind","floor":15,"key":"SMITH"},{"floor":23,"key":"REST"},{"data":"True Grit","floor":25,"key":"SMITH"},{"data":"Dual Wield","floor":32,"key":"SMITH"}],"neow_cost":"PERCENT_DAMAGE","seed_source_timestamp":0,"circlet_count":0,"master_deck":["AscendersBane","Strike_R+1","Strike_R+1","Strike_R+1","Defend_R+1","Defend_R+1","Defend_R+1","Defend_R+1","Bash+1","Flash of Steel+1","Pommel Strike+1","Dropkick+1","True Grit+1","Whirlwind+1","Offering","Injury","Fiend Fire+1","Dual Wield+1"],"relics":["Burning Blood","Golden Idol","Strawberry","Red Skull","Pantograph","Cursed Key","Calipers","Molten Egg 2","Pen Nib","Whetstone","Happy Flower","Orichalcum"],"potions_floor_usage":[11,16,28,33],"damage_taken":[{"damage":10,"enemies":"Small Slimes","floor":1,"turns":4},{"damage":9,"enemies":"2 Louse","floor":5,"turns":3},{"damage":7,"enemies":"Jaw Worm","floor":7,"turns":2},{"damage":4,"enemies":"Lots of Slimes","floor":11,"turns":3},{"damage":5,"enemies":"Gremlin Gang","floor":14,"turns":3},{"damage":41,"enemies":"The Guardian","floor":16,"turns":8},{"damage":6,"enemies":"3 Byrds","floor":18,"turns":2},{"damage":14,"enemies":"Shell Parasite","floor":19,"turns":5},{"damage":31,"enemies":"Colosseum Slavers","floor":20,"turns":3},{"damage":13,"enemies":"Colosseum Nobs","floor":20,"turns":3},{"damage":10,"enemies":"3 Cultists","floor":22,"turns":3},{"damage":22,"enemies":"Snake Plant","floor":27,"turns":2},{"damage":20,"enemies":"Shelled Parasite and Fungi","floor":28,"turns":4},{"damage":7,"enemies":"Centurion and Healer","floor":29,"turns":3},{"damage":6,"enemies":"Gremlin Leader","floor":30,"turns":3},{"damage":62,"enemies":"Automaton","floor":33,"turns":8}],"seed_played":"8363539207367860","potions_obtained":[{"floor":1,"key":"Block Potion"},{"floor":5,"key":"Strength Potion"},{"floor":20,"key":"Poison Potion"},{"floor":22,"key":"Regen Potion"},{"floor":27,"key":"Block Potion"}],"is_trial":false,"path_per_floor":["M","?","?","$","M","R","M","R","T","?","M","R","$","M","R","B",null,"M","M","?","?","M","R","$","R","T","M","M","M","E","$","R","B"],"character_chosen":"IRONCLAD","items_purchased":["Red Skull","Flash of Steel","True Grit","Pen Nib","Orichalcum"],"campfire_rested":1,"item_purchase_floors":[4,4,13,24,31],"current_hp_per_floor":[46,46,35,35,32,32,31,31,31,36,38,38,38,39,39,29,67,67,59,27,27,23,47,47,47,47,31,29,28,28,28,28,0],"gold":6,"neow_bonus":"TWO_FIFTY_GOLD","is_prod":false,"is_daily":false,"chose_seed":true,"campfire_upgraded":6,"win_rate":0,"timestamp":1548776095,"path_taken":["M","?","?","$","M","R","M","R","T","?","M","R","$","M","R","BOSS","M","M","?","?","M","R","?","R","T","?","M","?","E","$","R","BOSS"],"build_version":"2019-01-23","purchased_purges":2,"victory":false,"max_hp_per_floor":[75,68,75,75,75,75,75,75,75,80,80,80,80,80,80,80,80,80,80,80,80,80,80,80,80,80,80,80,80,80,80,80,80],"card_choices":[{"not_picked":["Thunderclap","Havoc","Pummel"],"picked":"SKIP","floor":1},{"not_picked":["Seeing Red","Shrug It Off"],"picked":"Pommel Strike","floor":5},{"not_picked":["Sword Boomerang","Havoc"],"picked":"Dropkick","floor":7},{"not_picked":["Perfected Strike","Cleave","Clash"],"picked":"SKIP","floor":11},{"not_picked":["Iron Wave","Burning Pact"],"picked":"Whirlwind","floor":14},{"not_picked":["Impervious","Immolate"],"picked":"Offering","floor":16},{"not_picked":["Anger+1","Perfected Strike","Wild Strike"],"picked":"SKIP","floor":18},{"not_picked":["Headbutt","Flex","True Grit"],"picked":"SKIP","floor":19},{"not_picked":["Havoc","Cleave+1","Armaments"],"picked":"SKIP","floor":22},{"not_picked":["Inflame","Pommel Strike+1"],"picked":"Fiend Fire+1","floor":27},{"not_picked":["Twin Strike+1","Shrug It Off"],"picked":"Dual Wield","floor":28},{"not_picked":["Pommel Strike+1","Headbutt+1","Fiend Fire+1"],"picked":"SKIP","floor":29},{"not_picked":["Hemokinesis+1","Infernal Blade","Heavy Blade+1"],"picked":"SKIP","floor":30}],"player_experience":2618649,"relics_obtained":[{"floor":9,"key":"Pantograph"},{"floor":20,"key":"Calipers"},{"floor":20,"key":"Molten Egg 2"},{"floor":26,"key":"Whetstone"},{"floor":30,"key":"Happy Flower"}],"event_choices":[{"damage_healed":0,"gold_gain":0,"player_choice":"Lose Max HP","damage_taken":0,"relics_obtained":["Golden Idol"],"max_hp_gain":0,"max_hp_loss":7,"event_name":"Golden Idol","floor":2,"gold_loss":0},{"damage_healed":0,"gold_gain":0,"player_choice":"Success","damage_taken":18,"relics_obtained":["Strawberry"],"max_hp_gain":0,"max_hp_loss":0,"event_name":"Scrap Ooze","floor":3,"gold_loss":0},{"damage_healed":0,"gold_gain":0,"player_choice":"Donut","damage_taken":0,"max_hp_gain":5,"max_hp_loss":0,"event_name":"Big Fish","floor":10,"gold_loss":0},{"damage_healed":0,"gold_gain":0,"player_choice":"Fight","damage_taken":0,"max_hp_gain":0,"max_hp_loss":0,"event_name":"Colosseum","floor":20,"gold_loss":0},{"damage_healed":0,"gold_gain":0,"player_choice":"Fought Nobs","damage_taken":0,"max_hp_gain":0,"max_hp_loss":0,"event_name":"Colosseum","floor":20,"gold_loss":0},{"damage_healed":0,"gold_gain":0,"player_choice":"Simplicity","damage_taken":0,"max_hp_gain":0,"max_hp_loss":0,"event_name":"Back to Basics","floor":21,"gold_loss":0,"cards_upgraded":["Strike_R","Strike_R","Strike_R","Strike_R","Defend_R","Defend_R","Defend_R","Defend_R"]}],"is_beta":false,"boss_relics":[{"not_picked":["Calling Bell","Eternal Feather"],"picked":"Cursed Key"}],"items_purged_floors":[4,24],"is_endless":false,"potions_floor_spawned":[1,5,20,22,27],"killed_by":"Automaton","ascension_level":16}