{"path_per_floor":["M","?","?","M","M","R","E","R","T","M","E","?","M","M","R","B",null,"M","?","$","M","?"],"character_chosen":"THE_SILENT","items_purchased":["Noxious Fumes+1","Matryoshka"],"gold_per_floor":[110,110,110,123,141,141,174,174,256,267,302,302,315,333,333,436,436,452,483,118,134,49,49],"floor_reached":23,"campfire_rested":0,"playtime":1664,"item_purchase_floors":[20,20],"current_hp_per_floor":[68,61,61,61,59,59,47,47,47,38,39,39,35,29,29,1,77,75,30,30,10,10,0],"items_purged":["Strike_G"],"gold":49,"score":211,"play_id":"e61449bc-742a-4fcc-9fee-ec091dede077","local_time":"20180616123612","is_prod":false,"is_daily":false,"chose_seed":false,"is_ascension_mode":true,"campfire_upgraded":3,"win_rate":0,"timestamp":1529177772,"campfire_choices":[{"data":"Neutralize","floor":6,"key":"SMITH"},{"data":"Backflip","floor":8,"key":"SMITH"},{"data":"Deadly Poison","floor":15,"key":"SMITH"}],"path_taken":["M","?","?","M","M","R","E","R","T","M","E","?","M","M","R","BOSS","M","?","$","M","?","E"],"build_version":"2018-06-14v2","seed_source_timestamp":22429935315969,"purchased_purges":1,"victory":false,"master_deck":["Defend_G","Defend_G","Defend_G","Defend_G","Defend_G","Strike_G","Strike_G","Strike_G","Survivor","Neutralize+1","Deadly Poison","Decay","Finisher","Deadly Poison+1","Backflip+1","Malaise","Bullet Time","Escape Plan","Noxious Fumes+1","Tools of the Trade+1","Dagger Spray+1","Bane","Noxious Fumes+1","PiercingWail"],"max_hp_per_floor":[70,70,70,70,70,70,70,70,70,70,77,77,77,77,77,77,77,77,77,77,77,77,77],"relics":["Ring of the Snake","Bag of Marbles","Frozen Egg 2","Strawberry","Eternal Feather","Red Mask","Matryoshka","Dodecahedron"],"card_choices":[{"not_picked":["Underhanded Strike","Deflect"],"picked":"Deadly Poison","floor":1},{"not_picked":["Blur","Underhanded Strike"],"picked":"Finisher","floor":4},{"not_picked":["Bane","Underhanded Strike"],"picked":"Deadly Poison","floor":5},{"not_picked":["Deadly Poison","Escape Plan"],"picked":"Backflip","floor":7},{"not_picked":["Flying Knee","Backflip"],"picked":"Malaise","floor":10},{"not_picked":["Deadly Poison","Dagger Spray"],"picked":"Bullet Time","floor":11},{"not_picked":["Bane","Acrobatics"],"picked":"Escape Plan","floor":13},{"not_picked":["Reflex","Poisoned Stab"],"picked":"Noxious Fumes+1","floor":14},{"not_picked":["Storm of Steel","Doppelganger"],"picked":"Tools of the Trade+1","floor":16},{"not_picked":["Reflex","Blur+1"],"picked":"Dagger Spray+1","floor":18},{"not_picked":["Dagger Throw","Underhanded Strike"],"picked":"Bane","floor":19},{"not_picked":["Dagger Throw","Flying Knee"],"picked":"PiercingWail","floor":21}],"player_experience":545339,"potions_floor_usage":[7,11,11,16,16,16,23,23,23],"damage_taken":[{"damage":2,"enemies":"Cultist","floor":1,"turns":4},{"damage":0,"enemies":"Jaw Worm","floor":4,"turns":3},{"damage":2,"enemies":"2 Louse","floor":5,"turns":3},{"damage":27,"enemies":"3 Sentries","floor":7,"turns":10},{"damage":9,"enemies":"Large Slime","floor":10,"turns":6},{"damage":6,"enemies":"Lagavulin","floor":11,"turns":9},{"damage":4,"enemies":"Exordium Thugs","floor":13,"turns":4},{"damage":6,"enemies":"2 Fungi Beasts","floor":14,"turns":3},{"damage":28,"enemies":"Slime Boss","floor":16,"turns":9},{"damage":2,"enemies":"3 Byrds","floor":18,"turns":6},{"damage":45,"floor":19,"turns":5},{"damage":20,"enemies":"Chosen","floor":21,"turns":5},{"damage":18,"enemies":"Gremlin Leader","floor":23,"turns":3}],"relics_obtained":[{"floor":7,"key":"Bag of Marbles"},{"floor":9,"key":"Frozen Egg 2"},{"floor":11,"key":"Strawberry"},{"floor":19,"key":"Red Mask"}],"event_choices":[{"event_name":"Golden Wing","player_choice":"Card Removal","floor":2,"damage_taken":0},{"event_name":"Wheel of Change","player_choice":"Curse","floor":3,"damage_taken":0},{"event_name":"The Lab","player_choice":"Got Potions","floor":12,"damage_taken":0},{"event_name":"Masked Bandits","player_choice":"Fought over 452 gold","floor":19,"damage_taken":0},{"event_name":"Addict","player_choice":"Obtained Relic","floor":22,"damage_taken":0}],"boss_relics":[{"not_picked":["Ectoplasm","Coffee Dripper"],"picked":"Eternal Feather"}],"items_purged_floors":[20],"is_endless":false,"potions_floor_spawned":[4,5,10,11,16,19,21],"seed_played":"-7824422564162433714","killed_by":"Gremlin Leader","ascension_level":1,"potions_obtained":[{"floor":4,"key":"Regen Potion"},{"floor":5,"key":"SkillPotion"},{"floor":10,"key":"SkillPotion"},{"floor":11,"key":"EssenceOfSteel"},{"floor":12,"key":"EssenceOfSteel"},{"floor":12,"key":"EntropicBrew"},{"floor":16,"key":"Ancient Potion"},{"floor":19,"key":"Swift Potion"},{"floor":21,"key":"Dexterity Potion"}],"is_trial":false}