{"gold_per_floor":[118,43,53,53,12,12,44,62,62,62,82,101,101,131,131,228,228,245,25,44,55,55,55,70,70,95,112,131,131,160,160,160,257,257,269,269,285,299,314,314,314,314,338,22,35,53,53,82,82,82],"floor_reached":51,"playtime":2246,"items_purged":["Defend_B"],"score":905,"play_id":"20d85a02-2c88-49c6-b649-aad752765104","local_time":"25611112145212","is_ascension_mode":true,"campfire_choices":[{"data":"Defragment","floor":6.0,"key":"SMITH"},{"data":"Zap","floor":10.0,"key":"SMITH"},{"floor":15.0,"key":"REST"},{"floor":23.0,"key":"REST"},{"floor":25,"key":"REST"},{"floor":29,"key":"REST"},{"floor":32,"key":"REST"},{"floor":40,"key":"REST"},{"floor":42,"key":"REST"},{"floor":47,"key":"REST"},{"data":"Apotheosis","floor":49,"key":"SMITH"}],"neow_cost":"NONE","seed_source_timestamp":749237265864,"circlet_count":0,"master_deck":["Strike_B","Strike_B","Strike_B","Defend_B","Defend_B+1","Defend_B","Zap+1","Dualcast","BootSequence","Rebound","Defragment+1","Ball Lightning","Leap","Glacier+1","White Noise","Genetic Algorithm","Core Surge","Auto Shields+1","Heatsinks","Conserve Battery+1","Ball Lightning","Decay","FTL","Rip and Tear","Chaos+1","Hello World+1","Defragment+1","Echo Form","Coolheaded+1","Apotheosis+1","Chill+1","Undo+1","Sweeping Beam+1","Conserve Battery+1"],"special_seed":0,"relics":["Sozu","Cables","Dodecahedron","PreservedInsect","Black Star","War Paint","Juzu Bracelet","The Courier","Gremlin Horn","Inserter","Happy Flower","Mummified Hand","Oddly Smooth Stone","Boot","Bag of Preparation"],"potions_floor_usage":[],"damage_taken":[{"damage":0.0,"enemies":"Cultist","floor":1.0,"turns":3.0},{"damage":0.0,"enemies":"Small Slimes","floor":3.0,"turns":2.0},{"damage":20.0,"enemies":"Lagavulin","floor":7.0,"turns":7.0},{"damage":0.0,"enemies":"2 Louse","floor":8.0,"turns":2.0},{"damage":6.0,"enemies":"Lots of Slimes","floor":11.0,"turns":3.0},{"damage":0.0,"enemies":"Exordium Wildlife","floor":12.0,"turns":4.0},{"damage":10.0,"enemies":"Gremlin Nob","floor":14.0,"turns":3.0},{"damage":56.0,"enemies":"The Guardian","floor":16.0,"turns":11.0},{"damage":14.0,"enemies":"2 Thieves","floor":18.0,"turns":4.0},{"damage":10.0,"enemies":"3 Byrds","floor":20.0,"turns":6.0},{"damage":12.0,"enemies":"Snake Plant","floor":21.0,"turns":7.0},{"damage":6,"enemies":"Shelled Parasite and Fungi","floor":24,"turns":6},{"damage":13,"enemies":"Cultist and Chosen","floor":27,"turns":7},{"damage":0,"enemies":"Chosen and Byrds","floor":28,"turns":6},{"damage":24,"enemies":"Gremlin Leader","floor":30,"turns":7},{"damage":50,"enemies":"Automaton","floor":33,"turns":11},{"damage":14,"enemies":"3 Shapes","floor":35,"turns":5},{"damage":18,"enemies":"3 Darklings","floor":37,"turns":6},{"damage":2,"enemies":"4 Shapes","floor":38,"turns":8},{"damage":10,"enemies":"Spire Growth","floor":39,"turns":6},{"damage":0,"enemies":"Sphere and 2 Shapes","floor":45,"turns":5},{"damage":15,"enemies":"4 Shapes","floor":46,"turns":4},{"damage":0,"enemies":"Nemesis","floor":48,"turns":9},{"damage":45,"enemies":"Awakened One","floor":50,"turns":14}],"seed_played":"9039397640080439064","potions_obtained":[],"is_trial":false,"path_per_floor":["M","$","M","?","$","R","E","M","T","R","M","M","?","E","R","B",null,"M","$","M","M","?","R","M","R","T","M","M","R","E","?","R","B",null,"M","?","M","M","M","R","?","R","T","$","M","M","R","E","R","B",null],"character_chosen":"DEFECT","items_purchased":["Defragment","War Paint","Heatsinks","Mummified Hand","Oddly Smooth Stone"],"campfire_rested":8,"item_purchase_floors":[5,19,19,44,44],"current_hp_per_floor":[75,75,75,75,75,75,55,55,55,55,49,49,49,39,61,5,58,44,44,34,22,22,44,38,60,60,47,47,69,45,45,67,17,61,47,47,29,27,17,39,39,61,61,61,61,46,68,68,68,23],"gold":82,"neow_bonus":"BOSS_RELIC","is_prod":false,"is_daily":false,"chose_seed":false,"campfire_upgraded":3,"win_rate":0,"timestamp":1542009132,"path_taken":["M","?","M","?","$","R","E","M","T","R","M","?","?","E","R","BOSS","M","$","M","M","?","R","M","R","T","M","M","R","E","?","R","BOSS","M","?","M","M","M","R","?","R","T","$","M","M","R","E","R","BOSS"],"build_version":"2018-11-08","purchased_purges":1,"victory":true,"max_hp_per_floor":[75,75,75,75,75,75,75,75,75,75,75,75,75,75,75,75,75,75,75,75,75,75,75,75,75,75,75,75,75,75,75,75,75,75,75,75,75,75,75,75,75,75,75,75,75,75,75,75,75,75],"card_choices":[{"not_picked":["Consume","Beam Cell"],"picked":"BootSequence","floor":1.0},{"not_picked":["Hologram","Heatsinks"],"picked":"Rebound","floor":3.0},{"not_picked":["Doom and Gloom","Melter"],"picked":"Ball Lightning","floor":7.0},{"not_picked":["Tempest","Rebound"],"picked":"Leap","floor":8.0},{"not_picked":["Rebound","Undo"],"picked":"Glacier","floor":11.0},{"not_picked":["Cold Snap","Force Field"],"picked":"White Noise","floor":12.0},{"not_picked":["Melter","Static Discharge"],"picked":"Genetic Algorithm","floor":14.0},{"not_picked":["All For One","Meteor Strike"],"picked":"Core Surge","floor":16.0},{"not_picked":["Genetic Algorithm","Redo+1"],"picked":"Auto Shields","floor":18.0},{"not_picked":["Redo","Compile Driver"],"picked":"Conserve Battery+1","floor":20.0},{"not_picked":["Conserve Battery","Cold Snap"],"picked":"Ball Lightning","floor":21.0},{"not_picked":["Glacier","Leap"],"picked":"FTL","floor":24},{"not_picked":["Conserve Battery","Blizzard"],"picked":"Rip and Tear","floor":27},{"not_picked":["Undo","Cold Snap"],"picked":"Chaos+1","floor":28},{"not_picked":["Sunder","Doom and Gloom+1"],"picked":"Hello World+1","floor":30},{"not_picked":["Seek","Multi-Cast"],"picked":"Echo Form","floor":33},{"not_picked":["Steam+1","Leap+1"],"picked":"Coolheaded+1","floor":35},{"not_picked":["Jack Of All Trades","Mind Blast"],"picked":"Apotheosis","floor":36},{"not_picked":["Darkness+1","Rebound"],"picked":"Chill+1","floor":37},{"not_picked":["Rip and Tear+1","Compile Driver"],"picked":"Go for the Eyes+1","floor":38},{"not_picked":["Stack","Turbo"],"picked":"Undo+1","floor":39},{"not_picked":["Steam+1","Rebound+1"],"picked":"Sweeping Beam+1","floor":45},{"not_picked":["Genetic Algorithm","BootSequence"],"picked":"Conserve Battery+1","floor":46},{"not_picked":["Turbo","Barrage","Redo"],"picked":"SKIP","floor":48}],"player_experience":112613,"relics_obtained":[{"floor":7.0,"key":"Cables"},{"floor":9.0,"key":"Dodecahedron"},{"floor":14.0,"key":"PreservedInsect"},{"floor":26,"key":"Juzu Bracelet"},{"floor":30,"key":"The Courier"},{"floor":30,"key":"Gremlin Horn"},{"floor":43,"key":"Happy Flower"},{"floor":48,"key":"Boot"},{"floor":48,"key":"Bag of Preparation"}],"event_choices":[{"cards_removed":["Strike_B"],"damage_healed":0.0,"max_hp_gain":0.0,"max_hp_loss":0.0,"gold_gain":0.0,"event_name":"Purifier","player_choice":"Purged","floor":4.0,"gold_loss":0.0,"damage_taken":0.0},{"damage_healed":0.0,"max_hp_gain":0.0,"max_hp_loss":0.0,"gold_gain":0.0,"event_name":"Living Wall","player_choice":"Grow","floor":13.0,"gold_loss":0.0,"damage_taken":0.0,"cards_upgraded":["Glacier"]},{"damage_healed":0.0,"max_hp_gain":0.0,"max_hp_loss":0.0,"gold_gain":0.0,"event_name":"Wheel of Change","player_choice":"Cursed","floor":22.0,"gold_loss":0.0,"damage_taken":0.0,"cards_obtained":["Decay"]},{"damage_healed":0,"gold_gain":0,"player_choice":"Copied","damage_taken":0,"max_hp_gain":0,"max_hp_loss":0,"event_name":"Duplicator","floor":31,"gold_loss":0,"cards_obtained":["Defragment"]},{"damage_healed":0,"gold_gain":0,"player_choice":"Memory 1","damage_taken":0,"max_hp_gain":0,"max_hp_loss":0,"event_name":"SensoryStone","floor":36,"gold_loss":0},{"cards_removed":["Go for the Eyes"],"damage_healed":0,"gold_gain":0,"player_choice":"Removed Attack","damage_taken":0,"max_hp_gain":0,"max_hp_loss":0,"event_name":"Falling","floor":41,"gold_loss":0}],"is_beta":false,"boss_relics":[{"not_picked":["Velvet Choker","Lizard Tail"],"picked":"Black Star"},{"not_picked":["Busted Crown","Astrolabe"],"picked":"Inserter"}],"items_purged_floors":[2],"is_endless":false,"potions_floor_spawned":[1,11,12,16,21,24,28,30,33,37,39],"ascension_level":5}