{"gold_per_floor":[219,231,1,13,13,13,41,41,123,123,123,135,135,147,147,224,224,244,260,260,260,271,271,271],"floor_reached":24,"playtime":1060,"items_purged":[],"score":358,"play_id":"69575a12-dce5-4a22-ad43-9c2c90239e40","local_time":"20190419175033","is_ascension_mode":true,"campfire_choices":[{"floor":6,"key":"RECALL"},{"data":"Disarm","floor":11,"key":"SMITH"},{"data":"True Grit","floor":13,"key":"SMITH"},{"data":"Bash","floor":15,"key":"SMITH"},{"data":"Barricade","floor":23,"key":"SMITH"}],"neow_cost":"NONE","seed_source_timestamp":635651841329000,"circlet_count":0,"master_deck":["AscendersBane","Defend_R","Defend_R","Defend_R","Bash+1","Spot Weakness","Shrug It Off","Headbutt","Disarm+1","True Grit+1","Ghostly Armor","Barricade+1","Shrug It Off","Bite","Bite","Bite","Bite","Bite"],"relics":["Burning Blood","Orichalcum","Oddly Smooth Stone","Kunai","Cursed Key"],"potions_floor_usage":[7,12,12,16,16,24],"damage_taken":[{"damage":10,"enemies":"2 Louse","floor":1,"turns":3},{"damage":11,"enemies":"Jaw Worm","floor":2,"turns":5},{"damage":0,"enemies":"Cultist","floor":4,"turns":3},{"damage":24,"enemies":"Gremlin Nob","floor":7,"turns":5},{"damage":5,"enemies":"Looter","floor":12,"turns":2},{"damage":1,"enemies":"2 Fungi Beasts","floor":14,"turns":4},{"damage":12,"enemies":"The Guardian","floor":16,"turns":14},{"damage":46,"enemies":"3 Byrds","floor":18,"turns":9},{"damage":10,"enemies":"Spheric Guardian","floor":19,"turns":10},{"damage":14,"enemies":"Centurion and Healer","floor":22,"turns":11},{"damage":73,"enemies":"Gremlin Leader","floor":24,"turns":9}],"seed_played":"7248543022792130037","potions_obtained":[{"floor":2,"key":"BloodPotion"},{"floor":7,"key":"EntropicBrew"},{"floor":12,"key":"SpeedPotion"},{"floor":22,"key":"Strength Potion"}],"is_trial":false,"path_per_floor":["M","M","$","M","?","R","E","?","T","?","R","M","R","M","R","B",null,"M","M","?","?","M","R","E"],"character_chosen":"IRONCLAD","items_purchased":["Shrug It Off","Orichalcum","Headbutt"],"campfire_rested":0,"item_purchase_floors":[3,3,3],"current_hp_per_floor":[64,59,59,65,65,65,54,54,54,54,54,55,55,60,60,54,70,30,26,26,26,52,52,0],"gold":271,"neow_bonus":"HUNDRED_GOLD","is_prod":false,"is_daily":false,"chose_seed":false,"campfire_upgraded":4,"win_rate":0,"timestamp":1555685433,"path_taken":["M","M","$","M","?","R","E","?","T","?","R","?","R","M","R","BOSS","M","?","?","?","?","R","E"],"build_version":"2019-01-23","purchased_purges":0,"victory":false,"max_hp_per_floor":[75,75,75,75,75,75,75,75,75,75,75,75,75,75,75,75,75,75,75,52,52,52,52,52],"card_choices":[{"not_picked":["Thunderclap","Wild Strike","Body Slam"],"picked":"SKIP","floor":1},{"not_picked":["Flex","Warcry"],"picked":"Spot Weakness","floor":2},{"not_picked":["Blood for Blood","Shockwave"],"picked":"Disarm","floor":4},{"not_picked":["Clothesline","Armaments","Rupture"],"picked":"SKIP","floor":7},{"not_picked":["Anger","Flex"],"picked":"True Grit","floor":12},{"not_picked":["Rupture","Anger"],"picked":"Ghostly Armor","floor":14},{"not_picked":["Immolate","Offering"],"picked":"Barricade","floor":16},{"not_picked":["Anger","Twin Strike"],"picked":"Shrug It Off","floor":18},{"not_picked":["Iron Wave","True Grit","Heavy Blade"],"picked":"SKIP","floor":19},{"not_picked":["Disarm","Warcry","Dual Wield"],"picked":"SKIP","floor":22}],"player_experience":305114,"relics_obtained":[{"floor":7,"key":"Oddly Smooth Stone"},{"floor":9,"key":"Kunai"}],"event_choices":[{"damage_healed":0,"gold_gain":0,"player_choice":"Ignored","damage_taken":0,"max_hp_gain":0,"max_hp_loss":0,"event_name":"Liars Game","floor":5,"gold_loss":0},{"cards_removed":["Defend_R"],"damage_healed":0,"gold_gain":0,"player_choice":"Forget","damage_taken":0,"max_hp_gain":0,"max_hp_loss":0,"event_name":"Living Wall","floor":8,"gold_loss":0},{"damage_healed":0,"gold_gain":0,"player_choice":"Ignored","damage_taken":0,"max_hp_gain":0,"max_hp_loss":0,"event_name":"Golden Idol","floor":10,"gold_loss":0},{"damage_healed":0,"gold_gain":0,"player_choice":"Became a vampire","damage_taken":0,"max_hp_gain":0,"max_hp_loss":23,"event_name":"Vampires","floor":20,"gold_loss":0,"cards_obtained":["Bite","Bite","Bite","Bite","Bite"]},{"damage_healed":0,"gold_gain":0,"player_choice":"Ignored","damage_taken":0,"max_hp_gain":0,"max_hp_loss":0,"event_name":"Ghosts","floor":21,"gold_loss":0}],"is_beta":false,"boss_relics":[{"not_picked":["Runic Pyramid","Coffee Dripper"],"picked":"Cursed Key"}],"items_purged_floors":[],"is_endless":false,"potions_floor_spawned":[2,7,12,22],"killed_by":"Gremlin Leader","ascension_level":14}