{"gold_per_floor":[116,116,26,42,59,59,89,103,130,162,162,175,190,26,26,103,103,122,122,133,146,166,166,186,186,186,26,26,0,0,0,0,74,74,93,45,57,57,67,98,98,132,132,132,132,132,166,166,166,166,166,166,12,40,40],"floor_reached":56,"playtime":4130,"items_purged":["Bite"],"score":2144,"play_id":"17cb9120-e92d-44fc-9385-390b8eefd537","local_time":"20190331170351","is_ascension_mode":true,"campfire_choices":[{"data":"Hemokinesis","floor":6.0,"key":"SMITH"},{"floor":11.0,"key":"REST"},{"data":"Bludgeon","floor":15.0,"key":"SMITH"},{"floor":23.0,"key":"REST"},{"data":"Double Tap","floor":25.0,"key":"SMITH"},{"data":"True Grit","floor":32.0,"key":"SMITH"},{"data":"Dark Embrace","floor":41.0,"key":"SMITH"},{"data":"Burning Pact","floor":44.0,"key":"SMITH"},{"floor":49.0,"key":"RECALL"},{"data":"Rage","floor":52.0,"key":"SMITH"}],"neow_cost":"TEN_PERCENT_HP_LOSS","seed_source_timestamp":0,"circlet_count":0,"master_deck":["AscendersBane","Defend_R+1","Defend_R","Defend_R","Defend_R+1","Bash","PanicButton","Secret Technique","Finesse","Inflame","Feel No Pain","Dropkick","Bludgeon+1","Dark Embrace+1","Disarm","Bite","Bite","Bite","Bite","Bloodletting","Double Tap+1","Burning Pact+1","True Grit+1","Necronomicurse","Second Wind","Feed","Seeing Red","Secret Technique","Rage+1","Offering"],"special_seed":0,"relics":["Burning Blood","NlothsMask","Strawberry","Boot","Runic Dome","Necronomicon","Runic Pyramid","War Paint","Potion Belt","Frozen Egg 2","Bag of Preparation","Oddly Smooth Stone","Sundial"],"potions_floor_usage":[],"damage_taken":[{"damage":1.0,"enemies":"Jaw Worm","floor":1.0,"turns":5.0},{"damage":4.0,"enemies":"Cultist","floor":4.0,"turns":4.0},{"damage":0.0,"enemies":"2 Louse","floor":5.0,"turns":3.0},{"damage":53.0,"enemies":"3 Sentries","floor":7.0,"turns":11.0},{"damage":13.0,"enemies":"Looter","floor":8.0,"turns":3.0},{"damage":17.0,"enemies":"Lagavulin","floor":10.0,"turns":7.0},{"damage":4.0,"enemies":"Large Slime","floor":12.0,"turns":4.0},{"damage":17.0,"enemies":"2 Fungi Beasts","floor":13.0,"turns":5.0},{"damage":4.0,"enemies":"Slime Boss","floor":16.0,"turns":7.0},{"damage":47.0,"enemies":"Shell Parasite","floor":18.0,"turns":6.0},{"damage":11.0,"enemies":"Chosen","floor":20.0,"turns":4.0},{"damage":15.0,"enemies":"Centurion and Healer","floor":21.0,"turns":7.0},{"damage":35.0,"enemies":"3 Cultists","floor":22.0,"turns":6.0},{"damage":16.0,"enemies":"Shelled Parasite and Fungi","floor":24.0,"turns":4.0},{"damage":5.0,"enemies":"Collector","floor":33.0,"turns":5.0},{"damage":24.0,"enemies":"3 Darklings","floor":35.0,"turns":7.0},{"damage":0.0,"enemies":"Orb Walker","floor":37.0,"turns":3.0},{"damage":27.0,"enemies":"Transient","floor":39.0,"turns":5.0},{"damage":6.0,"enemies":"Giant Head","floor":40.0,"turns":5.0},{"damage":24.0,"enemies":"Nemesis","floor":42.0,"turns":5.0},{"damage":0.0,"enemies":"Giant Head","floor":47.0,"turns":6.0},{"damage":8.0,"enemies":"Awakened One","floor":50.0,"turns":5.0},{"damage":52.0,"enemies":"Shield and Spear","floor":54.0,"turns":13.0},{"damage":14,"enemies":"The Heart","floor":55,"turns":6}],"seed_played":"7506913726141923687","potions_obtained":[{"floor":4.0,"key":"Dexterity Potion"},{"floor":8.0,"key":"SteroidPotion"},{"floor":10.0,"key":"Energy Potion"},{"floor":16.0,"key":"Dexterity Potion"},{"floor":20.0,"key":"AttackPotion"},{"floor":22.0,"key":"Ancient Potion"},{"floor":40.0,"key":"Poison Potion"},{"floor":42.0,"key":"SkillPotion"},{"floor":47.0,"key":"Energy Potion"}],"is_trial":false,"path_per_floor":["M","?","$","M","M","R","E","M","T","E","R","M","M","$","R","B",null,"M","?","M","M","M","R","M","R","T","$","?","?","?","?","R","B",null,"M","$","M","?","M","E","R","E","T","R","?","T","E","?","R","B",null,"R","$","E","B",null],"character_chosen":"IRONCLAD","items_purchased":["Finesse","Bludgeon","Burning Pact","True Grit","Energy Potion","Offering"],"campfire_rested":2,"item_purchase_floors":[3,14,27,27,36,53],"current_hp_per_floor":[68,68,68,68,68,68,28,21,21,10,32,34,23,23,23,25,63,22,22,27,40,25,40,40,40,40,40,19,19,19,19,19,24,45,39,39,52,42,31,38,38,35,35,35,35,35,45,45,45,58,63,63,63,46,64],"gold":40,"neow_bonus":"RANDOM_COLORLESS_2","is_prod":false,"is_daily":false,"chose_seed":true,"campfire_upgraded":7,"win_rate":0,"timestamp":1554023031,"path_taken":["M","?","$","?","M","R","E","M","T","E","R","M","?","$","R","BOSS","M","?","M","M","M","R","M","R","T","$","?","?","?","?","R","BOSS","M","$","M","?","M","E","R","E","T","R","?","?","E","?","R","BOSS","R","$","E","BOSS"],"build_version":"2019-01-23","purchased_purges":1,"victory":true,"max_hp_per_floor":[68,68,68,68,68,68,75,75,75,75,75,75,75,75,75,75,75,75,52,52,52,52,52,52,52,52,52,52,52,52,52,52,52,52,55,55,58,58,58,61,61,64,64,64,64,64,64,61,61,64,64,64,64,64,64],"card_choices":[{"not_picked":["Fire Breathing","Disarm"],"picked":"Hemokinesis","floor":1.0},{"not_picked":["Sever Soul","Iron Wave","Sentinel"],"picked":"SKIP","floor":4.0},{"not_picked":["Bloodletting","Warcry","Disarm"],"picked":"SKIP","floor":5.0},{"not_picked":["Flex","Perfected Strike"],"picked":"Inflame","floor":7.0},{"not_picked":["Perfected Strike","Blood for Blood"],"picked":"Feel No Pain","floor":8.0},{"not_picked":["Warcry","Body Slam"],"picked":"Dropkick","floor":10.0},{"not_picked":["Uppercut","Flex","Heavy Blade"],"picked":"SKIP","floor":12.0},{"not_picked":["Havoc","Body Slam","Iron Wave"],"picked":"SKIP","floor":13.0},{"not_picked":["Bludgeon","Demon Form"],"picked":"Dark Embrace","floor":16.0},{"not_picked":["Flex","Uppercut"],"picked":"Disarm","floor":18.0},{"not_picked":["Sword Boomerang","Rampage","Blood for Blood"],"picked":"SKIP","floor":20.0},{"not_picked":["Evolve","Sever Soul"],"picked":"Bloodletting","floor":21.0},{"not_picked":["Wild Strike","Pummel","Heavy Blade"],"picked":"SKIP","floor":22.0},{"not_picked":["Warcry","Uppercut"],"picked":"Double Tap","floor":24.0},{"not_picked":["Bludgeon","Juggernaut"],"picked":"Feed","floor":33.0},{"not_picked":["Inflame","Flex","Perfected Strike+1"],"picked":"SKIP","floor":35.0},{"not_picked":["Anger","Cleave"],"picked":"Seeing Red","floor":37.0},{"not_picked":["Bandage Up","Madness"],"picked":"Secret Technique","floor":38.0},{"not_picked":["Shrug It Off","Pommel Strike+1"],"picked":"Rage","floor":39.0},{"not_picked":["Thunderclap+1","Immolate","Body Slam"],"picked":"SKIP","floor":40.0},{"not_picked":["Anger","Headbutt","Warcry"],"picked":"SKIP","floor":42.0},{"not_picked":["Whirlwind","Flex","Iron Wave"],"picked":"SKIP","floor":47.0},{"not_picked":["Twin Strike","Power Through","Clash"],"picked":"SKIP","floor":54.0}],"player_experience":2912609,"relics_obtained":[{"floor":7.0,"key":"Strawberry"},{"floor":10.0,"key":"Boot"},{"floor":28.0,"key":"Necronomicon"},{"floor":40.0,"key":"War Paint"},{"floor":42.0,"key":"Potion Belt"},{"floor":43.0,"key":"Frozen Egg 2"},{"floor":46.0,"key":"Bag of Preparation"},{"floor":47.0,"key":"Oddly Smooth Stone"},{"floor":54.0,"key":"Sundial"}],"event_choices":[{"damage_healed":0.0,"max_hp_gain":0.0,"max_hp_loss":0.0,"gold_gain":0.0,"event_name":"FaceTrader","player_choice":"Trade","floor":2.0,"gold_loss":0.0,"damage_taken":0.0,"relics_obtained":["NlothsMask"]},{"damage_healed":0.0,"max_hp_gain":0.0,"max_hp_loss":23.0,"gold_gain":0.0,"event_name":"Vampires","player_choice":"Became a vampire","floor":19.0,"gold_loss":0.0,"damage_taken":0.0,"cards_obtained":["Bite","Bite","Bite","Bite","Bite"]},{"damage_healed":0.0,"max_hp_gain":0.0,"max_hp_loss":0.0,"gold_gain":0.0,"event_name":"Cursed Tome","player_choice":"Obtained Book","floor":28.0,"gold_loss":0.0,"damage_taken":21.0},{"damage_healed":0.0,"max_hp_gain":0.0,"max_hp_loss":0.0,"gold_gain":0.0,"event_name":"Masked Bandits","player_choice":"Paid Fearfully","floor":29.0,"gold_loss":26.0,"damage_taken":0.0},{"damage_healed":0.0,"max_hp_gain":0.0,"max_hp_loss":0.0,"gold_gain":0.0,"event_name":"The Library","player_choice":"Read","floor":30.0,"gold_loss":0.0,"damage_taken":0.0,"cards_obtained":["Second Wind"]},{"cards_removed":["Hemokinesis"],"damage_healed":0.0,"max_hp_gain":0.0,"max_hp_loss":0.0,"gold_gain":0.0,"event_name":"Back to Basics","player_choice":"Elegance","floor":31.0,"gold_loss":0.0,"damage_taken":0.0},{"damage_healed":0.0,"max_hp_gain":0.0,"max_hp_loss":0.0,"gold_gain":0.0,"event_name":"SensoryStone","player_choice":"Memory 3","floor":38.0,"gold_loss":0.0,"damage_taken":10.0},{"damage_healed":0.0,"max_hp_gain":0.0,"max_hp_loss":0.0,"gold_gain":0.0,"event_name":"Tomb of Lord Red Mask","player_choice":"Ignored","floor":45.0,"gold_loss":0.0,"damage_taken":0.0},{"damage_healed":0.0,"max_hp_gain":0.0,"max_hp_loss":3.0,"gold_gain":0.0,"event_name":"Winding Halls","player_choice":"Max HP","floor":48.0,"gold_loss":0.0,"damage_taken":0.0}],"is_beta":false,"boss_relics":[{"not_picked":["Velvet Choker","Empty Cage"],"picked":"Runic Dome"},{"not_picked":["Sozu","Calling Bell"],"picked":"Runic Pyramid"}],"items_purged_floors":[27],"is_endless":false,"potions_floor_spawned":[4,8,10,16,20,22,40,42,47],"ascension_level":15}