{"gold_per_floor":[362,377,3,21,96,96,122,122,122,122,122,122,138,151,151,151],"floor_reached":16,"playtime":821,"items_purged":[],"score":218,"play_id":"cbb0d1bb-e53f-4900-b83d-0c65e114a66a","local_time":"20190110010806","is_ascension_mode":true,"campfire_choices":[{"floor":6.0,"key":"REST"},{"data":"White Noise","floor":8.0,"key":"SMITH"},{"data":"Buffer","floor":10.0,"key":"SMITH"},{"data":"Zap","floor":12.0,"key":"SMITH"},{"data":"Hologram","floor":15.0,"key":"SMITH"}],"neow_cost":"CURSE","seed_source_timestamp":5944983384484,"circlet_count":0,"master_deck":["AscendersBane","Strike_B","Strike_B","Strike_B","Strike_B","Defend_B","Defend_B","Defend_B","Defend_B","Zap+1","Dualcast","Rebound","White Noise+1","BootSequence","Buffer+1","Loop","Hologram+1","Stack"],"special_seed":0,"relics":["Cracked Core","Calipers","Kunai","Shuriken","Spirit Poop"],"potions_floor_usage":[16,16],"damage_taken":[{"damage":2.0,"enemies":"2 Louse","floor":1.0,"turns":3.0},{"damage":4.0,"enemies":"Small Slimes","floor":2.0,"turns":3.0},{"damage":6.0,"enemies":"Cultist","floor":4.0,"turns":4.0},{"damage":0.0,"enemies":"Lagavulin","floor":7.0,"turns":6.0},{"damage":0.0,"enemies":"Red Slaver","floor":13.0,"turns":5.0},{"damage":0.0,"enemies":"Exordium Wildlife","floor":14.0,"turns":3.0},{"damage":79,"enemies":"Hexaghost","floor":16,"turns":15}],"seed_played":"3730218840093982662","potions_obtained":[{"floor":4.0,"key":"Block Potion"},{"floor":14.0,"key":"Regen Potion"}],"is_trial":false,"path_per_floor":["M","M","$","M","?","R","E","R","T","R","?","R","M","M","R","B"],"character_chosen":"DEFECT","items_purchased":["Calipers","BootSequence"],"campfire_rested":1,"item_purchase_floors":[3,3],"current_hp_per_floor":[62,58,58,52,41,62,62,62,62,62,62,62,62,62,62,0],"gold":151,"neow_bonus":"TWO_FIFTY_GOLD","is_prod":false,"is_daily":false,"chose_seed":false,"campfire_upgraded":4,"win_rate":0,"timestamp":1547078886,"path_taken":["M","M","$","M","?","R","E","R","T","R","?","R","M","M","R","BOSS"],"build_version":"2019-01-08","purchased_purges":0,"victory":false,"max_hp_per_floor":[71,71,71,71,71,71,71,71,71,71,71,71,71,71,71,71],"card_choices":[{"not_picked":["Compile Driver","Stack"],"picked":"Rebound","floor":1.0},{"not_picked":["Steam","Streamline"],"picked":"White Noise","floor":2.0},{"not_picked":["Melter","Sweeping Beam"],"picked":"Buffer","floor":4.0},{"not_picked":["Coolheaded","Force Field"],"picked":"Loop","floor":7.0},{"not_picked":["Compile Driver","Leap"],"picked":"Hologram","floor":13.0},{"not_picked":["Ball Lightning","Beam Cell"],"picked":"Stack","floor":14.0}],"player_experience":440185,"relics_obtained":[{"floor":7.0,"key":"Kunai"},{"floor":9.0,"key":"Shuriken"}],"event_choices":[{"damage_healed":0.0,"max_hp_gain":0.0,"max_hp_loss":0.0,"gold_gain":75.0,"event_name":"World of Goop","player_choice":"Gather Gold","floor":5.0,"gold_loss":0.0,"damage_taken":11.0},{"cards_removed":["Normality"],"damage_healed":0.0,"max_hp_gain":0.0,"max_hp_loss":0.0,"gold_gain":0.0,"event_name":"Bonfire Elementals","player_choice":"Offered Curse","floor":11.0,"gold_loss":0.0,"damage_taken":0.0,"relics_obtained":["Spirit Poop"]}],"is_beta":true,"boss_relics":[],"items_purged_floors":[],"is_endless":false,"potions_floor_spawned":[4,14],"killed_by":"Hexaghost","ascension_level":15}