{"gold_per_floor":[116,128,2,2,17,17,32,32,32,59,70,70,96,106,106,184,184,198,267,317,333,383,383,403,403,403,434,502,531,581,721,721,799,849,864,430,440,457,477,477,495,495,495,545,565,591,44,64,64,64],"floor_reached":51,"playtime":2259,"items_purged":["Strike_B"],"score":1448,"play_id":"d25c9c8e-1863-48c3-9940-ed017c726b33","local_time":"20190502124246","is_ascension_mode":true,"campfire_choices":[{"data":"Zap","floor":6.0,"key":"SMITH"},{"data":"Defragment","floor":8.0,"key":"SMITH"},{"data":"Echo Form","floor":15.0,"key":"SMITH"},{"floor":23.0,"key":"REST"},{"floor":25.0,"key":"RECALL"},{"floor":32.0,"key":"REST"},{"floor":40,"key":"REST"},{"floor":42,"key":"REST"},{"floor":49,"key":"REST"}],"neow_cost":"TEN_PERCENT_HP_LOSS","seed_source_timestamp":103628948988868,"circlet_count":0,"master_deck":["AscendersBane","Defend_B","Defend_B","Defend_B","Defend_B","Zap+1","Gash","Compile Driver","Ball Lightning+1","Defragment+1","Ball Lightning","Cold Snap","Echo Form+1","Cold Snap","Coolheaded","Gash","Darkness","Glacier","BootSequence","Fission","Loop+1","Rainbow","Self Repair+1","Defragment+1","Undo","Skim","Coolheaded","Loop+1","Defragment+1","Coolheaded","Blizzard+1"],"special_seed":0,"relics":["Cracked Core","Singing Bowl","Symbiotic Virus","SsserpentHead","Darkstone Periapt","Fusion Hammer","Anchor","Sundial","Strawberry","Tiny House","Frozen Egg 2","Molten Egg 2","Bottled Lightning","Lantern","Centennial Puzzle"],"potions_floor_usage":[39,45,45,50],"damage_taken":[{"damage":0.0,"enemies":"Jaw Worm","floor":1.0,"turns":3.0},{"damage":1.0,"enemies":"Cultist","floor":2.0,"turns":3.0},{"damage":4.0,"enemies":"2 Louse","floor":5.0,"turns":2.0},{"damage":18.0,"enemies":"Large Slime","floor":7.0,"turns":3.0},{"damage":8.0,"enemies":"3 Sentries","floor":10.0,"turns":6.0},{"damage":14.0,"enemies":"Exordium Thugs","floor":11.0,"turns":4.0},{"damage":2.0,"enemies":"Lagavulin","floor":13.0,"turns":5.0},{"damage":9.0,"enemies":"3 Louse","floor":14.0,"turns":5.0},{"damage":0.0,"enemies":"Slime Boss","floor":16.0,"turns":5.0},{"damage":25.0,"enemies":"2 Thieves","floor":18.0,"turns":4.0},{"damage":5.0,"enemies":"Chosen","floor":19.0,"turns":4.0},{"damage":17.0,"enemies":"Shelled Parasite and Fungi","floor":21.0,"turns":6.0},{"damage":0.0,"enemies":"Sentry and Sphere","floor":24.0,"turns":4.0},{"damage":6.0,"enemies":"Book of Stabbing","floor":27.0,"turns":5.0},{"damage":8.0,"enemies":"Snecko","floor":28.0,"turns":7.0},{"damage":0.0,"enemies":"Gremlin Leader","floor":29.0,"turns":9.0},{"damage":25.0,"enemies":"Collector","floor":33.0,"turns":10.0},{"damage":12.0,"enemies":"Orb Walker","floor":35.0,"turns":3.0},{"damage":17.0,"enemies":"3 Darklings","floor":37.0,"turns":4.0},{"damage":49.0,"enemies":"Transient","floor":38.0,"turns":5.0},{"damage":35,"enemies":"Sphere and 2 Shapes","floor":39,"turns":8},{"damage":35,"enemies":"4 Shapes","floor":41,"turns":6},{"damage":32,"enemies":"Transient","floor":45,"turns":5},{"damage":1,"enemies":"Giant Head","floor":46,"turns":12},{"damage":0,"enemies":"Spire Growth","floor":48,"turns":8},{"damage":6,"enemies":"Donu and Deca","floor":50,"turns":17}],"seed_played":"439126202379702151","potions_obtained":[{"floor":5.0,"key":"SteroidPotion"},{"floor":10.0,"key":"Regen Potion"},{"floor":14.0,"key":"Strength Potion"},{"floor":24.0,"key":"AttackPotion"},{"floor":27.0,"key":"EssenceOfSteel"},{"floor":34.0,"key":"Energy Potion"},{"floor":38.0,"key":"FearPotion"},{"floor":39,"key":"FearPotion"},{"floor":45,"key":"LiquidBronze"}],"is_trial":false,"path_per_floor":["M","M","$","?","M","R","M","R","T","E","M","?","E","M","R","B",null,"M","M","?","M","?","R","M","R","T","E","M","E","?","?","R","B",null,"M","$","M","M","M","R","M","R","T","?","M","E","$","M","R","B",null],"character_chosen":"DEFECT","items_purchased":["Ball Lightning","Defragment","Frozen Egg 2","Defragment+1","Undo","Lantern","Centennial Puzzle","SpeedPotion","Defragment+1","Coolheaded","Blizzard+1","Block Potion"],"campfire_rested":5,"item_purchase_floors":[3,3,36,36,36,47,47,47,47,47,47,47],"current_hp_per_floor":[64,63,63,63,59,59,41,41,41,33,21,21,21,26,26,28,60,35,32,32,15,82,82,82,82,82,76,68,77,77,59,86,61,91,79,79,74,37,22,52,17,47,47,47,27,46,46,68,99,106],"gold":64,"neow_bonus":"THREE_RARE_CARDS","is_prod":false,"is_daily":false,"chose_seed":false,"campfire_upgraded":3,"win_rate":0,"timestamp":1556826166,"path_taken":["M","M","$","?","?","R","M","R","T","E","M","?","E","M","R","BOSS","M","?","?","M","?","R","M","R","T","E","?","E","?","?","R","BOSS","M","$","M","M","M","R","M","R","T","?","M","E","$","M","R","BOSS"],"build_version":"2019-01-23","purchased_purges":1,"victory":true,"max_hp_per_floor":[64,64,64,64,64,64,64,64,64,64,66,66,68,68,68,70,70,70,72,72,72,82,82,82,82,82,82,82,91,91,91,91,91,98,98,98,100,102,102,102,102,102,102,102,104,104,104,106,106,106],"card_choices":[{"not_picked":["Buffer","Multi-Cast"],"picked":"Seek","floor":0.0},{"not_picked":["Beam Cell","Force Field"],"picked":"Gash","floor":1.0},{"not_picked":["Stack","Double Energy"],"picked":"Compile Driver","floor":2.0},{"not_picked":["Turbo","Compile Driver"],"picked":"Ball Lightning","floor":5.0},{"not_picked":["Barrage","Aggregate"],"picked":"Cold Snap","floor":7.0},{"not_picked":["Defragment","Force Field"],"picked":"Echo Form","floor":10.0},{"not_picked":["Go for the Eyes","Ball Lightning","Scrape"],"picked":"Singing Bowl","floor":11.0},{"not_picked":["Reprogram","Auto Shields","Storm"],"picked":"Singing Bowl","floor":13.0},{"not_picked":["Compile Driver","Reprogram"],"picked":"Cold Snap","floor":14.0},{"not_picked":["Amplify","Reboot","Hyperbeam"],"picked":"Singing Bowl","floor":16.0},{"not_picked":["Cold Snap","Doom and Gloom+1"],"picked":"Coolheaded","floor":18.0},{"not_picked":["Compile Driver+1","Rebound+1","Cold Snap+1"],"picked":"Singing Bowl","floor":19.0},{"not_picked":["Gash","Chill+1"],"picked":"Glacier","floor":21.0},{"not_picked":["Streamline","Loop"],"picked":"BootSequence","floor":24.0},{"not_picked":["Darkness","Stack"],"picked":"Fission","floor":27.0},{"not_picked":["Lockon","Sunder"],"picked":"Loop+1","floor":28.0},{"not_picked":["Doom and Gloom+1","Streamline","Force Field"],"picked":"Singing Bowl","floor":29.0},{"not_picked":["Echo Form","Hyperbeam"],"picked":"Rainbow","floor":33.0},{"not_picked":["Ball Lightning","Tempest","Blizzard"],"picked":"Singing Bowl","floor":34.0},{"not_picked":["Beam Cell+1","Sweeping Beam"],"picked":"Self Repair+1","floor":35.0},{"not_picked":["Turbo+1","Scrape","Darkness+1"],"picked":"Singing Bowl","floor":37.0},{"not_picked":["Barrage","Rip and Tear","Compile Driver"],"picked":"Singing Bowl","floor":38.0},{"not_picked":["Fusion","Barrage"],"picked":"Skim","floor":39},{"not_picked":["Aggregate","Rebound"],"picked":"Coolheaded","floor":41},{"not_picked":["Heatsinks+1","Streamline+1","Reboot"],"picked":"Singing Bowl","floor":45},{"not_picked":["Chaos","Undo"],"picked":"Loop+1","floor":46},{"not_picked":["Ball Lightning+1","Stack+1","BootSequence+1"],"picked":"Singing Bowl","floor":48}],"player_experience":2525104,"relics_obtained":[{"floor":9.0,"key":"Singing Bowl"},{"floor":10.0,"key":"Symbiotic Virus"},{"floor":13.0,"key":"Darkstone Periapt"},{"floor":26.0,"key":"Anchor"},{"floor":27.0,"key":"Sundial"},{"floor":29.0,"key":"Strawberry"},{"floor":43,"key":"Molten Egg 2"},{"floor":46,"key":"Bottled Lightning"}],"event_choices":[{"cards_removed":["Strike_B"],"damage_healed":0.0,"max_hp_gain":0.0,"max_hp_loss":0.0,"gold_gain":0.0,"event_name":"Wheel of Change","player_choice":"Card Removal","floor":4.0,"gold_loss":0.0,"damage_taken":0.0},{"damage_healed":0.0,"max_hp_gain":0.0,"max_hp_loss":0.0,"gold_gain":0.0,"event_name":"FaceTrader","player_choice":"Trade","floor":12.0,"gold_loss":0.0,"damage_taken":0.0,"relics_obtained":["SsserpentHead"]},{"damage_healed":0.0,"max_hp_gain":0.0,"max_hp_loss":0.0,"gold_gain":0.0,"cards_transformed":["Strike_B","Strike_B"],"event_name":"Drug Dealer","player_choice":"Became Test Subject","floor":20.0,"gold_loss":0.0,"damage_taken":0.0,"cards_obtained":["Gash","Darkness"]},{"cards_removed":["Seek"],"damage_healed":57.0,"max_hp_gain":10.0,"max_hp_loss":0.0,"gold_gain":0.0,"event_name":"Bonfire Elementals","player_choice":"Offered Rare","floor":22.0,"gold_loss":0.0,"damage_taken":0.0},{"damage_healed":0.0,"max_hp_gain":0.0,"max_hp_loss":0.0,"gold_gain":0.0,"event_name":"Ghosts","player_choice":"Ignored","floor":30.0,"gold_loss":0.0,"damage_taken":0.0},{"damage_healed":0.0,"max_hp_gain":0.0,"max_hp_loss":0.0,"gold_gain":90.0,"event_name":"Knowing Skull","player_choice":"GOLD ","floor":31.0,"potions_obtained":[],"gold_loss":0.0,"damage_taken":18.0,"cards_obtained":[]},{"cards_removed":["Dualcast"],"damage_healed":0,"gold_gain":0,"player_choice":"Removed Skill","damage_taken":0,"max_hp_gain":0,"max_hp_loss":0,"event_name":"Falling","floor":44,"gold_loss":0}],"is_beta":false,"boss_relics":[{"not_picked":["Sozu","Ectoplasm"],"picked":"Fusion Hammer"},{"not_picked":["Calling Bell","Lizard Tail"],"picked":"Tiny House"}],"items_purged_floors":[36],"is_endless":false,"potions_floor_spawned":[5,10,14,24,27,29,33,37,38,39,45],"ascension_level":15}