{"gold_per_floor":[116,116,130,147,18,52,2,2,57,232,252,268,284,301,301,405,405,418,436,449,449,185,185,205,205,205,23,23,40,40,53,53,153,153,164,164,164,180,58,58,73,88,114,126,45,0,16,31],"floor_reached":48,"playtime":2310,"items_purged":["Doubt"],"score":440,"play_id":"5353f99e-2501-44b4-87b0-b0e3ff7e7a65","local_time":"25620323131926","is_ascension_mode":false,"campfire_choices":[{"data":"Armaments","floor":8.0,"key":"SMITH"},{"data":"Offering","floor":15.0,"key":"SMITH"},{"data":"Transmutation","floor":23.0,"key":"SMITH"},{"data":"Offering","floor":25.0,"key":"SMITH"},{"data":"Chrysalis","floor":28.0,"key":"SMITH"},{"data":"Metallicize","floor":32.0,"key":"SMITH"},{"floor":40.0,"key":"REST"}],"neow_cost":"NONE","seed_source_timestamp":5096025378551,"circlet_count":0,"master_deck":["Bash","Clothesline","Battle Trance","Reaper","Reaper","Metallicize+1","Offering+1","Bloodletting","Intimidate","Dropkick","Armaments+1","Swift Strike","Shrug It Off","Entrench","Flex","Exhume","Flex","Offering+1","Ghostly Armor","Headbutt","Transmutation+1","Seeing Red","Chrysalis+1","Flame Barrier","Barricade","Armaments+1","Offering+1","Shrug It Off","Flex+1","Evolve+1","Anger+1","Uppercut","Headbutt+1"],"special_seed":0,"relics":["Pandora\u0027s Box","Red Mask"],"potions_floor_usage":[47,47],"damage_taken":[{"damage":9.0,"enemies":"2 Louse","floor":1.0,"turns":3.0},{"damage":11.0,"enemies":"Jaw Worm","floor":3.0,"turns":2.0},{"damage":6.0,"enemies":"Cultist","floor":4.0,"turns":2.0},{"damage":13.0,"enemies":"3 Sentries","floor":6.0,"turns":4.0},{"damage":10.0,"enemies":"Lots of Slimes","floor":11.0,"turns":4.0},{"damage":13.0,"enemies":"2 Fungi Beasts","floor":12.0,"turns":4.0},{"damage":9.0,"enemies":"Large Slime","floor":13.0,"turns":2.0},{"damage":15.0,"enemies":"Looter","floor":14.0,"turns":3.0},{"damage":54.0,"enemies":"Hexaghost","floor":16.0,"turns":10.0},{"damage":15.0,"enemies":"3 Byrds","floor":18.0,"turns":5.0},{"damage":15.0,"enemies":"Spheric Guardian","floor":19.0,"turns":3.0},{"damage":21.0,"enemies":"Cultist and Chosen","floor":20.0,"turns":4.0},{"damage":22.0,"enemies":"Snake Plant","floor":24.0,"turns":4.0},{"damage":31.0,"enemies":"3 Cultists","floor":29.0,"turns":5.0},{"damage":33.0,"enemies":"Cultist and Chosen","floor":31.0,"turns":6.0},{"damage":46.0,"enemies":"Collector","floor":33.0,"turns":7.0},{"damage":27.0,"enemies":"Orb Walker","floor":35.0,"turns":3.0},{"damage":74.0,"enemies":"3 Darklings","floor":38.0,"turns":18.0},{"damage":24.0,"enemies":"Spire Growth","floor":41.0,"turns":4.0},{"damage":26.0,"enemies":"Writhing Mass","floor":42.0,"turns":14.0},{"damage":53.0,"enemies":"Transient","floor":44.0,"turns":5.0},{"damage":21,"enemies":"Spire Growth","floor":47,"turns":2},{"damage":48,"enemies":"Sphere and 2 Shapes","floor":48,"turns":9}],"seed_played":"-896388117136203727","potions_obtained":[{"floor":1.0,"key":"EssenceOfSteel"},{"floor":3.0,"key":"Fire Potion"},{"floor":4.0,"key":"SkillPotion"},{"floor":6.0,"key":"GamblersBrew"},{"floor":16.0,"key":"Fire Potion"},{"floor":19.0,"key":"SkillPotion"},{"floor":20.0,"key":"GamblersBrew"},{"floor":31.0,"key":"LiquidBronze"},{"floor":38.0,"key":"Strength Potion"},{"floor":42.0,"key":"Strength Potion"}],"is_trial":false,"path_per_floor":["M","?","M","M","$","E","?","R","T","?","M","M","M","M","R","B",null,"M","M","M","?","$","R","M","R","T","$","R","M","?","M","R","B",null,"M","?","?","M","$","R","M","M","T","M","$","?","M","M"],"character_chosen":"IRONCLAD","items_purchased":["Swift Strike","Shrug It Off","Transmutation","Chrysalis","Shrug It Off","LiquidBronze","Uppercut"],"campfire_rested":1,"item_purchase_floors":[5,5,22,27,39,39,45],"current_hp_per_floor":[80,77,78,78,78,76,76,76,76,76,80,76,79,77,77,40,80,74,65,68,68,68,68,75,75,75,75,75,72,57,56,56,40,85,63,63,63,19,19,44,49,32,32,7,7,7,23,2],"gold":31,"neow_bonus":"BOSS_RELIC","is_prod":false,"is_daily":false,"chose_seed":false,"campfire_upgraded":6,"win_rate":0,"timestamp":1553321966,"path_taken":["M","?","M","M","$","E","?","R","T","?","?","?","M","M","R","BOSS","M","?","M","?","$","R","M","R","T","$","R","M","?","M","R","BOSS","M","?","?","M","$","R","M","?","T","M","$","?","M","M"],"build_version":"2019-01-23","purchased_purges":1,"victory":false,"max_hp_per_floor":[80,80,80,80,80,80,80,80,80,80,80,80,80,80,80,80,80,80,80,80,80,80,80,80,80,80,80,80,80,85,85,85,85,85,85,85,85,85,85,85,85,85,85,85,85,85,85,85],"card_choices":[{"not_picked":["Rupture","Anger"],"picked":"Intimidate","floor":1.0},{"not_picked":["Clothesline","Battle Trance"],"picked":"Dropkick","floor":3.0},{"not_picked":["True Grit","Body Slam"],"picked":"Armaments","floor":4.0},{"not_picked":["Twin Strike","Disarm"],"picked":"Entrench","floor":6.0},{"not_picked":["Headbutt","True Grit"],"picked":"Flex","floor":11.0},{"not_picked":["Heavy Blade","Havoc","Dual Wield"],"picked":"SKIP","floor":12.0},{"not_picked":["Dual Wield","Cleave"],"picked":"Exhume","floor":13.0},{"not_picked":["Burning Pact","Body Slam"],"picked":"Flex","floor":14.0},{"not_picked":["Brutality","Limit Break"],"picked":"Offering","floor":16.0},{"not_picked":["Anger","Shrug It Off","Heavy Blade"],"picked":"SKIP","floor":18.0},{"not_picked":["Anger","Shrug It Off","Heavy Blade"],"picked":"SKIP","floor":18.0},{"not_picked":["Heavy Blade","Intimidate"],"picked":"Ghostly Armor","floor":19.0},{"not_picked":["Sever Soul+1","Perfected Strike+1"],"picked":"Headbutt","floor":20.0},{"not_picked":["Burning Pact","Iron Wave"],"picked":"Seeing Red","floor":24.0},{"not_picked":["Reckless Charge+1","Heavy Blade","Anger"],"picked":"SKIP","floor":29.0},{"not_picked":["True Grit","Pommel Strike"],"picked":"Flame Barrier","floor":31.0},{"not_picked":["Berserk","Fiend Fire"],"picked":"Barricade","floor":33.0},{"not_picked":["Thunderclap+1","Ghostly Armor"],"picked":"Armaments+1","floor":35.0},{"not_picked":["Heavy Blade+1","Sever Soul+1","Rage"],"picked":"SKIP","floor":38.0},{"not_picked":["Twin Strike","Power Through"],"picked":"Flex+1","floor":41.0},{"not_picked":["Sentinel","Infernal Blade"],"picked":"Evolve+1","floor":42.0},{"not_picked":["Battle Trance","Wild Strike+1"],"picked":"Anger+1","floor":44.0},{"not_picked":["Headbutt+1","Perfected Strike+1","Rampage"],"picked":"SKIP","floor":47},{"not_picked":["Perfected Strike+1","Rampage"],"picked":"Headbutt+1","floor":47},{"not_picked":["Pommel Strike+1","Twin Strike","Warcry"],"picked":"SKIP","floor":48}],"player_experience":333466,"relics_obtained":[],"event_choices":[{"damage_healed":0.0,"max_hp_gain":0.0,"max_hp_loss":0.0,"gold_gain":0.0,"event_name":"Scrap Ooze","player_choice":"Fled","floor":2.0,"gold_loss":0.0,"damage_taken":3.0},{"cards_removed":["Second Wind"],"damage_healed":0.0,"max_hp_gain":0.0,"max_hp_loss":0.0,"gold_gain":0.0,"event_name":"The Cleric","player_choice":"Card Removal","floor":7.0,"gold_loss":50.0,"damage_taken":0.0},{"damage_healed":0.0,"max_hp_gain":0.0,"max_hp_loss":0.0,"gold_gain":175.0,"event_name":"Liars Game","player_choice":"AGREE","floor":10.0,"gold_loss":0.0,"damage_taken":0.0,"cards_obtained":["Doubt"]},{"damage_healed":0.0,"max_hp_gain":0.0,"max_hp_loss":0.0,"gold_gain":0.0,"event_name":"Cursed Tome","player_choice":"Ignored","floor":21.0,"gold_loss":0.0,"damage_taken":0.0},{"damage_healed":0.0,"max_hp_gain":5.0,"max_hp_loss":0.0,"gold_gain":0.0,"event_name":"Forgotten Altar","player_choice":"Shed Blood","floor":30.0,"gold_loss":0.0,"damage_taken":20.0},{"cards_removed":["Anger"],"damage_healed":0.0,"max_hp_gain":0.0,"max_hp_loss":0.0,"gold_gain":0.0,"event_name":"Falling","player_choice":"Removed Attack","floor":36.0,"gold_loss":0.0,"damage_taken":0.0},{"damage_healed":0.0,"max_hp_gain":0.0,"max_hp_loss":0.0,"gold_gain":0.0,"event_name":"Duplicator","player_choice":"Copied","floor":37.0,"gold_loss":0.0,"damage_taken":0.0,"cards_obtained":["Offering"]},{"damage_healed":0.0,"max_hp_gain":0.0,"max_hp_loss":0.0,"gold_gain":0.0,"event_name":"Tomb of Lord Red Mask","player_choice":"Paid","floor":46.0,"gold_loss":45.0,"damage_taken":0.0,"relics_obtained":["Red Mask"]}],"is_beta":false,"boss_relics":[{"not_picked":["Coffee Dripper","Black Star","Calling Bell"]},{"not_picked":["Busted Crown","Fusion Hammer","Philosopher\u0027s Stone"]}],"items_purged_floors":[22],"is_endless":false,"potions_floor_spawned":[1,3,4,6,16,19,20,31,38,42,48],"killed_by":"Sphere and 2 Shapes","ascension_level":0}