{"gold_per_floor":[111,91,111,130,147,147,222,237,264,293,293,293,310,337,337,411,411,424,424,472,216,241,270,270,298,325,344,355,355,178,189,189,265,265,282,156,207,207,207,207,226,226,226,226,240,240,47,74,74,74],"floor_reached":51,"playtime":2170,"items_purged":["Strike_R","Strike_R"],"score":1356,"play_id":"70cbc7fe-6a0c-4077-bf6c-bdd33c4d2874","local_time":"20190221155240","is_ascension_mode":true,"campfire_choices":[{"data":"Bash","floor":6.0,"key":"SMITH"},{"data":"Whirlwind","floor":11.0,"key":"SMITH"},{"data":"Armaments","floor":15.0,"key":"SMITH"},{"data":"Disarm","floor":24.0,"key":"SMITH"},{"data":"Barricade","floor":29.0,"key":"SMITH"},{"data":"Havoc","floor":32.0,"key":"SMITH"},{"data":"Demon Form","floor":40,"key":"SMITH"},{"data":"Feel No Pain","floor":42,"key":"SMITH"},{"data":"Inflame","floor":44,"key":"SMITH"},{"data":"Exhume","floor":49,"key":"SMITH"}],"neow_cost":"PERCENT_DAMAGE","seed_source_timestamp":25390004304159,"circlet_count":0,"master_deck":["AscendersBane","Defend_R","Defend_R+1","Defend_R+1","Bash+1","Carnage+1","Pommel Strike","Flame Barrier","Spot Weakness","Armaments+1","Shockwave","Reaper","Flame Barrier","Whirlwind+1","Disarm+1","Shrug It Off","Offering","Second Wind","Pommel Strike","Havoc+1","Inflame+1","Anger","Impervious","Headbutt","Feel No Pain+1","Barricade+1","Disarm","Exhume+1","Body Slam+1","Shrug It Off","Demon Form+1","Armaments+1","Sword Boomerang+1"],"special_seed":0,"relics":["Burning Blood","Prayer Wheel","War Paint","Potion Belt","Oddly Smooth Stone","Coffee Dripper","Enchiridion","Bag of Preparation","Red Mask","Orichalcum","Whetstone","Anchor","Empty Cage","Torii","Charon\u0027s Ashes","TheAbacus","Mango"],"potions_floor_usage":[37,37,50,50,50],"damage_taken":[{"damage":0.0,"enemies":"Small Slimes","floor":1.0,"turns":3.0},{"damage":0.0,"enemies":"Cultist","floor":3.0,"turns":2.0},{"damage":0.0,"enemies":"2 Louse","floor":4.0,"turns":2.0},{"damage":31.0,"enemies":"Exordium Thugs","floor":5.0,"turns":5.0},{"damage":6.0,"enemies":"Looter","floor":8.0,"turns":4.0},{"damage":21.0,"enemies":"3 Sentries","floor":10.0,"turns":12.0},{"damage":1.0,"enemies":"2 Fungi Beasts","floor":13.0,"turns":4.0},{"damage":0.0,"enemies":"Lagavulin","floor":14.0,"turns":6.0},{"damage":46.0,"enemies":"Hexaghost","floor":16.0,"turns":16.0},{"damage":0.0,"enemies":"3 Byrds","floor":18.0,"turns":5.0},{"damage":18.0,"enemies":"Masked Bandits","floor":22.0,"turns":4.0},{"damage":10.0,"enemies":"Gremlin Leader","floor":23.0,"turns":5.0},{"damage":2.0,"enemies":"Slavers","floor":25.0,"turns":3.0},{"damage":5.0,"enemies":"Spheric Guardian","floor":27.0,"turns":4.0},{"damage":6.0,"enemies":"3 Cultists","floor":28.0,"turns":2.0},{"damage":0.0,"enemies":"Centurion and Healer","floor":31.0,"turns":4.0},{"damage":47.0,"enemies":"Automaton","floor":33.0,"turns":11.0},{"damage":6.0,"enemies":"Orb Walker","floor":35.0,"turns":3.0},{"damage":35,"enemies":"2 Orb Walkers","floor":37,"turns":6},{"damage":0,"enemies":"3 Shapes","floor":41,"turns":4},{"damage":0,"enemies":"Spire Growth","floor":45,"turns":7},{"damage":6,"enemies":"Reptomancer","floor":48,"turns":5},{"damage":20,"enemies":"Donu and Deca","floor":50,"turns":9}],"seed_played":"8245018149789221572","potions_obtained":[{"floor":2.0,"key":"Poison Potion"},{"floor":3.0,"key":"Poison Potion"},{"floor":10.0,"key":"SteroidPotion"},{"floor":13.0,"key":"Energy Potion"},{"floor":14.0,"key":"AttackPotion"},{"floor":23.0,"key":"GamblersBrew"},{"floor":25.0,"key":"Poison Potion"},{"floor":37,"key":"Energy Potion"},{"floor":48,"key":"Block Potion"}],"is_trial":false,"path_per_floor":["M","?","M","M","M","R","?","M","T","E","R","?","M","E","R","B",null,"M","?","T","$","?","E","R","E","T","M","M","R","$","M","R","B",null,"M","$","?","?","?","R","M","R","T","R","M","?","$","E","R","B",null],"character_chosen":"IRONCLAD","items_purchased":["Havoc","SkillPotion","Inflame","Ancient Potion","Dexterity Potion","Demon Form","TheAbacus"],"campfire_rested":0,"item_purchase_floors":[21,21,21,30,36,36,47],"current_hp_per_floor":[56,56,62,68,43,43,32,32,32,29,29,34,43,49,49,19,65,79,58,58,58,58,76,76,80,80,80,80,80,80,80,80,63,76,76,76,62,62,62,62,71,71,71,71,77,76,76,90,90,90],"gold":74,"neow_bonus":"ONE_RARE_RELIC","is_prod":false,"is_daily":false,"chose_seed":false,"campfire_upgraded":10,"win_rate":0,"timestamp":1550793160,"path_taken":["M","?","M","M","?","R","?","M","T","E","R","?","M","E","R","BOSS","M","?","?","$","?","E","R","E","T","M","M","R","$","M","R","BOSS","M","$","?","?","?","R","?","R","T","R","M","?","$","E","R","BOSS"],"build_version":"2019-01-23","purchased_purges":2,"victory":true,"max_hp_per_floor":[75,75,75,75,75,75,75,75,75,75,75,80,80,80,80,80,80,80,80,80,80,80,80,80,80,80,80,80,80,80,80,80,80,80,80,80,80,80,80,80,80,80,80,80,80,76,76,90,90,90],"card_choices":[{"not_picked":["Body Slam","Intimidate"],"picked":"Carnage","floor":1.0},{"not_picked":["Perfected Strike","Intimidate"],"picked":"Pommel Strike","floor":1.0},{"not_picked":["Heavy Blade","Infernal Blade"],"picked":"Flame Barrier","floor":3.0},{"not_picked":["Dual Wield","Fire Breathing"],"picked":"Spot Weakness","floor":3.0},{"not_picked":["Clash","Reckless Charge"],"picked":"Armaments","floor":4.0},{"not_picked":["Flex","Perfected Strike","Wild Strike"],"picked":"SKIP","floor":4.0},{"not_picked":["Twin Strike","Armaments"],"picked":"Shockwave","floor":5.0},{"not_picked":["Wild Strike","Heavy Blade","Infernal Blade"],"picked":"SKIP","floor":5.0},{"not_picked":["Flex","Heavy Blade"],"picked":"Reaper","floor":8.0},{"not_picked":["Clash","Sword Boomerang"],"picked":"Flame Barrier","floor":8.0},{"not_picked":["Clothesline","Battle Trance"],"picked":"Whirlwind","floor":10.0},{"not_picked":["Clothesline","Rupture"],"picked":"Disarm","floor":13.0},{"not_picked":["Pummel","Armaments"],"picked":"Shrug It Off","floor":13.0},{"not_picked":["Perfected Strike","Bloodletting","Power Through"],"picked":"SKIP","floor":14.0},{"not_picked":["Fiend Fire","Berserk"],"picked":"Offering","floor":16.0},{"not_picked":["Armaments","Burning Pact"],"picked":"Second Wind","floor":18.0},{"not_picked":["Whirlwind","Clothesline"],"picked":"Pommel Strike","floor":18.0},{"not_picked":["Heavy Blade","Sever Soul"],"picked":"Anger","floor":23.0},{"not_picked":["Seeing Red","Heavy Blade"],"picked":"Impervious","floor":25.0},{"not_picked":["Sword Boomerang","Wild Strike"],"picked":"Headbutt","floor":27.0},{"not_picked":["Warcry","Clash","Wild Strike"],"picked":"SKIP","floor":27.0},{"not_picked":["Anger","Clash"],"picked":"Feel No Pain","floor":28.0},{"not_picked":["Flex","Sentinel"],"picked":"Barricade","floor":28.0},{"not_picked":["Flex","Wild Strike"],"picked":"Disarm","floor":31.0},{"not_picked":["Anger","Body Slam","Havoc"],"picked":"SKIP","floor":31.0},{"not_picked":["Fiend Fire","Barricade"],"picked":"Exhume","floor":33.0},{"not_picked":["Spot Weakness","Sword Boomerang"],"picked":"Body Slam+1","floor":35.0},{"not_picked":["Wild Strike","True Grit"],"picked":"Shrug It Off","floor":35.0},{"not_picked":["Cleave","Blood for Blood+1"],"picked":"Armaments+1","floor":37},{"not_picked":["Iron Wave+1","Wild Strike","Seeing Red"],"picked":"SKIP","floor":41},{"not_picked":["Double Tap","Heavy Blade","Dropkick"],"picked":"SKIP","floor":41},{"not_picked":["Second Wind+1","Havoc"],"picked":"Sword Boomerang+1","floor":45},{"not_picked":["Twin Strike","Havoc","Fire Breathing"],"picked":"SKIP","floor":45},{"not_picked":["Wild Strike","Perfected Strike","Reckless Charge+1"],"picked":"SKIP","floor":48}],"player_experience":2236627,"relics_obtained":[{"floor":9.0,"key":"War Paint"},{"floor":10.0,"key":"Potion Belt"},{"floor":14.0,"key":"Oddly Smooth Stone"},{"floor":19.0,"key":"Enchiridion"},{"floor":20.0,"key":"Bag of Preparation"},{"floor":22.0,"key":"Red Mask"},{"floor":23.0,"key":"Orichalcum"},{"floor":25.0,"key":"Whetstone"},{"floor":26.0,"key":"Anchor"},{"floor":37,"key":"Torii"},{"floor":43,"key":"Charon\u0027s Ashes"},{"floor":48,"key":"Mango"}],"event_choices":[{"damage_healed":0.0,"max_hp_gain":0.0,"max_hp_loss":0.0,"gold_gain":0.0,"event_name":"The Woman in Blue","player_choice":"Bought 1 Potion","floor":2.0,"gold_loss":0.0,"damage_taken":0.0},{"damage_healed":0.0,"max_hp_gain":0.0,"max_hp_loss":0.0,"gold_gain":75.0,"event_name":"World of Goop","player_choice":"Gather Gold","floor":7.0,"gold_loss":0.0,"damage_taken":11.0},{"damage_healed":0.0,"max_hp_gain":5.0,"max_hp_loss":0.0,"gold_gain":0.0,"event_name":"Big Fish","player_choice":"Donut","floor":12.0,"gold_loss":0.0,"damage_taken":0.0},{"damage_healed":0.0,"max_hp_gain":0.0,"max_hp_loss":0.0,"gold_gain":0.0,"event_name":"Cursed Tome","player_choice":"Obtained Book","floor":19.0,"gold_loss":0.0,"damage_taken":21.0},{"damage_healed":0.0,"max_hp_gain":0.0,"max_hp_loss":0.0,"gold_gain":0.0,"event_name":"Masked Bandits","player_choice":"Fought Bandits","floor":22.0,"gold_loss":0.0,"damage_taken":0.0},{"damage_healed":0,"gold_gain":0,"player_choice":"Fight","damage_taken":0,"max_hp_gain":0,"max_hp_loss":0,"event_name":"Mysterious Sphere","floor":37,"gold_loss":0},{"cards_removed":["Strike_R"],"damage_healed":0,"gold_gain":0,"player_choice":"Removed Attack","damage_taken":0,"max_hp_gain":0,"max_hp_loss":0,"event_name":"Falling","floor":38,"gold_loss":0},{"cards_removed":["Defend_R"],"damage_healed":0,"gold_gain":0,"player_choice":"Purged","damage_taken":0,"max_hp_gain":0,"max_hp_loss":0,"event_name":"Purifier","floor":39,"gold_loss":0},{"damage_healed":0,"gold_gain":0,"player_choice":"Max HP","damage_taken":0,"max_hp_gain":0,"max_hp_loss":4,"event_name":"Winding Halls","floor":46,"gold_loss":0}],"is_beta":false,"boss_relics":[{"not_picked":["Orrery","Calling Bell"],"picked":"Coffee Dripper"},{"not_picked":["Astrolabe","Runic Cube"],"picked":"Empty Cage"}],"items_purged_floors":[21,30],"is_endless":false,"potions_floor_spawned":[3,4,5,10,13,14,23,25,37,48],"ascension_level":15}