{"gold_per_floor":[117,117,128,203,253,253,283,300,350,680,692,707,741,741,741,816,816,830,844,178,195,735,763,763,780,807,818,837,837,867,867,867,945,945,963,974,1024,778,778,805,834,834,881,910,1010,1044,694,713,713,713,713,713,48,82,82],"floor_reached":56,"playtime":2372,"items_purged":["Rampage","Immolate","Immolate","Immolate"],"score":2678,"play_id":"f6b4199b-dc8a-4836-be44-285444c4ecd5","local_time":"20190406005836","is_ascension_mode":true,"campfire_choices":[{"data":"Armaments","floor":6.0,"key":"SMITH"},{"floor":15.0,"key":"REST"},{"floor":24.0,"key":"REST"},{"data":"Evolve","floor":32.0,"key":"SMITH"},{"floor":49.0,"key":"RECALL"},{"floor":52.0,"key":"REST"}],"neow_cost":"NONE","seed_source_timestamp":0,"circlet_count":0,"master_deck":["AscendersBane","Bash","Armaments+1","Immolate","True Grit","Clothesline","Impervious","Shockwave","Rampage","Limit Break","Evolve+1","Carnage","Corruption","Burning Pact","Reaper","Sentinel+1","Second Wind","Double Tap","Feel No Pain+1","Heavy Blade+1","Power Through","Body Slam+1","Flame Barrier"],"special_seed":0,"relics":["Snecko Eye","Dream Catcher","Pen Nib","Old Coin","Calipers","StoneCalendar","Pandora\u0027s Box","FossilizedHelix","OrangePellets","Frozen Egg 2","Ancient Tea Set","Fusion Hammer","WingedGreaves","Bag of Marbles","Happy Flower","Bird Faced Urn","Boot","Paper Frog","Charon\u0027s Ashes","Vajra","Anchor","Sundial","Bag of Preparation","Gambling Chip"],"potions_floor_usage":[55,55,55],"damage_taken":[{"damage":2.0,"enemies":"Small Slimes","floor":1.0,"turns":3.0},{"damage":7.0,"enemies":"Jaw Worm","floor":3.0,"turns":3.0},{"damage":4.0,"enemies":"Lagavulin","floor":7.0,"turns":8.0},{"damage":0.0,"enemies":"2 Louse","floor":8.0,"turns":1.0},{"damage":7.0,"enemies":"3 Sentries","floor":10.0,"turns":4.0},{"damage":10.0,"enemies":"Lots of Slimes","floor":11.0,"turns":2.0},{"damage":0.0,"enemies":"Large Slime","floor":12.0,"turns":3.0},{"damage":23.0,"enemies":"Gremlin Nob","floor":13.0,"turns":4.0},{"damage":4.0,"enemies":"The Guardian","floor":16.0,"turns":7.0},{"damage":0.0,"enemies":"Chosen","floor":18.0,"turns":3.0},{"damage":0.0,"enemies":"3 Byrds","floor":19.0,"turns":2.0},{"damage":0.0,"enemies":"Sentry and Sphere","floor":21.0,"turns":1.0},{"damage":0.0,"enemies":"Book of Stabbing","floor":23.0,"turns":2.0},{"damage":0.0,"enemies":"Snecko","floor":25.0,"turns":3.0},{"damage":6.0,"enemies":"Chosen and Byrds","floor":27.0,"turns":3.0},{"damage":12.0,"enemies":"Centurion and Healer","floor":28.0,"turns":3.0},{"damage":0.0,"enemies":"Slavers","floor":30.0,"turns":3.0},{"damage":0.0,"enemies":"Collector","floor":33.0,"turns":5.0},{"damage":12.0,"enemies":"3 Darklings","floor":35.0,"turns":2.0},{"damage":0.0,"enemies":"3 Shapes","floor":36.0,"turns":1.0},{"damage":16.0,"enemies":"2 Orb Walkers","floor":37.0,"turns":3.0},{"damage":0.0,"enemies":"Nemesis","floor":40.0,"turns":5.0},{"damage":0.0,"enemies":"Reptomancer","floor":41.0,"turns":4.0},{"damage":0.0,"enemies":"Giant Head","floor":44.0,"turns":4.0},{"damage":0.0,"enemies":"Mind Bloom Boss Battle","floor":45.0,"turns":3.0},{"damage":5.0,"enemies":"Nemesis","floor":46.0,"turns":3.0},{"damage":0.0,"enemies":"Transient","floor":48.0,"turns":5.0},{"damage":25.0,"enemies":"Awakened One","floor":50.0,"turns":8.0},{"damage":0.0,"enemies":"Shield and Spear","floor":54.0,"turns":3.0},{"damage":0,"enemies":"The Heart","floor":55,"turns":7}],"seed_played":"-2058152693159791174","potions_obtained":[{"floor":1.0,"key":"Energy Potion"},{"floor":8.0,"key":"SneckoOil"},{"floor":10.0,"key":"GamblersBrew"},{"floor":11.0,"key":"Regen Potion"},{"floor":13.0,"key":"Explosive Potion"},{"floor":18.0,"key":"PowerPotion"},{"floor":33.0,"key":"EssenceOfSteel"},{"floor":36.0,"key":"FearPotion"},{"floor":37.0,"key":"SteroidPotion"},{"floor":45.0,"key":"LiquidBronze"},{"floor":46.0,"key":"SteroidPotion"}],"is_trial":false,"path_per_floor":["M","?","M","?","?","R","E","M","T","E","M","M","E","?","R","B",null,"M","M","$","M","?","E","R","M","T","M","M","?","E","?","R","B",null,"M","M","?","$","?","E","E","?","T","E","?","E","$","M","R","B",null,"R","$","E","B",null],"character_chosen":"IRONCLAD","items_purchased":["Corruption","FossilizedHelix","OrangePellets","Bag of Marbles","Anchor","Power Through","Sundial","Bag of Preparation","EntropicBrew"],"campfire_rested":3,"item_purchase_floors":[20,20,20,38,47,47,53,53,53],"current_hp_per_floor":[66,66,59,48,48,48,44,44,44,37,27,27,16,16,38,34,65,65,65,65,65,16,16,38,38,38,32,20,20,20,20,20,20,61,63,63,47,47,47,54,75,75,75,75,75,75,75,75,75,50,69,75,75,75,75],"gold":82,"neow_bonus":"BOSS_RELIC","is_prod":false,"is_daily":false,"chose_seed":true,"campfire_upgraded":2,"win_rate":0,"timestamp":1554483516,"path_taken":["M","?","M","?","?","R","E","M","T","E","?","M","E","?","R","BOSS","M","?","$","M","?","E","R","?","T","?","M","?","E","?","R","BOSS","M","M","?","$","?","E","E","?","T","E","?","E","$","M","R","BOSS","R","$","E","BOSS"],"build_version":"2019-01-23","purchased_purges":4,"victory":true,"max_hp_per_floor":[75,75,75,75,75,75,75,75,75,75,75,75,75,75,75,75,75,75,75,75,75,75,75,75,75,75,75,75,75,75,75,75,75,75,75,75,75,75,75,75,75,75,75,75,75,75,75,75,75,75,75,75,75,75,75],"card_choices":[{"not_picked":["Sentinel","Wild Strike","Twin Strike"],"picked":"SKIP","floor":1.0},{"not_picked":["Inflame","Clash"],"picked":"Armaments","floor":3.0},{"not_picked":["Warcry","Headbutt"],"picked":"Immolate","floor":7.0},{"not_picked":["Warcry","True Grit","Sentinel"],"picked":"SKIP","floor":8.0},{"not_picked":["Warcry","Sentinel"],"picked":"True Grit","floor":8.0},{"not_picked":["Rage","Wild Strike","Headbutt"],"picked":"SKIP","floor":10.0},{"not_picked":["Offering","Pommel Strike","Wild Strike"],"picked":"SKIP","floor":11.0},{"not_picked":["Wild Strike","Warcry","Rage"],"picked":"SKIP","floor":12.0},{"not_picked":["Anger","Blood for Blood"],"picked":"Clothesline","floor":13.0},{"not_picked":["Battle Trance","Rampage"],"picked":"Uppercut","floor":15.0},{"not_picked":["Limit Break","Fiend Fire"],"picked":"Impervious","floor":16.0},{"not_picked":["Whirlwind","Pommel Strike","Clothesline"],"picked":"SKIP","floor":18.0},{"not_picked":["Feel No Pain","Perfected Strike","Shrug It Off"],"picked":"SKIP","floor":19.0},{"not_picked":["Carnage+1","Heavy Blade"],"picked":"Burning Pact","floor":21.0},{"not_picked":["Havoc","Ghostly Armor","Seeing Red"],"picked":"SKIP","floor":23.0},{"not_picked":["Wild Strike","Perfected Strike","Carnage+1"],"picked":"SKIP","floor":25.0},{"not_picked":["Clash+1","Blood for Blood","Evolve+1"],"picked":"SKIP","floor":27.0},{"not_picked":["Clash","Sever Soul","Berserk+1"],"picked":"SKIP","floor":28.0},{"not_picked":["Sword Boomerang","Heavy Blade","Clothesline"],"picked":"SKIP","floor":30.0},{"not_picked":["Dark Embrace+1","Feed"],"picked":"Reaper","floor":33.0},{"not_picked":["Twin Strike","Anger"],"picked":"Sentinel+1","floor":35.0},{"not_picked":["True Grit","Bloodletting+1","Clash"],"picked":"SKIP","floor":36.0},{"not_picked":["Flex","Pommel Strike+1"],"picked":"Second Wind","floor":37.0},{"not_picked":["Clothesline","Whirlwind+1"],"picked":"Double Tap","floor":40.0},{"not_picked":["Hemokinesis+1","Clothesline","Rupture+1"],"picked":"SKIP","floor":41.0},{"not_picked":["Combust+1","Cleave"],"picked":"Feel No Pain+1","floor":44.0},{"not_picked":["Pommel Strike","Reckless Charge"],"picked":"Heavy Blade+1","floor":45.0},{"not_picked":["Dual Wield","Perfected Strike+1","Cleave"],"picked":"SKIP","floor":46.0},{"not_picked":["Anger","Battle Trance","Armaments"],"picked":"SKIP","floor":48.0},{"not_picked":["Headbutt","Iron Wave"],"picked":"Body Slam+1","floor":52.0},{"not_picked":["Rampage+1","Fire Breathing+1"],"picked":"Flame Barrier","floor":54.0}],"player_experience":2940473,"relics_obtained":[{"floor":7.0,"key":"Dream Catcher"},{"floor":9.0,"key":"Pen Nib"},{"floor":10.0,"key":"Old Coin"},{"floor":13.0,"key":"Calipers"},{"floor":23.0,"key":"Frozen Egg 2"},{"floor":30.0,"key":"Ancient Tea Set"},{"floor":37.0,"key":"WingedGreaves"},{"floor":40.0,"key":"Happy Flower"},{"floor":41.0,"key":"Bird Faced Urn"},{"floor":43.0,"key":"Boot"},{"floor":44.0,"key":"Paper Frog"},{"floor":45.0,"key":"Charon\u0027s Ashes"},{"floor":46.0,"key":"Vajra"},{"floor":54.0,"key":"Gambling Chip"}],"event_choices":[{"damage_healed":0.0,"max_hp_gain":0.0,"max_hp_loss":0.0,"gold_gain":0.0,"event_name":"Shining Light","player_choice":"Ignored","floor":2.0,"gold_loss":0.0,"damage_taken":0.0},{"damage_healed":0.0,"max_hp_gain":0.0,"max_hp_loss":0.0,"gold_gain":75.0,"event_name":"World of Goop","player_choice":"Gather Gold","floor":4.0,"gold_loss":0.0,"damage_taken":11.0},{"damage_healed":0.0,"max_hp_gain":0.0,"max_hp_loss":0.0,"gold_gain":50.0,"event_name":"Golden Shrine","player_choice":"Pray","floor":5.0,"gold_loss":0.0,"damage_taken":0.0},{"damage_healed":0.0,"max_hp_gain":0.0,"max_hp_loss":0.0,"gold_gain":0.0,"event_name":"WeMeetAgain","player_choice":"Gave Potion","floor":14.0,"gold_loss":0.0,"damage_taken":0.0,"relics_obtained":["StoneCalendar"]},{"damage_healed":0.0,"max_hp_gain":0.0,"max_hp_loss":0.0,"gold_gain":540.0,"event_name":"Knowing Skull","player_choice":"GOLD GOLD GOLD GOLD GOLD GOLD ","floor":22.0,"potions_obtained":[],"gold_loss":0.0,"damage_taken":49.0,"cards_obtained":[]},{"damage_healed":0.0,"max_hp_gain":0.0,"max_hp_loss":0.0,"gold_gain":0.0,"event_name":"Forgotten Altar","player_choice":"Smashed Altar","floor":29.0,"gold_loss":0.0,"damage_taken":0.0,"cards_obtained":["Decay"]},{"cards_removed":["Decay"],"damage_healed":0.0,"max_hp_gain":0.0,"max_hp_loss":0.0,"gold_gain":0.0,"event_name":"Back to Basics","player_choice":"Elegance","floor":31.0,"gold_loss":0.0,"damage_taken":0.0},{"damage_healed":0.0,"max_hp_gain":0.0,"max_hp_loss":0.0,"gold_gain":0.0,"event_name":"Mysterious Sphere","player_choice":"Fight","floor":37.0,"gold_loss":0.0,"damage_taken":0.0},{"damage_healed":0.0,"max_hp_gain":0.0,"max_hp_loss":0.0,"gold_gain":0.0,"event_name":"Tomb of Lord Red Mask","player_choice":"Ignored","floor":39.0,"gold_loss":0.0,"damage_taken":0.0},{"cards_removed":["Uppercut"],"damage_healed":0.0,"max_hp_gain":0.0,"max_hp_loss":0.0,"gold_gain":0.0,"event_name":"Falling","player_choice":"Removed Attack","floor":42.0,"gold_loss":0.0,"damage_taken":0.0},{"damage_healed":0.0,"max_hp_gain":0.0,"max_hp_loss":0.0,"gold_gain":0.0,"event_name":"MindBloom","player_choice":"Fight","floor":45.0,"gold_loss":0.0,"damage_taken":0.0}],"is_beta":false,"boss_relics":[{"not_picked":["Runic Cube","Tiny House"],"picked":"Pandora\u0027s Box"},{"not_picked":["Philosopher\u0027s Stone","Velvet Choker"],"picked":"Fusion Hammer"}],"items_purged_floors":[20,38,47,53],"is_endless":false,"potions_floor_spawned":[1,8,10,11,13,18,19,25,28,33,36,37,45,46,54],"ascension_level":15}