{"gold_per_floor":[109,109,120,138,138,138,168,50,50,100,100,100,119,129,129,206,206,224,237,152,168,184,184,184,184],"floor_reached":25,"playtime":1464,"items_purged":["Strike_R"],"score":406,"play_id":"7f021746-8c88-45d1-a113-b87ecee68bcf","local_time":"20190307121548","is_ascension_mode":true,"campfire_choices":[{"floor":6.0,"key":"REST"},{"floor":11.0,"key":"REST"},{"floor":15.0,"key":"REST"},{"floor":23,"key":"REST"}],"neow_cost":"NONE","seed_source_timestamp":3293136757721200,"circlet_count":0,"master_deck":["AscendersBane","Strike_R+1","Strike_R+1","Strike_R+1","Defend_R+1","Defend_R+1","Defend_R+1","Defend_R+1","Bash","Combust","Clothesline","Burning Pact","Anger","Reckless Charge+1","Spot Weakness","Reaper","Sword Boomerang+1","Twin Strike","Shrug It Off"],"special_seed":0,"relics":["Burning Blood","Juzu Bracelet","Paper Frog","Dead Branch","Ancient Tea Set","Sozu","Gremlin Horn"],"potions_floor_usage":[21],"damage_taken":[{"damage":11.0,"enemies":"Jaw Worm","floor":1.0,"turns":5.0},{"damage":9.0,"enemies":"2 Louse","floor":3.0,"turns":3.0},{"damage":11.0,"enemies":"Small Slimes","floor":4.0,"turns":3.0},{"damage":42.0,"enemies":"3 Sentries","floor":7.0,"turns":9.0},{"damage":12.0,"enemies":"Gremlin Gang","floor":13.0,"turns":4.0},{"damage":7.0,"enemies":"Blue Slaver","floor":14.0,"turns":4.0},{"damage":34.0,"enemies":"The Guardian","floor":16.0,"turns":15.0},{"damage":31.0,"enemies":"2 Thieves","floor":18.0,"turns":4.0},{"damage":13,"enemies":"Spheric Guardian","floor":19,"turns":3},{"damage":0,"enemies":"Centurion and Healer","floor":21,"turns":6},{"damage":23,"enemies":"Chosen and Byrds","floor":22,"turns":5},{"damage":51,"enemies":"Book of Stabbing","floor":25,"turns":5}],"seed_played":"1870939001549414874","potions_obtained":[{"floor":1.0,"key":"Block Potion"},{"floor":3.0,"key":"Energy Potion"},{"floor":16.0,"key":"AttackPotion"}],"is_trial":false,"path_per_floor":["M","?","M","M","?","R","E","$","T","?","R","?","M","M","R","B",null,"M","M","?","M","M","R","?","E"],"character_chosen":"IRONCLAD","items_purchased":["Reckless Charge"],"campfire_rested":4,"item_purchase_floors":[8],"current_hp_per_floor":[63,52,49,44,37,59,23,23,23,23,45,22,16,15,37,9,59,34,27,27,40,29,51,51,0],"gold":184,"neow_bonus":"RANDOM_COMMON_RELIC","is_prod":false,"is_daily":false,"chose_seed":false,"campfire_upgraded":0,"win_rate":0,"timestamp":1551960948,"path_taken":["M","?","M","M","?","R","E","$","T","?","R","?","M","M","R","BOSS","M","M","?","M","M","R","?","E"],"build_version":"2019-01-23","purchased_purges":1,"victory":false,"max_hp_per_floor":[75,75,75,75,75,75,75,75,75,75,75,75,75,75,75,75,75,75,75,75,75,75,75,75,75],"card_choices":[{"not_picked":["Bloodletting","Flex"],"picked":"Combust","floor":1.0},{"not_picked":["Heavy Blade","Flex"],"picked":"Clothesline","floor":3.0},{"not_picked":["Warcry","Flex"],"picked":"Burning Pact","floor":4.0},{"not_picked":["Fire Breathing","Wild Strike"],"picked":"Anger","floor":7.0},{"not_picked":["Armaments","Anger"],"picked":"Spot Weakness","floor":13.0},{"not_picked":["Dual Wield","Bloodletting","Flex"],"picked":"SKIP","floor":14.0},{"not_picked":["Impervious","Demon Form"],"picked":"Reaper","floor":16.0},{"not_picked":["Body Slam","Warcry"],"picked":"Sword Boomerang+1","floor":18.0},{"not_picked":["Clothesline","Sever Soul"],"picked":"Twin Strike","floor":19},{"not_picked":["Fire Breathing","Headbutt"],"picked":"Shrug It Off","floor":21},{"not_picked":["Searing Blow","Pommel Strike","Iron Wave"],"picked":"SKIP","floor":22}],"player_experience":2242209,"relics_obtained":[{"floor":7.0,"key":"Dead Branch"},{"floor":9.0,"key":"Ancient Tea Set"}],"event_choices":[{"damage_healed":0.0,"max_hp_gain":0.0,"max_hp_loss":0.0,"gold_gain":0.0,"event_name":"Scrap Ooze","player_choice":"Success","floor":2.0,"gold_loss":0.0,"damage_taken":11.0,"relics_obtained":["Paper Frog"]},{"cards_removed":["Strike_R"],"damage_healed":0.0,"max_hp_gain":0.0,"max_hp_loss":0.0,"gold_gain":0.0,"event_name":"Golden Wing","player_choice":"Card Removal","floor":5.0,"gold_loss":0.0,"damage_taken":7.0},{"damage_healed":0.0,"max_hp_gain":0.0,"max_hp_loss":0.0,"gold_gain":50.0,"event_name":"Golden Shrine","player_choice":"Pray","floor":10.0,"gold_loss":0.0,"damage_taken":0.0},{"damage_healed":0.0,"max_hp_gain":0.0,"max_hp_loss":0.0,"gold_gain":0.0,"event_name":"Shining Light","player_choice":"Entered Light","floor":12.0,"gold_loss":0.0,"damage_taken":23.0,"cards_upgraded":["Reckless Charge","Strike_R"]},{"damage_healed":0,"gold_gain":0,"player_choice":"Obtained Relic","damage_taken":0,"relics_obtained":["Gremlin Horn"],"max_hp_gain":0,"max_hp_loss":0,"event_name":"Addict","floor":20,"gold_loss":85},{"damage_healed":0,"gold_gain":0,"player_choice":"Simplicity","damage_taken":0,"max_hp_gain":0,"max_hp_loss":0,"event_name":"Back to Basics","floor":24,"gold_loss":0,"cards_upgraded":["Strike_R","Strike_R","Defend_R","Defend_R","Defend_R","Defend_R"]}],"is_beta":false,"boss_relics":[{"not_picked":["Tiny House","Busted Crown"],"picked":"Sozu"}],"items_purged_floors":[8],"is_endless":false,"potions_floor_spawned":[1,3,16,18],"killed_by":"Book of Stabbing","ascension_level":20}