{"gold_per_floor":[119,269,95,109,127,162,162,174,174,174,201,201,218,27,27,100,100,118,134,144,164,175,209,209,220,220,220,233,264,19,46,46,125,125,139,139,139,39,57,57,85,85,131,131,162,173,187,199,199,199],"floor_reached":51,"playtime":4002,"items_purged":["Doubt","Writhe"],"score":1328,"play_id":"8f89a9bd-bfef-49ce-89f7-529a14a51ad8","local_time":"20180727183808","is_ascension_mode":true,"campfire_choices":[{"floor":7.0,"key":"REST"},{"data":"Noxious Fumes","floor":10.0,"key":"SMITH"},{"data":"Neutralize","floor":15.0,"key":"SMITH"},{"data":"Crippling Poison","floor":24,"key":"SMITH"},{"floor":27,"key":"REST"},{"data":"Catalyst","floor":32,"key":"SMITH"},{"data":"Doppelganger","floor":40,"key":"SMITH"},{"floor":42,"key":"REST"},{"data":"Backflip","floor":44,"key":"SMITH"},{"data":"Leg Sweep","floor":49,"key":"SMITH"}],"neow_cost":"NONE","seed_source_timestamp":37444383718883,"circlet_count":0,"master_deck":["Defend_G","Defend_G","Defend_G","Defend_G","Strike_G","Strike_G","Survivor","Neutralize+1","AscendersBane","Leg Sweep+1","Slice","Cloak And Dagger","Crippling Poison+1","Noxious Fumes+1","Corpse Explosion","Dash","Doppelganger+1","Backflip+1","Well Laid Plans+1","Escape Plan+1","Backflip+1","Catalyst+1","Slice+1","Grand Finale+1","Doppelganger+1","Sucker Punch+1","After Image+1","PiercingWail+1","Noxious Fumes+1"],"special_seed":0,"relics":["Ring of the Snake","Orichalcum","Ninja Scroll","Prayer Wheel","TwistedFunnel","Sozu","The Specimen","Boot","Art of War","Paper Crane","Anchor","Astrolabe","Mercury Hourglass","Bag of Preparation","Frozen Egg 2"],"potions_floor_usage":[50],"damage_taken":[{"damage":0.0,"enemies":"2 Louse","floor":1.0,"turns":5.0},{"damage":0.0,"enemies":"Jaw Worm","floor":4.0,"turns":5.0},{"damage":2.0,"enemies":"Cultist","floor":5.0,"turns":5.0},{"damage":47.0,"enemies":"Gremlin Nob","floor":6.0,"turns":7.0},{"damage":1.0,"enemies":"Blue Slaver","floor":8.0,"turns":5.0},{"damage":9.0,"enemies":"3 Sentries","floor":11.0,"turns":5.0},{"damage":4.0,"enemies":"Gremlin Gang","floor":13.0,"turns":3.0},{"damage":28.0,"enemies":"Slime Boss","floor":16.0,"turns":11.0},{"damage":0.0,"enemies":"3 Byrds","floor":18.0,"turns":3.0},{"damage":2.0,"enemies":"Chosen","floor":19.0,"turns":5.0},{"damage":7.0,"enemies":"Sentry and Sphere","floor":20.0,"turns":5.0},{"damage":0,"enemies":"Centurion and Healer","floor":21,"turns":6},{"damage":0,"enemies":"Cultist and Chosen","floor":22,"turns":6},{"damage":0,"enemies":"Gremlin Leader","floor":23,"turns":7},{"damage":0,"enemies":"3 Cultists","floor":25,"turns":2},{"damage":2,"enemies":"Chosen and Byrds","floor":28,"turns":4},{"damage":15,"enemies":"Book of Stabbing","floor":29,"turns":8},{"damage":2,"enemies":"Collector","floor":33,"turns":6},{"damage":0,"enemies":"Flame Bruiser 1 Orb","floor":35,"turns":4},{"damage":5,"enemies":"3 Darklings","floor":39,"turns":4},{"damage":15,"enemies":"2 Orb Walkers","floor":41,"turns":4},{"damage":7,"enemies":"Giant Head","floor":45,"turns":9},{"damage":0,"enemies":"Flame Bruiser 2 Orb","floor":46,"turns":3},{"damage":0,"enemies":"Maw","floor":47,"turns":6},{"damage":0,"enemies":"Sphere and 2 Shapes","floor":48,"turns":3},{"damage":1,"enemies":"Time Eater","floor":50,"turns":9}],"seed_played":"-8464579123268244703","potions_obtained":[{"floor":6.0,"key":"Swift Potion"},{"floor":11.0,"key":"Strength Potion"},{"floor":16.0,"key":"SkillPotion"}],"is_trial":false,"path_per_floor":["M","?","$","M","M","E","R","M","T","R","E","?","M","$","R","B",null,"M","M","M","M","M","E","R","M","T","R","M","E","$","T","R","B",null,"M","?","?","$","M","R","E","R","T","R","E","M","M","M","R","B"],"character_chosen":"THE_SILENT","items_purchased":["Cloak And Dagger","Regen Potion","TwistedFunnel","Paper Crane"],"campfire_rested":3,"item_purchase_floors":[3,3,14,30],"current_hp_per_floor":[59,59,59,59,57,10,29,28,28,28,34,34,30,30,30,2,50,50,48,41,41,41,41,41,41,41,60,58,43,43,43,43,41,60,60,66,66,66,61,61,46,65,65,65,58,58,58,58,58,57],"gold":199,"neow_bonus":"THREE_CARDS","is_prod":false,"is_daily":false,"chose_seed":false,"campfire_upgraded":7,"win_rate":0,"timestamp":1532741888,"path_taken":["M","?","$","M","M","E","R","M","T","R","E","?","M","?","R","BOSS","M","M","?","M","M","E","R","M","T","R","M","E","$","?","R","BOSS","M","?","?","$","M","R","E","R","T","R","E","M","M","M","R","BOSS"],"build_version":"2018-07-26","purchased_purges":2,"victory":true,"max_hp_per_floor":[66,66,66,66,66,66,66,66,66,66,66,66,66,66,66,66,66,66,66,66,66,66,66,66,66,66,66,66,66,66,66,66,66,66,66,66,66,66,66,66,66,66,66,66,66,66,66,66,66,66],"card_choices":[{"not_picked":["Caltrops","Deflect"],"picked":"Leg Sweep","floor":0.0},{"not_picked":["Flying Knee","Distraction"],"picked":"Slice","floor":1.0},{"not_picked":["Caltrops","Slice"],"picked":"Crippling Poison","floor":4.0},{"not_picked":["Blur","Choke","Concentrate"],"picked":"SKIP","floor":5.0},{"not_picked":["Backflip","Deadly Poison"],"picked":"Noxious Fumes","floor":6.0},{"not_picked":["Crippling Poison","Underhanded Strike"],"picked":"Corpse Explosion","floor":8.0},{"not_picked":["Bane","Riddle With Holes","PiercingWail"],"picked":"SKIP","floor":11.0},{"not_picked":["Underhanded Strike","Terror"],"picked":"Dash","floor":13.0},{"not_picked":["Quick Slash","Blur","Acrobatics"],"picked":"SKIP","floor":13.0},{"not_picked":["A Thousand Cuts","Envenom"],"picked":"Doppelganger","floor":16.0},{"not_picked":["Bouncing Flask","Backstab"],"picked":"Backflip+1","floor":18.0},{"not_picked":["Backflip","Prepared"],"picked":"Well Laid Plans+1","floor":18.0},{"not_picked":["Acrobatics","Flying Knee"],"picked":"Escape Plan+1","floor":19.0},{"not_picked":["All Out Attack","Dash","Riddle With Holes"],"picked":"SKIP","floor":19.0},{"not_picked":["Prepared","Blur","Calculated Gamble"],"picked":"SKIP","floor":20.0},{"not_picked":["Endless Agony+1","Heel Hook","Eviscerate"],"picked":"SKIP","floor":20.0},{"not_picked":["Quick Slash","Phantasmal Killer","Underhanded Strike"],"picked":"SKIP","floor":21},{"not_picked":["PiercingWail","Infinite Blades+1","Slice"],"picked":"SKIP","floor":21},{"not_picked":["PiercingWail+1","Poisoned Stab"],"picked":"Backflip","floor":22},{"not_picked":["Deadly Poison","Quick Slash","Poisoned Stab"],"picked":"SKIP","floor":22},{"not_picked":["Venomology","Terror","Sucker Punch+1"],"picked":"SKIP","floor":23},{"not_picked":["Bane","Dagger Throw","Choke"],"picked":"SKIP","floor":25},{"not_picked":["Quick Slash","Prepared","Setup"],"picked":"SKIP","floor":25},{"not_picked":["Cloak And Dagger","Slice"],"picked":"Catalyst","floor":28},{"not_picked":["Unload","Acrobatics","Prepared+1"],"picked":"SKIP","floor":28},{"not_picked":["Die Die Die","A Thousand Cuts","PiercingWail"],"picked":"SKIP","floor":29},{"not_picked":["Dagger Spray","Slice","Expertise"],"picked":"SKIP","floor":35},{"not_picked":["Quick Slash+1","Escape Plan","Sucker Punch"],"picked":"SKIP","floor":35},{"not_picked":["Quick Slash","Storm of Steel","PiercingWail"],"picked":"SKIP","floor":39},{"not_picked":["Infinite Blades+1","Calculated Gamble","Cloak And Dagger"],"picked":"SKIP","floor":39},{"not_picked":["Prepared","Deflect","Endless Agony"],"picked":"SKIP","floor":41},{"not_picked":["Flying Knee+1","Riddle With Holes"],"picked":"Sucker Punch+1","floor":45},{"not_picked":["Deflect","Calculated Gamble"],"picked":"After Image+1","floor":46},{"not_picked":["Infinite Blades+1","Quick Slash","Sucker Punch+1"],"picked":"SKIP","floor":46},{"not_picked":["Dagger Spray","Crippling Poison"],"picked":"PiercingWail+1","floor":47},{"not_picked":["Well Laid Plans+1","Sucker Punch+1","Quick Slash+1"],"picked":"SKIP","floor":47},{"not_picked":["Poisoned Stab+1","Sucker Punch"],"picked":"Noxious Fumes+1","floor":48},{"not_picked":["Reflex","Escape Plan","Cloak And Dagger"],"picked":"SKIP","floor":48}],"player_experience":912202,"relics_obtained":[{"floor":6.0,"key":"Orichalcum"},{"floor":9.0,"key":"Ninja Scroll"},{"floor":11.0,"key":"Prayer Wheel"},{"floor":23,"key":"The Specimen"},{"floor":26,"key":"Boot"},{"floor":29,"key":"Art of War"},{"floor":31,"key":"Anchor"},{"floor":41,"key":"Mercury Hourglass"},{"floor":43,"key":"Bag of Preparation"},{"floor":45,"key":"Frozen Egg 2"}],"event_choices":[{"event_name":"Liars Game","player_choice":"agreed","floor":2.0,"damage_taken":0.0},{"event_name":"Shining Light","player_choice":"Ignored","floor":12.0,"damage_taken":0.0},{"event_name":"Winding Halls","player_choice":"Writhe","floor":36,"damage_taken":0},{"event_name":"Falling","player_choice":"Removed Skill","floor":37,"damage_taken":0}],"is_beta":false,"boss_relics":[{"not_picked":["Busted Crown","Black Star"],"picked":"Sozu"},{"not_picked":["Ring of the Serpent","Runic Pyramid"],"picked":"Astrolabe"}],"items_purged_floors":[3,38],"is_endless":false,"potions_floor_spawned":[6,8,11,16,18,20,23,25,29,35,41,45,47,48],"ascension_level":15}