{"gold_per_floor":[116,135,135,135,159,202,215,254,277,315,338,338,378,402,402,492,492,506,506,545,387,403,444,458,491,514,514,564,589,625,658,658,749,749,770,1045,330,364,162,201,213,260,297,309,344,391,736,781,793,805,817,829,841,62,89,89],"floor_reached":57,"playtime":2434,"items_purged":["Barrage","Regret","Decay","Rebound+1"],"score":4023,"play_id":"91692727-9767-4911-bc93-7bc3b02c12ab","local_time":"20190118190103","daily_mods":["SealedDeck","DeadlyEvents","Elite Swarm"],"is_ascension_mode":true,"campfire_choices":[{"data":"Go for the Eyes","floor":12.0,"key":"SMITH"},{"data":"Fission","floor":15.0,"key":"SMITH"},{"data":"Recycle","floor":27.0,"key":"SMITH"},{"data":"Fission","floor":32.0,"key":"SMITH"},{"data":"Storm","floor":41.0,"key":"SMITH"},{"data":"Seek","floor":44.0,"key":"SMITH"},{"floor":49.0,"key":"RECALL"},{"data":"Heatsinks","floor":53.0,"key":"SMITH"}],"neow_cost":"","seed_source_timestamp":0,"circlet_count":0,"master_deck":["AscendersBane","Storm","Conserve Battery","Coolheaded","Sweeping Beam+1","Go for the Eyes+1","Compile Driver","Chill","Glacier+1","Cold Snap","Electrodynamics","Rainbow+1","Biased Cognition","Fission+1","Buffer","Ball Lightning","Recycle+1","Seek+1","Thunder Strike","Fission+1","Storm+1","Loop","Echo Form","Biased Cognition","Heatsinks+1","Buffer","Creative AI","Heatsinks","Coolheaded","Creative AI"],"special_seed":0,"relics":["Cracked Core","PreservedInsect","Mercury Hourglass","Whetstone","Oddly Smooth Stone","Matryoshka","WingedGreaves","Philosopher\u0027s Stone","Dead Branch","War Paint","Happy Flower","Regal Pillow","Omamori","Unceasing Top","Potion Belt","Calling Bell","Centennial Puzzle","Mummified Hand","Pocketwatch","ClockworkSouvenir","Incense Burner","Meat on the Bone","MawBank","Calipers","Art of War","Bag of Marbles","Anchor","Bag of Preparation","Lantern","Shuriken"],"potions_floor_usage":[56,56,56],"damage_taken":[{"damage":0.0,"enemies":"Cultist","floor":1.0,"turns":3.0},{"damage":0.0,"enemies":"2 Louse","floor":2.0,"turns":3.0},{"damage":2.0,"enemies":"Small Slimes","floor":5.0,"turns":3.0},{"damage":3.0,"enemies":"Gremlin Nob","floor":6.0,"turns":3.0},{"damage":0.0,"enemies":"Blue Slaver","floor":7.0,"turns":2.0},{"damage":6.0,"enemies":"3 Sentries","floor":8.0,"turns":4.0},{"damage":1.0,"enemies":"Lagavulin","floor":10.0,"turns":5.0},{"damage":0.0,"enemies":"Red Slaver","floor":11.0,"turns":3.0},{"damage":0.0,"enemies":"Gremlin Nob","floor":13.0,"turns":3.0},{"damage":0.0,"enemies":"Gremlin Gang","floor":14.0,"turns":1.0},{"damage":0.0,"enemies":"Hexaghost","floor":16.0,"turns":8.0},{"damage":0.0,"enemies":"Chosen","floor":18.0,"turns":4.0},{"damage":0.0,"enemies":"Slavers","floor":20.0,"turns":2.0},{"damage":0.0,"enemies":"Spheric Guardian","floor":22.0,"turns":2.0},{"damage":0.0,"enemies":"Gremlin Leader","floor":23.0,"turns":3.0},{"damage":0.0,"enemies":"Centurion and Healer","floor":24.0,"turns":3.0},{"damage":6.0,"enemies":"Book of Stabbing","floor":25.0,"turns":3.0},{"damage":0.0,"enemies":"Snake Plant","floor":29.0,"turns":2.0},{"damage":0.0,"enemies":"Gremlin Leader","floor":30.0,"turns":3.0},{"damage":23.0,"enemies":"Slavers","floor":31.0,"turns":2.0},{"damage":0.0,"enemies":"Collector","floor":33.0,"turns":7.0},{"damage":0.0,"enemies":"Orb Walker","floor":35.0,"turns":2.0},{"damage":0.0,"enemies":"Giant Head","floor":38.0,"turns":3.0},{"damage":0.0,"enemies":"Reptomancer","floor":40.0,"turns":2.0},{"damage":0.0,"enemies":"Nemesis","floor":42.0,"turns":3.0},{"damage":0.0,"enemies":"3 Darklings","floor":45.0,"turns":2.0},{"damage":0.0,"enemies":"Giant Head","floor":46.0,"turns":1.0},{"damage":0.0,"enemies":"Reptomancer","floor":48.0,"turns":1.0},{"damage":0.0,"enemies":"Time Eater","floor":50.0,"turns":3.0},{"damage":0.0,"enemies":"Awakened One","floor":51.0,"turns":4.0},{"damage":0.0,"enemies":"Shield and Spear","floor":55.0,"turns":1.0},{"damage":37,"enemies":"The Heart","floor":56,"turns":6}],"seed_played":"6154462402553270264","potions_obtained":[{"floor":2.0,"key":"SkillPotion"},{"floor":6.0,"key":"AttackPotion"},{"floor":10.0,"key":"Regen Potion"},{"floor":16.0,"key":"PowerPotion"},{"floor":31.0,"key":"Fire Potion"},{"floor":40.0,"key":"Block Potion"},{"floor":42.0,"key":"Explosive Potion"},{"floor":55.0,"key":"SkillPotion"}],"is_trial":true,"path_per_floor":["M","M","?","?","M","E","M","E","T","E","M","R","E","M","R","B",null,"M","?","E","$","M","E","M","E","T","R","?","M","E","E","R","B",null,"M","?","$","E","$","E","R","E","T","R","M","E","?","E","R","B","B",null,"R","$","E","B",null],"character_chosen":"DEFECT","items_purchased":["Recycle","Storm","ClockworkSouvenir","Incense Burner","Loop","Heatsinks","Bag of Preparation","Lantern","Ancient Potion","EssenceOfSteel","Coolheaded"],"campfire_rested":0,"item_purchase_floors":[21,37,37,37,39,54,54,54,54,54,54],"current_hp_per_floor":[64,64,38,38,36,33,33,27,27,26,26,26,26,26,26,26,55,55,55,55,55,55,55,55,49,49,49,49,49,49,26,26,26,55,55,55,55,55,55,55,55,55,55,55,55,55,55,55,55,55,55,62,62,62,62,34],"gold":89,"neow_bonus":"","is_prod":false,"is_daily":false,"chose_seed":false,"campfire_upgraded":7,"win_rate":0,"timestamp":1547866863,"path_taken":["M","M","?","?","M","E","?","E","T","E","M","R","E","M","R","BOSS","M","?","?","$","M","E","M","E","T","R","?","?","?","E","R","BOSS","M","?","$","?","$","E","R","E","T","R","M","E","?","E","R","BOSS","BOSS","R","$","E","BOSS"],"build_version":"2019-01-17v2","purchased_purges":4,"victory":true,"max_hp_per_floor":[71,71,71,64,64,64,64,64,64,64,64,64,64,64,64,64,64,64,64,64,64,64,64,64,64,64,64,64,64,64,64,64,64,64,64,64,64,64,64,64,64,64,64,64,64,64,64,64,64,64,64,64,64,64,64,64],"card_choices":[{"not_picked":["Sweeping Beam","Barrage","Gash"],"picked":"SKIP","floor":1.0},{"not_picked":["Barrage","Stack","Rebound"],"picked":"SKIP","floor":2.0},{"not_picked":["Compile Driver","Hologram"],"picked":"Cold Snap","floor":5.0},{"not_picked":["Hyperbeam","Echo Form"],"picked":"Electrodynamics","floor":6.0},{"not_picked":["Double Energy","Chill","Conserve Battery"],"picked":"SKIP","floor":7.0},{"not_picked":["Seek","Thunder Strike"],"picked":"Rainbow","floor":8.0},{"not_picked":["Meteor Strike","Buffer"],"picked":"Biased Cognition","floor":10.0},{"not_picked":["Steam Power","Streamline","Double Energy"],"picked":"SKIP","floor":11.0},{"not_picked":["Echo Form","Meteor Strike"],"picked":"Fission","floor":13.0},{"not_picked":["Loop","Hologram","Doom and Gloom"],"picked":"SKIP","floor":14.0},{"not_picked":["Biased Cognition","Meteor Strike"],"picked":"Buffer","floor":16.0},{"not_picked":["Go for the Eyes+1","Turbo"],"picked":"Ball Lightning","floor":18.0},{"not_picked":["Meteor Strike","Amplify","Creative AI"],"picked":"SKIP","floor":20.0},{"not_picked":["Redo+1","Coolheaded","Streamline"],"picked":"SKIP","floor":22.0},{"not_picked":["Rainbow","Amplify"],"picked":"Seek","floor":23.0},{"not_picked":["Conserve Battery","Stack","Sweeping Beam"],"picked":"SKIP","floor":24.0},{"not_picked":["Buffer","Seek","Multi-Cast"],"picked":"SKIP","floor":25.0},{"not_picked":["Undo","Turbo+1","Coolheaded"],"picked":"SKIP","floor":29.0},{"not_picked":["Reboot","Hyperbeam"],"picked":"Thunder Strike","floor":30.0},{"not_picked":["Rainbow","Electrodynamics"],"picked":"Fission","floor":31.0},{"not_picked":["Turbo","Darkness","Beam Cell+1"],"picked":"SKIP","floor":35.0},{"not_picked":["Hyperbeam","All For One","Meteor Strike"],"picked":"SKIP","floor":38.0},{"not_picked":["Biased Cognition","Thunder Strike"],"picked":"Echo Form","floor":40.0},{"not_picked":["Thunder Strike","Core Surge"],"picked":"Biased Cognition","floor":42.0},{"not_picked":["BootSequence+1","Hello World+1"],"picked":"Heatsinks","floor":45.0},{"not_picked":["Reboot","Hyperbeam"],"picked":"Buffer","floor":46.0},{"not_picked":["Fission","Electrodynamics"],"picked":"Creative AI","floor":48.0},{"not_picked":["Echo Form","Core Surge"],"picked":"Creative AI","floor":55.0}],"player_experience":2013679,"relics_obtained":[{"floor":6.0,"key":"Mercury Hourglass"},{"floor":8.0,"key":"Whetstone"},{"floor":9.0,"key":"Oddly Smooth Stone"},{"floor":10.0,"key":"Matryoshka"},{"floor":13.0,"key":"WingedGreaves"},{"floor":20.0,"key":"Dead Branch"},{"floor":23.0,"key":"War Paint"},{"floor":25.0,"key":"Happy Flower"},{"floor":26.0,"key":"Regal Pillow"},{"floor":26.0,"key":"Omamori"},{"floor":30.0,"key":"Unceasing Top"},{"floor":31.0,"key":"Potion Belt"},{"floor":34.0,"key":"Centennial Puzzle"},{"floor":34.0,"key":"Mummified Hand"},{"floor":34.0,"key":"Pocketwatch"},{"floor":38.0,"key":"Meat on the Bone"},{"floor":40.0,"key":"MawBank"},{"floor":42.0,"key":"Calipers"},{"floor":43.0,"key":"Art of War"},{"floor":46.0,"key":"Bag of Marbles"},{"floor":48.0,"key":"Anchor"},{"floor":55.0,"key":"Shuriken"}],"event_choices":[{"damage_healed":0.0,"max_hp_gain":0.0,"max_hp_loss":0.0,"gold_gain":0.0,"event_name":"Scrap Ooze","player_choice":"Success","floor":3.0,"gold_loss":0.0,"damage_taken":26.0,"relics_obtained":["PreservedInsect"]},{"damage_healed":0.0,"max_hp_gain":0.0,"max_hp_loss":7.0,"gold_gain":0.0,"event_name":"Golden Idol","player_choice":"Lose Max HP","floor":4.0,"gold_loss":0.0,"damage_taken":0.0,"relics_obtained":["Golden Idol"]},{"damage_healed":0.0,"max_hp_gain":0.0,"max_hp_loss":0.0,"gold_gain":0.0,"event_name":"Match and Keep!","player_choice":"0 cards matched","floor":19.0,"gold_loss":0.0,"damage_taken":0.0,"cards_obtained":[]},{"damage_healed":0.0,"max_hp_gain":0.0,"max_hp_loss":0.0,"gold_gain":50.0,"event_name":"Nest","player_choice":"Stole From Cult","floor":28.0,"gold_loss":0.0,"damage_taken":0.0},{"damage_healed":0.0,"max_hp_gain":0.0,"max_hp_loss":0.0,"gold_gain":275.0,"event_name":"Golden Shrine","player_choice":"Desecrate","floor":36.0,"gold_loss":0.0,"damage_taken":0.0,"cards_obtained":["Regret"]},{"damage_healed":0.0,"max_hp_gain":0.0,"max_hp_loss":0.0,"gold_gain":333.0,"event_name":"The Moai Head","player_choice":"Gave Idol","floor":47.0,"relics_lost":["Golden Idol"],"gold_loss":0.0,"damage_taken":0.0}],"is_beta":false,"boss_relics":[{"not_picked":["Runic Pyramid","Eternal Feather"],"picked":"Philosopher\u0027s Stone"},{"not_picked":["Cursed Key","Runic Dome"],"picked":"Calling Bell"}],"items_purged_floors":[21,37,39,54],"is_endless":false,"potions_floor_spawned":[2,6,7,10,16,18,20,25,31,40,42,46,55],"ascension_level":20}