{"gold_per_floor":[109,74,90,101,118,147,147,162,215,215,246,265,265,275,275,346,346,359,359,379,394,406,406,435,435,435,470,487,487,515,163,163,234,264,283,247,263,312,325,357,268,268,268,268,301,301,301,312,312,312],"floor_reached":51,"playtime":4297,"items_purged":[],"score":1487,"play_id":"8e9e9464-eccd-451f-b405-c4d1c0365a12","local_time":"20180711191953","daily_mods":["Draft"],"is_ascension_mode":true,"campfire_choices":[{"data":"Defragment","floor":7,"key":"SMITH"},{"data":"Capacitor","floor":10,"key":"SMITH"},{"data":"Coolheaded","floor":15,"key":"SMITH"},{"data":"Creative AI","floor":23,"key":"SMITH"},{"floor":25,"key":"REST"},{"data":"Biased Cognition","floor":29,"key":"SMITH"},{"floor":32,"key":"REST"},{"floor":42,"key":"REST"},{"data":"Barrage","floor":46,"key":"SMITH"},{"data":"Biased Cognition","floor":49,"key":"SMITH"}],"neow_cost":"","seed_source_timestamp":0,"circlet_count":0,"master_deck":["AscendersBane","Defragment+1","Capacitor+1","Compile Driver","Cold Snap","Steam","Leap","Ball Lightning","Go for the Eyes","Conserve Battery","Conserve Battery","Ball Lightning","Go for the Eyes+1","Ball Lightning","Coolheaded+1","Hologram","Conserve Battery","Leap+1","Genetic Algorithm","Reinforced Body+1","BootSequence+1","Cold Snap","Biased Cognition+1","Hologram+1","Conserve Battery+1","Creative AI+1","Skim+1","FTL","Fission+1","Ball Lightning+1","Tempest+1","Leap+1","Barrage+1","Biased Cognition+1","Turbo+1","Glacier+1","Storm+1","Glacier+1","Steam Power+1","Panacea+1","Madness+1","Madness+1","Fusion+1"],"relics":["Cracked Core","Toxic Egg 2","Regal Pillow","Pantograph","Orrery","Lantern","Calipers","Blood Vial","Red Mask","Mummified Hand","Tiny House","Ginger","Boot","Mercury Hourglass","Pear","Frozen Egg 2"],"potions_floor_usage":[6,16,22,24,50,50],"damage_taken":[{"damage":4,"enemies":"Small Slimes","floor":1,"turns":2},{"damage":0,"enemies":"2 Louse","floor":3,"turns":2},{"damage":0,"enemies":"Jaw Worm","floor":4,"turns":2},{"damage":1,"enemies":"Looter","floor":5,"turns":4},{"damage":2,"enemies":"Lagavulin","floor":6,"turns":7},{"damage":1,"enemies":"Gremlin Gang","floor":8,"turns":5},{"damage":0,"enemies":"3 Sentries","floor":11,"turns":5},{"damage":0,"enemies":"Lots of Slimes","floor":12,"turns":4},{"damage":10,"enemies":"3 Louse","floor":14,"turns":4},{"damage":11,"enemies":"Hexaghost","floor":16,"turns":10},{"damage":0,"enemies":"Shell Parasite","floor":18,"turns":6},{"damage":0,"enemies":"Chosen","floor":20,"turns":6},{"damage":0,"enemies":"Snecko","floor":21,"turns":8},{"damage":7,"enemies":"Centurion and Healer","floor":22,"turns":8},{"damage":24,"enemies":"Slavers","floor":24,"turns":8},{"damage":27,"enemies":"Gremlin Leader","floor":27,"turns":10},{"damage":0,"enemies":"Snake Plant","floor":28,"turns":5},{"damage":25,"floor":30,"turns":5},{"damage":0,"enemies":"Champ","floor":33,"turns":10},{"damage":1,"enemies":"3 Shapes","floor":35,"turns":7},{"damage":0,"enemies":"3 Darklings","floor":37,"turns":8},{"damage":4,"floor":38,"turns":4},{"damage":0,"enemies":"Sphere and 2 Shapes","floor":39,"turns":4},{"damage":38,"enemies":"2 Orb Walkers","floor":40,"turns":6},{"damage":0,"enemies":"Giant Head","floor":45,"turns":7},{"damage":0,"enemies":"4 Shapes","floor":48,"turns":3},{"damage":31,"enemies":"Donu and Deca","floor":50,"turns":7}],"seed_played":"-9044032935422272988","potions_obtained":[{"floor":1,"key":"SkillPotion"},{"floor":8,"key":"Swift Potion"},{"floor":11,"key":"Explosive Potion"},{"floor":20,"key":"Swift Potion"},{"floor":27,"key":"LiquidBronze"},{"floor":28,"key":"FocusPotion"},{"floor":34,"key":"Ancient Potion"}],"is_trial":true,"path_per_floor":["M","?","M","M","M","E","R","M","T","R","E","M","?","M","R","B",null,"M","?","M","M","M","R","E","R","T","E","M","R","?","$","R","B",null,"M","$","M","?","M","E","$","R","T","?","E","R","T","M","R","B"],"character_chosen":"DEFECT","items_purchased":["Mummified Hand","Barrage","Weak Potion","Glacier+1","Panacea+1"],"campfire_rested":3,"item_purchase_floors":[31,31,31,36,41],"current_hp_per_floor":[60,71,71,71,70,68,68,67,67,67,67,67,67,57,57,60,68,68,58,58,58,51,51,27,63,63,36,38,38,15,15,51,71,76,75,75,76,72,74,38,38,75,75,61,73,73,73,75,75,55],"gold":312,"neow_bonus":"","is_prod":false,"is_daily":false,"chose_seed":false,"campfire_upgraded":7,"win_rate":0,"timestamp":1531361993,"path_taken":["M","?","M","M","M","E","R","M","T","R","E","M","?","M","R","BOSS","M","?","M","M","M","R","E","R","T","E","M","R","?","$","R","BOSS","M","$","M","?","?","E","$","R","T","?","E","R","?","M","R","BOSS"],"build_version":"2018-07-05","purchased_purges":0,"victory":true,"max_hp_per_floor":[71,71,71,71,71,71,71,71,71,71,71,71,71,71,71,71,71,71,71,71,71,71,71,71,71,71,71,71,71,71,71,71,71,76,76,76,76,76,76,76,76,76,76,76,86,86,86,86,86,86],"card_choices":[{"not_picked":["Rip and Tear","Cold Snap"],"picked":"Defragment","floor":0},{"not_picked":["Go for the Eyes","Leap"],"picked":"Capacitor","floor":0},{"not_picked":["Chill","Hologram"],"picked":"Compile Driver","floor":0},{"not_picked":["Auto Shields","Gash"],"picked":"Cold Snap","floor":0},{"not_picked":["Redo","Hologram"],"picked":"Steam","floor":0},{"not_picked":["Redo","Sweeping Beam"],"picked":"Leap","floor":0},{"not_picked":["Go for the Eyes","Turbo"],"picked":"Ball Lightning","floor":0},{"not_picked":["Compile Driver","Doom and Gloom"],"picked":"Go for the Eyes","floor":0},{"not_picked":["Doom and Gloom","Streamline"],"picked":"Conserve Battery","floor":0},{"not_picked":["Coolheaded","Compile Driver"],"picked":"Conserve Battery","floor":0},{"not_picked":["Double Energy","Hologram"],"picked":"Ball Lightning","floor":0},{"not_picked":["Force Field","Hologram"],"picked":"Go for the Eyes","floor":0},{"not_picked":["Coolheaded","Recycle"],"picked":"Ball Lightning","floor":0},{"not_picked":["Beam Cell","Sunder"],"picked":"Coolheaded","floor":0},{"not_picked":["Rebound","Stack"],"picked":"Hologram","floor":0},{"not_picked":["Stack","Ball Lightning"],"picked":"Conserve Battery","floor":1},{"not_picked":["Fusion","Double Energy"],"picked":"Leap","floor":3},{"not_picked":["Conserve Battery","Gash","Ball Lightning"],"picked":"SKIP","floor":4},{"not_picked":["Chaos","Reprogram"],"picked":"Genetic Algorithm","floor":5},{"not_picked":["Rip and Tear","Redo"],"picked":"Reinforced Body","floor":6},{"not_picked":["Static Discharge","Compile Driver","Aggregate+1"],"picked":"SKIP","floor":8},{"not_picked":["All For One","Rebound"],"picked":"BootSequence+1","floor":11},{"not_picked":["Doom and Gloom","Darkness+1","Sweeping Beam"],"picked":"SKIP","floor":12},{"not_picked":["Skim+1","Barrage"],"picked":"Cold Snap","floor":14},{"not_picked":["Fission+1","Machine Learning"],"picked":"Biased Cognition","floor":16},{"not_picked":["Rip and Tear","Gash"],"picked":"Hologram+1","floor":17},{"not_picked":["Leap+1","Cold Snap"],"picked":"Conserve Battery+1","floor":17},{"not_picked":["Conserve Battery+1","Go for the Eyes"],"picked":"Creative AI","floor":18},{"not_picked":["Recycle+1","Leap+1"],"picked":"Skim+1","floor":20},{"not_picked":["Steam+1","Chaos+1"],"picked":"FTL","floor":21},{"not_picked":["Steam+1","Sweeping Beam","All For One"],"picked":"SKIP","floor":22},{"not_picked":["Conserve Battery+1","Turbo+1"],"picked":"Fission+1","floor":24},{"not_picked":["Undo+1","Hologram+1"],"picked":"Ball Lightning+1","floor":27},{"not_picked":["Sweeping Beam","Compile Driver"],"picked":"Tempest+1","floor":28},{"not_picked":["Compile Driver","Gash"],"picked":"Leap+1","floor":30},{"not_picked":["Multi-Cast+1","Meteor Strike"],"picked":"Biased Cognition","floor":33},{"not_picked":["Reinforced Body+1","Darkness+1"],"picked":"Turbo+1","floor":35},{"not_picked":["Double Energy+1","Stack+1"],"picked":"Storm+1","floor":37},{"not_picked":["Streamline","Lockon"],"picked":"Glacier+1","floor":38},{"not_picked":["Loop","Recycle+1","Hologram+1"],"picked":"SKIP","floor":39},{"not_picked":["Static Discharge","Leap+1"],"picked":"Steam Power+1","floor":40},{"not_picked":["Conserve Battery+1","Leap+1"],"picked":"Fusion+1","floor":45},{"not_picked":["Rip and Tear+1","Chaos+1","Beam Cell"],"picked":"SKIP","floor":48}],"player_experience":732289,"relics_obtained":[{"floor":6,"key":"Toxic Egg 2"},{"floor":9,"key":"Regal Pillow"},{"floor":11,"key":"Pantograph"},{"floor":24,"key":"Lantern"},{"floor":26,"key":"Calipers"},{"floor":27,"key":"Blood Vial"},{"floor":30,"key":"Red Mask"},{"floor":38,"key":"Ginger"},{"floor":40,"key":"Boot"},{"floor":43,"key":"Mercury Hourglass"},{"floor":45,"key":"Pear"},{"floor":47,"key":"Frozen Egg 2"}],"event_choices":[{"event_name":"The Cleric","player_choice":"Healed","floor":2,"damage_taken":0},{"event_name":"Living Wall","player_choice":"Grow","floor":13,"damage_taken":0},{"event_name":"Wheel of Change","player_choice":"Damage","floor":19,"damage_taken":0},{"event_name":"Masked Bandits","player_choice":"Fought over 487 gold","floor":30,"damage_taken":0},{"event_name":"Mysterious Sphere","player_choice":"Fight","floor":38,"damage_taken":0},{"event_name":"Winding Halls","player_choice":"Embrace Madness","floor":44,"damage_taken":0}],"boss_relics":[{"not_picked":["Runic Pyramid","Calling Bell"],"picked":"Orrery"},{"not_picked":["Empty Cage","White Beast Statue"],"picked":"Tiny House"}],"items_purged_floors":[],"is_endless":false,"potions_floor_spawned":[1,8,11,12,20,21,27,28,35,39,48],"ascension_level":15}