{"gold_per_floor":[14,32,32,45,45,45,72,72,72,72,72],"floor_reached":11,"playtime":332,"items_purged":[],"score":142,"play_id":"b60e5995-23a5-445c-a226-586837ae86a5","local_time":"20190121142418","is_ascension_mode":true,"campfire_choices":[{"data":"Perfected Strike","floor":6.0,"key":"SMITH"},{"data":"Bash","floor":10.0,"key":"SMITH"}],"neow_cost":"NO_GOLD","seed_source_timestamp":12981951128910,"circlet_count":0,"master_deck":["AscendersBane","Strike_R","Strike_R","Strike_R","Strike_R","Defend_R","Defend_R","Defend_R","Bash+1","Bloodletting","Iron Wave","Perfected Strike+1","Regret","Dropkick"],"special_seed":0,"relics":["Burning Blood","Gremlin Horn","Frozen Egg 2","Golden Idol"],"potions_floor_usage":[11],"damage_taken":[{"damage":0.0,"enemies":"2 Louse","floor":1.0,"turns":3.0},{"damage":17.0,"enemies":"Jaw Worm","floor":2.0,"turns":5.0},{"damage":5.0,"enemies":"Cultist","floor":4.0,"turns":4.0},{"damage":38.0,"enemies":"3 Sentries","floor":7.0,"turns":8.0},{"damage":34,"enemies":"Lagavulin","floor":11,"turns":5}],"seed_played":"8106069661739965819","potions_obtained":[{"floor":2.0,"key":"Poison Potion"}],"is_trial":false,"path_per_floor":["M","M","?","M","?","R","E","?","T","R","E"],"character_chosen":"IRONCLAD","items_purchased":[],"campfire_rested":0,"item_purchase_floors":[],"current_hp_per_floor":[74,63,63,64,64,64,32,32,32,32,0],"gold":72,"neow_bonus":"TRANSFORM_TWO_CARDS","is_prod":false,"is_daily":false,"chose_seed":false,"campfire_upgraded":2,"win_rate":0,"timestamp":1548051858,"path_taken":["M","M","?","M","?","R","E","?","T","R","E"],"build_version":"2019-01-17v2","purchased_purges":0,"victory":false,"max_hp_per_floor":[75,75,75,75,75,75,75,68,68,68,68],"card_choices":[{"not_picked":["Anger","Infernal Blade","Warcry"],"picked":"SKIP","floor":1.0},{"not_picked":["Iron Wave","Shrug It Off"],"picked":"Perfected Strike","floor":2.0},{"not_picked":["Shrug It Off","Reckless Charge","Sever Soul"],"picked":"SKIP","floor":4.0},{"not_picked":["Body Slam","Iron Wave"],"picked":"Dropkick","floor":7.0}],"player_experience":2574382,"relics_obtained":[{"floor":7.0,"key":"Frozen Egg 2"}],"event_choices":[{"damage_healed":0.0,"max_hp_gain":0.0,"max_hp_loss":0.0,"gold_gain":0.0,"event_name":"The Cleric","player_choice":"Leave","floor":3.0,"gold_loss":0.0,"damage_taken":0.0},{"damage_healed":0.0,"max_hp_gain":0.0,"max_hp_loss":0.0,"gold_gain":0.0,"event_name":"Big Fish","player_choice":"Box","floor":5.0,"gold_loss":0.0,"damage_taken":0.0,"relics_obtained":["Gremlin Horn"],"cards_obtained":["Regret"]},{"damage_healed":0.0,"max_hp_gain":0.0,"max_hp_loss":7.0,"gold_gain":0.0,"event_name":"Golden Idol","player_choice":"Lose Max HP","floor":8.0,"gold_loss":0.0,"damage_taken":0.0,"relics_obtained":["Golden Idol"]}],"is_beta":false,"boss_relics":[],"items_purged_floors":[],"is_endless":false,"potions_floor_spawned":[2],"killed_by":"Lagavulin","ascension_level":20}