{"gold_per_floor":[116,134,153,169,184,216,230,246,246,246,246,258,285,296,296,296],"floor_reached":16,"playtime":665,"items_purged":[],"score":130,"play_id":"7d9a5b53-3fab-4dc3-9127-6a286d4a2ede","local_time":"20190325231009","is_ascension_mode":true,"campfire_choices":[{"data":"Strike_R","floor":10,"key":"SMITH"},{"data":"Spot Weakness","floor":15,"key":"SMITH"}],"neow_cost":"NONE","seed_source_timestamp":916876581740900,"circlet_count":0,"master_deck":["Strike_R","Strike_R","Strike_R","Strike_R","Strike_R+1","Defend_R","Defend_R","Defend_R","Defend_R","Bash","Twin Strike","Cleave","Headbutt","Inflame","Spot Weakness+1","Cleave"],"relics":["Burning Blood","Red Skull","Peace Pipe","Boot"],"potions_floor_usage":[6,6,6,6,7,13,16],"damage_taken":[{"damage":10,"enemies":"2 Louse","floor":1,"turns":3},{"damage":0,"enemies":"Small Slimes","floor":2,"turns":3},{"damage":15,"enemies":"Jaw Worm","floor":3,"turns":5},{"damage":2,"enemies":"2 Fungi Beasts","floor":4,"turns":3},{"damage":12,"enemies":"Looter","floor":5,"turns":3},{"damage":4,"enemies":"Gremlin Nob","floor":6,"turns":3},{"damage":21,"enemies":"Exordium Thugs","floor":7,"turns":4},{"damage":19,"enemies":"Blue Slaver","floor":8,"turns":4},{"damage":0,"enemies":"Exordium Wildlife","floor":12,"turns":2},{"damage":40,"enemies":"3 Sentries","floor":13,"turns":5},{"damage":10,"enemies":"Lots of Slimes","floor":14,"turns":4},{"damage":26,"enemies":"The Guardian","floor":16,"turns":5}],"seed_played":"4779713626565821681","potions_obtained":[{"floor":1,"key":"Swift Potion"},{"floor":4,"key":"EntropicBrew"},{"floor":5,"key":"Weak Potion"},{"floor":8,"key":"Regen Potion"}],"is_trial":false,"path_per_floor":["M","M","M","M","M","E","M","M","T","R","?","M","E","M","R","B"],"character_chosen":"IRONCLAD","items_purchased":[],"campfire_rested":0,"item_purchase_floors":[],"current_hp_per_floor":[84,88,79,83,77,79,64,51,51,51,44,50,28,24,24,0],"gold":296,"neow_bonus":"TEN_PERCENT_HP_BONUS","is_prod":false,"is_daily":false,"chose_seed":false,"campfire_upgraded":2,"win_rate":0,"timestamp":1553548209,"path_taken":["M","M","M","M","M","E","M","M","T","R","?","M","E","M","R","BOSS"],"build_version":"2019-01-23","purchased_purges":0,"victory":false,"max_hp_per_floor":[88,88,88,88,88,88,88,88,88,88,88,88,88,88,88,88],"card_choices":[{"not_picked":["Clash","Pommel Strike","Wild Strike"],"picked":"SKIP","floor":1},{"not_picked":["Evolve","Intimidate"],"picked":"Twin Strike","floor":2},{"not_picked":["Intimidate","Hemokinesis"],"picked":"Cleave","floor":3},{"not_picked":["Iron Wave","Dual Wield","Sentinel"],"picked":"SKIP","floor":4},{"not_picked":["Entrench","Corruption"],"picked":"Headbutt","floor":5},{"not_picked":["Perfected Strike","Flame Barrier","Clothesline"],"picked":"SKIP","floor":6},{"not_picked":["Flex","Rampage"],"picked":"Inflame","floor":7},{"not_picked":["Perfected Strike","Metallicize","Hemokinesis"],"picked":"SKIP","floor":8},{"not_picked":["Pommel Strike","Pummel"],"picked":"Spot Weakness","floor":12},{"not_picked":["Flame Barrier","Havoc"],"picked":"Cleave","floor":13},{"not_picked":["Perfected Strike","Thunderclap","Wild Strike"],"picked":"SKIP","floor":14}],"player_experience":100998,"relics_obtained":[{"floor":6,"key":"Red Skull"},{"floor":13,"key":"Boot"}],"event_choices":[{"damage_healed":0,"gold_gain":0,"player_choice":"Success","damage_taken":7,"relics_obtained":["Peace Pipe"],"max_hp_gain":0,"max_hp_loss":0,"event_name":"Scrap Ooze","floor":11,"gold_loss":0}],"is_beta":false,"boss_relics":[],"items_purged_floors":[],"is_endless":false,"potions_floor_spawned":[1,4,5,8],"killed_by":"The Guardian","ascension_level":2}