{"gold_per_floor":[369,369,388,399,1,27,27,27,27,42,42,56,89,99,99,176,176,196,196,214,83,103,133,133,133,133,149,180,24,24,51,51,128,128,140,151,200,224,174,203,218,232,232,232,169,187,187,187,187,187,187,187,187,2,35,35],"floor_reached":57,"playtime":3178,"items_purged":["Bite","Bite","HandOfGreed","Bite"],"score":3250,"play_id":"84585a8f-eb5d-4917-9ab5-f2dd0a1f038b","local_time":"20190401020408","is_ascension_mode":true,"campfire_choices":[{"data":"Neutralize","floor":7.0,"key":"SMITH"},{"data":"Noxious Fumes","floor":11.0,"key":"SMITH"},{"data":"Catalyst","floor":15.0,"key":"SMITH"},{"data":"Burst","floor":24.0,"key":"SMITH"},{"data":"Well Laid Plans","floor":32.0,"key":"SMITH"},{"data":"Wraith Form v2","floor":47.0,"key":"SMITH"},{"floor":49.0,"key":"RECALL"},{"data":"Bouncing Flask","floor":53,"key":"SMITH"}],"neow_cost":"PERCENT_DAMAGE","seed_source_timestamp":7436818562000,"circlet_count":0,"master_deck":["AscendersBane","Defend_G","Defend_G","Defend_G","Defend_G","Defend_G","Survivor","Neutralize+1","Poisoned Stab","Noxious Fumes+1","Blur","Catalyst+1","Well Laid Plans+1","Bouncing Flask+1","Burst+1","Deflect+1","Crippling Poison","Catalyst","Acrobatics+1","Wraith Form v2+1","Calculated Gamble+1","Catalyst+1","Acrobatics+1","Discovery","Panacea","Cloak And Dagger+1","Adrenaline"],"special_seed":0,"relics":["Ring of the Snake","Membership Card","Paper Crane","Question Card","Snake Skull","Sozu","Pear","Ornamental Fan","FossilizedHelix","Dodecahedron","Lee\u0027s Waffle","Bronze Scales","Empty Cage","Torii","Oddly Smooth Stone","Kunai","ClockworkSouvenir","Bag of Preparation"],"potions_floor_usage":[],"damage_taken":[{"damage":0.0,"enemies":"2 Louse","floor":1.0,"turns":4.0},{"damage":2.0,"enemies":"Cultist","floor":3.0,"turns":5.0},{"damage":11.0,"enemies":"Jaw Worm","floor":4.0,"turns":6.0},{"damage":22.0,"enemies":"Gremlin Nob","floor":6.0,"turns":4.0},{"damage":0.0,"enemies":"Red Slaver","floor":10.0,"turns":5.0},{"damage":0.0,"enemies":"2 Fungi Beasts","floor":12.0,"turns":4.0},{"damage":12.0,"enemies":"Lagavulin","floor":13.0,"turns":6.0},{"damage":5.0,"enemies":"3 Louse","floor":14.0,"turns":4.0},{"damage":0.0,"enemies":"The Guardian","floor":16.0,"turns":6.0},{"damage":0.0,"enemies":"Chosen","floor":18.0,"turns":4.0},{"damage":16.0,"enemies":"3 Byrds","floor":20.0,"turns":4.0},{"damage":28.0,"enemies":"Snake Plant","floor":22.0,"turns":4.0},{"damage":1.0,"enemies":"Book of Stabbing","floor":23.0,"turns":6.0},{"damage":37.0,"enemies":"Cultist and Chosen","floor":27.0,"turns":6.0},{"damage":0.0,"enemies":"Gremlin Leader","floor":28.0,"turns":4.0},{"damage":0.0,"enemies":"Book of Stabbing","floor":31.0,"turns":5.0},{"damage":0.0,"enemies":"Automaton","floor":33.0,"turns":6.0},{"damage":0.0,"enemies":"3 Shapes","floor":35.0,"turns":4.0},{"damage":7.0,"enemies":"3 Darklings","floor":36.0,"turns":4.0},{"damage":22.0,"enemies":"2 Orb Walkers","floor":37.0,"turns":6.0},{"damage":0.0,"enemies":"Nemesis","floor":40.0,"turns":3.0},{"damage":2.0,"enemies":"Spire Growth","floor":41.0,"turns":4.0},{"damage":0.0,"enemies":"Transient","floor":42.0,"turns":4.0},{"damage":0.0,"enemies":"4 Shapes","floor":46.0,"turns":6.0},{"damage":0.0,"enemies":"Time Eater","floor":50.0,"turns":4.0},{"damage":0.0,"enemies":"Awakened One","floor":51.0,"turns":16.0},{"damage":8,"enemies":"Shield and Spear","floor":55,"turns":7},{"damage":51,"enemies":"The Heart","floor":56,"turns":7}],"seed_played":"-1093959900570787317","potions_obtained":[{"floor":3.0,"key":"Dexterity Potion"},{"floor":4.0,"key":"Poison Potion"},{"floor":12.0,"key":"Dexterity Potion"},{"floor":16.0,"key":"Strength Potion"}],"is_trial":false,"path_per_floor":["M","?","M","M","$","E","R","$","T","M","R","M","E","M","R","B",null,"M","?","M","$","M","E","R","T","T","M","E","$","?","E","R","B",null,"M","M","?","T","$","E","M","M","T","?","$","M","R","?","R","B","B",null,"R","$","E","B",null],"character_chosen":"THE_SILENT","items_purchased":["Membership Card","Paper Crane","Noxious Fumes","HandOfGreed","Lee\u0027s Waffle","Malaise","ClockworkSouvenir"],"campfire_rested":0,"item_purchase_floors":[5,5,5,21,29,29,54],"current_hp_per_floor":[44,66,64,53,53,31,31,31,31,33,33,35,25,22,22,24,56,58,58,50,50,26,43,43,43,43,12,18,83,59,65,65,71,84,86,81,61,61,61,61,59,59,59,49,49,53,53,53,53,53,59,81,81,81,73,22],"gold":35,"neow_bonus":"TWO_FIFTY_GOLD","is_prod":false,"is_daily":false,"chose_seed":false,"campfire_upgraded":7,"win_rate":0,"timestamp":1554055448,"path_taken":["M","?","M","?","$","E","R","?","T","M","R","M","E","M","R","BOSS","M","?","M","$","M","E","R","?","T","?","E","?","?","E","R","BOSS","M","M","?","?","?","E","M","M","T","?","$","?","R","?","R","BOSS","BOSS","R","$","E","BOSS"],"build_version":"2019-03-15","purchased_purges":4,"victory":true,"max_hp_per_floor":[66,66,66,66,66,66,66,66,66,66,66,66,66,66,66,66,66,66,66,66,66,66,76,76,76,76,76,76,83,88,88,88,88,88,88,88,88,88,88,88,88,88,88,88,88,88,88,88,88,88,88,88,88,88,88,88],"card_choices":[{"not_picked":["Prepared","Infinite Blades"],"picked":"Leg Sweep","floor":1.0},{"not_picked":["Sucker Punch","Eviscerate","Endless Agony"],"picked":"SKIP","floor":3.0},{"not_picked":["Outmaneuver","Accuracy"],"picked":"Poisoned Stab","floor":4.0},{"not_picked":["Slice","Quick Slash"],"picked":"Blur","floor":6.0},{"not_picked":["Prepared","PiercingWail","Escape Plan"],"picked":"Catalyst","floor":10.0},{"not_picked":["Choke","Poisoned Stab","Outmaneuver","Quick Slash"],"picked":"SKIP","floor":12.0},{"not_picked":["Eviscerate","Choke","Catalyst"],"picked":"Well Laid Plans","floor":13.0},{"not_picked":["Doppelganger","Heel Hook","Dodge and Roll"],"picked":"Bouncing Flask","floor":14.0},{"not_picked":["Die Die Die","Envenom","Unload"],"picked":"Burst","floor":16.0},{"not_picked":["Slice","Bane","PiercingWail"],"picked":"Deflect+1","floor":18.0},{"not_picked":["Cloak And Dagger","Heel Hook","Blade Dance","Reflex"],"picked":"SKIP","floor":20.0},{"not_picked":["Choke","Deflect","Distraction","Crippling Poison"],"picked":"SKIP","floor":22.0},{"not_picked":["Choke","Deflect","Distraction","Crippling Poison"],"picked":"SKIP","floor":22.0},{"not_picked":["Choke","Deflect","Distraction"],"picked":"Crippling Poison","floor":22.0},{"not_picked":["Eviscerate","Flying Knee","Infinite Blades","Dodge and Roll"],"picked":"SKIP","floor":23.0},{"not_picked":["Eviscerate","Flying Knee","Infinite Blades","Dodge and Roll"],"picked":"SKIP","floor":23.0},{"not_picked":["Eviscerate","Flying Knee","Infinite Blades","Dodge and Roll"],"picked":"SKIP","floor":23.0},{"not_picked":["Cloak And Dagger","Flying Knee","Poisoned Stab","Underhanded Strike"],"picked":"SKIP","floor":27.0},{"not_picked":["Dash","Caltrops","Underhanded Strike"],"picked":"Catalyst","floor":28.0},{"not_picked":["Prepared","Deadly Poison","PiercingWail"],"picked":"Acrobatics+1","floor":31.0},{"not_picked":["After Image","Die Die Die","Storm of Steel"],"picked":"Wraith Form v2","floor":33.0},{"not_picked":["Flying Knee","Caltrops","Slice","Blade Dance"],"picked":"SKIP","floor":35.0},{"not_picked":["Masterful Stab","PiercingWail","Infinite Blades","Dagger Spray+1"],"picked":"SKIP","floor":36.0},{"not_picked":["Masterful Stab","PiercingWail","Infinite Blades","Dagger Spray+1"],"picked":"SKIP","floor":36.0},{"not_picked":["Dodge and Roll","Deflect","Acrobatics+1"],"picked":"Calculated Gamble+1","floor":37.0},{"not_picked":["Bane","Slice","Distraction"],"picked":"Catalyst+1","floor":40.0},{"not_picked":["Dagger Throw","Poisoned Stab","Infinite Blades"],"picked":"Acrobatics+1","floor":41.0},{"not_picked":["Noxious Fumes+1","PiercingWail","Phantasmal Killer","Heel Hook"],"picked":"SKIP","floor":42.0},{"not_picked":["PanicButton","Deep Breath","Bandage Up"],"picked":"Discovery","floor":44.0},{"not_picked":["Mind Blast","Dramatic Entrance","Dark Shackles"],"picked":"Panacea","floor":44.0},{"not_picked":["Poisoned Stab","Cloak And Dagger+1","Slice+1","Flying Knee"],"picked":"SKIP","floor":46.0},{"not_picked":["Poisoned Stab","Slice+1","Flying Knee"],"picked":"Cloak And Dagger+1","floor":46.0},{"not_picked":["Backflip+1","Acrobatics","Infinite Blades+1"],"picked":"Adrenaline","floor":55}],"player_experience":1313506,"relics_obtained":[{"floor":6.0,"key":"Question Card"},{"floor":9.0,"key":"Blood Vial"},{"floor":13.0,"key":"Snake Skull"},{"floor":23.0,"key":"Pear"},{"floor":25.0,"key":"Ornamental Fan"},{"floor":26.0,"key":"FossilizedHelix"},{"floor":28.0,"key":"Dodecahedron"},{"floor":31.0,"key":"Bronze Scales"},{"floor":37.0,"key":"Torii"},{"floor":38.0,"key":"Oddly Smooth Stone"},{"floor":40.0,"key":"Kunai"},{"floor":55,"key":"Bag of Preparation"}],"event_choices":[{"cards_removed":["Leg Sweep"],"damage_healed":22.0,"max_hp_gain":0.0,"max_hp_loss":0.0,"gold_gain":0.0,"event_name":"Bonfire Elementals","player_choice":"Offered Uncommon","floor":2.0,"gold_loss":0.0,"damage_taken":0.0},{"damage_healed":0.0,"max_hp_gain":0.0,"max_hp_loss":0.0,"gold_gain":0.0,"event_name":"Vampires","player_choice":"Became a vampire (Vial)","floor":19.0,"relics_lost":["Blood Vial"],"gold_loss":0.0,"damage_taken":0.0,"cards_obtained":["Bite","Bite","Bite","Bite","Bite"]},{"damage_healed":0.0,"max_hp_gain":5.0,"max_hp_loss":0.0,"gold_gain":0.0,"event_name":"Forgotten Altar","player_choice":"Shed Blood","floor":30.0,"gold_loss":0.0,"damage_taken":29.0},{"damage_healed":0.0,"max_hp_gain":0.0,"max_hp_loss":0.0,"gold_gain":0.0,"event_name":"Mysterious Sphere","player_choice":"Fight","floor":37.0,"gold_loss":0.0,"damage_taken":0.0},{"damage_healed":0.0,"max_hp_gain":0.0,"max_hp_loss":0.0,"gold_gain":0.0,"event_name":"SensoryStone","player_choice":"Memory 3","floor":44.0,"gold_loss":0.0,"damage_taken":10.0},{"cards_removed":["Malaise"],"damage_healed":0.0,"max_hp_gain":0.0,"max_hp_loss":0.0,"gold_gain":0.0,"event_name":"Falling","player_choice":"Removed Skill","floor":48.0,"gold_loss":0.0,"damage_taken":0.0}],"is_beta":true,"boss_relics":[{"not_picked":["Fusion Hammer","Cursed Key"],"picked":"Sozu"},{"not_picked":["WristBlade","Ring of the Serpent"],"picked":"Empty Cage"}],"items_purged_floors":[21,39,45,54],"is_endless":false,"potions_floor_spawned":[3,4,12,16,18,20,22,23,33,40,42,46,55],"ascension_level":20}