{"gold_per_floor":[111,128,128,144,164,164,189,205,205,205,219,219,219,233,233,330,330,349,25,25,49,49,78,88,115,115,131,131,131,131,160,160,262,262,272,290,301,301,316,316,333,333],"floor_reached":42,"playtime":3558,"items_purged":["Strike_G"],"score":536,"play_id":"27046686-c6d0-49f0-83ea-d1f3ec08f4e9","local_time":"20181003234822","is_ascension_mode":true,"campfire_choices":[{"data":"Neutralize","floor":6,"key":"SMITH"},{"data":"Footwork","floor":12,"key":"SMITH"},{"floor":15,"key":"REST"},{"data":"Dodge and Roll","floor":28,"key":"SMITH"},{"data":"Footwork","floor":30,"key":"SMITH"},{"data":"Backflip","floor":32,"key":"SMITH"},{"data":"Catalyst","floor":40,"key":"SMITH"}],"neow_cost":"TEN_PERCENT_HP_LOSS","seed_source_timestamp":1475362132190227,"circlet_count":0,"master_deck":["Defend_G","Defend_G","Defend_G","Defend_G","Strike_G","Survivor","Neutralize+1","Deadly Poison","Footwork+1","Cloak And Dagger","Cloak And Dagger","Catalyst+1","Catalyst","Escape Plan","After Image","Deadly Poison+1","Dodge and Roll+1","Flying Knee","Footwork+1","Backflip+1","PiercingWail","Burst","Dodge and Roll+1","Dodge and Roll+1"],"relics":["Ring of the Serpent","Bottled Tornado","Dodecahedron","Eternal Feather","TwistedFunnel","Vajra","Mercury Hourglass","Centennial Puzzle","Frozen Egg 2","Anchor"],"potions_floor_usage":[23,23,27],"damage_taken":[{"damage":0,"enemies":"2 Louse","floor":1,"turns":4},{"damage":0,"enemies":"Jaw Worm","floor":2,"turns":4},{"damage":3,"enemies":"Small Slimes","floor":4,"turns":4},{"damage":0,"enemies":"Exordium Thugs","floor":5,"turns":8},{"damage":28,"enemies":"Gremlin Nob","floor":7,"turns":6},{"damage":0,"enemies":"Exordium Wildlife","floor":8,"turns":6},{"damage":0,"enemies":"Looter","floor":11,"turns":4},{"damage":10,"enemies":"Gremlin Gang","floor":14,"turns":7},{"damage":12,"enemies":"Hexaghost","floor":16,"turns":12},{"damage":0,"enemies":"Spheric Guardian","floor":18,"turns":8},{"damage":31,"enemies":"Slavers","floor":23,"turns":11},{"damage":2,"enemies":"3 Byrds","floor":24,"turns":4},{"damage":0,"enemies":"Book of Stabbing","floor":25,"turns":10},{"damage":1,"enemies":"Shelled Parasite and Fungi","floor":27,"turns":6},{"damage":17,"enemies":"Slavers","floor":31,"turns":9},{"damage":9,"enemies":"Champ","floor":33,"turns":14},{"damage":6,"enemies":"3 Shapes","floor":35,"turns":4},{"damage":0,"enemies":"3 Darklings","floor":36,"turns":6},{"damage":25,"enemies":"4 Shapes","floor":37,"turns":5},{"damage":0,"enemies":"Spire Growth","floor":39,"turns":6},{"damage":2,"enemies":"Maw","floor":41,"turns":6},{"damage":47,"enemies":"2 Orb Walkers","floor":42,"turns":7}],"seed_played":"7702793465526416431","potions_obtained":[{"floor":4,"key":"SteroidPotion"},{"floor":8,"key":"PowerPotion"},{"floor":11,"key":"PowerPotion"},{"floor":25,"key":"Energy Potion"},{"floor":33,"key":"SteroidPotion"},{"floor":36,"key":"Energy Potion"}],"is_trial":false,"path_per_floor":["M","M","?","M","M","R","E","M","T","?","M","R","?","M","R","B",null,"M","$","?","T","$","E","M","E","T","M","R","?","R","E","R","B",null,"M","M","M","?","M","R","M"],"character_chosen":"THE_SILENT","items_purchased":["Dodge and Roll","TwistedFunnel"],"campfire_rested":1,"item_purchase_floors":[19,19],"current_hp_per_floor":[63,63,56,53,53,53,25,25,25,25,25,25,25,15,33,21,63,63,63,63,63,63,32,30,30,30,29,41,41,53,36,48,39,63,57,57,32,32,32,44,42,0],"gold":333,"neow_bonus":"REMOVE_TWO","is_prod":false,"is_daily":false,"chose_seed":false,"campfire_upgraded":6,"win_rate":0,"timestamp":1538603302,"path_taken":["M","M","?","M","M","R","E","M","T","?","M","R","?","M","R","BOSS","M","$","?","?","$","E","M","E","T","M","R","?","R","E","R","BOSS","M","M","M","?","?","R","M","E"],"build_version":"2018-09-27","purchased_purges":1,"victory":false,"max_hp_per_floor":[63,63,63,63,63,63,63,63,63,63,63,63,63,63,63,63,63,63,63,63,63,63,63,63,63,63,63,63,63,63,63,63,63,63,63,63,63,63,63,63,63,63],"card_choices":[{"not_picked":["Deflect","Flying Knee"],"picked":"Deadly Poison","floor":1},{"not_picked":["Masterful Stab","Well Laid Plans"],"picked":"Footwork","floor":2},{"not_picked":["Quick Slash","Blade Dance","Dagger Throw"],"picked":"SKIP","floor":4},{"not_picked":["Quick Slash","Blade Dance"],"picked":"Cloak And Dagger","floor":5},{"not_picked":["Die Die Die","Outmaneuver"],"picked":"Cloak And Dagger","floor":7},{"not_picked":["Dagger Throw","Distraction"],"picked":"Catalyst","floor":8},{"not_picked":["Sucker Punch","Dagger Spray"],"picked":"Catalyst","floor":11},{"not_picked":["Underhanded Strike","Riddle With Holes"],"picked":"Escape Plan","floor":14},{"not_picked":["Night Terror","Bullet Time"],"picked":"After Image","floor":16},{"not_picked":["Endless Agony","Outmaneuver+1"],"picked":"Deadly Poison","floor":18},{"not_picked":["Sucker Punch+1","Acrobatics"],"picked":"Flying Knee","floor":23},{"not_picked":["Underhanded Strike","Reflex"],"picked":"Footwork","floor":24},{"not_picked":["Masterful Stab","A Thousand Cuts"],"picked":"Backflip","floor":25},{"not_picked":["Dagger Throw+1","Dagger Spray","Acrobatics"],"picked":"SKIP","floor":27},{"not_picked":["Flying Knee+1","Tactician+1"],"picked":"PiercingWail","floor":31},{"not_picked":["Night Terror","Die Die Die"],"picked":"Burst","floor":33},{"not_picked":["Eviscerate","Bane+1"],"picked":"Dodge and Roll+1","floor":35},{"not_picked":["All Out Attack","Prepared","Outmaneuver+1"],"picked":"SKIP","floor":36},{"not_picked":["Choke+1","Masterful Stab+1","Deflect"],"picked":"SKIP","floor":37},{"not_picked":["Sucker Punch","Deflect"],"picked":"Dodge and Roll+1","floor":39},{"not_picked":["Underhanded Strike+1","Bouncing Flask+1","Finisher+1"],"picked":"SKIP","floor":41}],"player_experience":62130,"relics_obtained":[{"floor":7,"key":"Bottled Tornado"},{"floor":9,"key":"Dodecahedron"},{"floor":21,"key":"Vajra"},{"floor":23,"key":"Mercury Hourglass"},{"floor":25,"key":"Centennial Puzzle"},{"floor":26,"key":"Frozen Egg 2"},{"floor":31,"key":"Anchor"}],"event_choices":[{"event_name":"Golden Wing","player_choice":"Card Removal","floor":3,"damage_taken":0},{"event_name":"Liars Game","player_choice":"disagreed","floor":10,"damage_taken":0},{"event_name":"Scrap Ooze","player_choice":"unsuccessful","floor":13,"damage_taken":0},{"event_name":"Upgrade Shrine","player_choice":"Upgraded","floor":20,"damage_taken":0},{"event_name":"The Mausoleum","player_choice":"No","floor":29,"damage_taken":0},{"event_name":"Falling","player_choice":"Removed Skill","floor":38,"damage_taken":0}],"is_beta":false,"boss_relics":[{"not_picked":["Calling Bell","Lizard Tail"],"picked":"Eternal Feather"},{"not_picked":["White Beast Statue","Cursed Key"],"picked":"Ring of the Serpent"}],"items_purged_floors":[19],"is_endless":false,"potions_floor_spawned":[4,8,11,14,25,33,36,39],"killed_by":"2 Orb Walkers","ascension_level":1}