{"gold_per_floor":[213,213,213,230,9,39,114,114,164,191,46,46,71,84,84,181,181,196,196,211,225,51,83,83,111,111,111,111,61,88,104,104,209,209,223,241,241,258,277,309,309,321,348,258,258,291,310,337,337,337,337,337,48,77,77],"floor_reached":56,"playtime":2887,"items_purged":["Strike_R","Strike_R","Twin Strike","Defend_R"],"score":1752,"play_id":"28b50a7f-ac50-46ee-848b-67def13e4518","local_time":"20190311162723","is_ascension_mode":true,"campfire_choices":[{"data":"Bash","floor":8.0,"key":"SMITH"},{"data":"Shrug It Off","floor":15.0,"key":"SMITH"},{"data":"Offering","floor":24.0,"key":"SMITH"},{"data":"Dual Wield","floor":28.0,"key":"SMITH"},{"data":"True Grit","floor":32.0,"key":"SMITH"},{"data":"Dark Embrace","floor":41.0,"key":"SMITH"},{"data":"Dropkick","floor":45.0,"key":"SMITH"},{"floor":49.0,"key":"RECALL"},{"data":"Well Laid Plans","floor":52.0,"key":"SMITH"}],"neow_cost":"NONE","seed_source_timestamp":915596585400,"circlet_count":0,"master_deck":["Defend_R","Defend_R","Defend_R","Bash+1","Dropkick+1","Shrug It Off+1","Offering+1","Dark Embrace+1","Metallicize+1","Well Laid Plans+1","Dual Wield+1","Shockwave+1","True Grit+1","Evolve+1","Second Wind","Finesse"],"special_seed":0,"relics":["Burning Blood","Oddly Smooth Stone","Vajra","Potion Belt","Lantern","Anchor","Mercury Hourglass","Kunai","Astrolabe","Bottled Tornado","Smiling Mask","Nilry\u0027s Codex","PreservedInsect","Sozu","Ancient Tea Set","Omamori","Self Forming Clay","Dodecahedron","Medical Kit","Happy Flower"],"potions_floor_usage":[55],"damage_taken":[{"damage":5.0,"enemies":"Jaw Worm","floor":1.0,"turns":5.0},{"damage":0.0,"enemies":"Small Slimes","floor":4.0,"turns":3.0},{"damage":33.0,"enemies":"Lagavulin","floor":6.0,"turns":7.0},{"damage":24.0,"enemies":"3 Sentries","floor":10.0,"turns":9.0},{"damage":7.0,"enemies":"Gremlin Nob","floor":13.0,"turns":3.0},{"damage":0.0,"enemies":"Cultist","floor":14.0,"turns":3.0},{"damage":6.0,"enemies":"The Guardian","floor":16.0,"turns":12.0},{"damage":6.0,"enemies":"2 Thieves","floor":18.0,"turns":3.0},{"damage":6.0,"enemies":"Chosen","floor":20.0,"turns":5.0},{"damage":10.0,"enemies":"Snake Plant","floor":21.0,"turns":5.0},{"damage":17.0,"enemies":"Gremlin Leader","floor":23.0,"turns":5.0},{"damage":15.0,"enemies":"Book of Stabbing","floor":25.0,"turns":6.0},{"damage":9.0,"enemies":"Slavers","floor":30.0,"turns":2.0},{"damage":6.0,"enemies":"Centurion and Healer","floor":31.0,"turns":4.0},{"damage":6.0,"enemies":"Automaton","floor":33.0,"turns":4.0},{"damage":6.0,"enemies":"3 Darklings","floor":35.0,"turns":2.0},{"damage":6.0,"enemies":"Orb Walker","floor":36.0,"turns":2.0},{"damage":6.0,"enemies":"Writhing Mass","floor":38.0,"turns":5.0},{"damage":9.0,"enemies":"Transient","floor":39.0,"turns":5.0},{"damage":6.0,"enemies":"Nemesis","floor":40.0,"turns":5.0},{"damage":6.0,"enemies":"3 Darklings","floor":42.0,"turns":2.0},{"damage":6.0,"enemies":"Giant Head","floor":46.0,"turns":1.0},{"damage":6.0,"enemies":"Spire Growth","floor":47.0,"turns":2.0},{"damage":6.0,"enemies":"Reptomancer","floor":48.0,"turns":2.0},{"damage":10.0,"enemies":"Time Eater","floor":50.0,"turns":7.0},{"damage":6,"enemies":"Shield and Spear","floor":54,"turns":2},{"damage":0,"enemies":"The Heart","floor":55,"turns":4}],"seed_played":"-8830759354265382274","potions_obtained":[{"floor":1.0,"key":"Weak Potion"},{"floor":6.0,"key":"Swift Potion"},{"floor":14.0,"key":"Block Potion"},{"floor":16.0,"key":"BloodPotion"},{"floor":18.0,"key":"BloodPotion"},{"floor":20.0,"key":"PowerPotion"},{"floor":23.0,"key":"AttackPotion"},{"floor":31.0,"key":"Energy Potion"}],"is_trial":false,"path_per_floor":["M","?","?","M","$","E","?","R","T","E","$","?","E","M","R","B",null,"M","?","M","M","$","E","R","E","T","?","R","$","E","M","R","B",null,"M","M","?","M","M","E","R","M","T","?","R","E","M","E","R","B",null,"R","$","E","B",null],"character_chosen":"IRONCLAD","items_purchased":["Vajra","Shrug It Off","AttackPotion","Finesse","Medical Kit"],"campfire_rested":0,"item_purchase_floors":[5,11,22,53,53],"current_hp_per_floor":[80,80,80,80,80,53,42,42,42,24,24,24,23,29,29,29,80,80,80,80,76,76,65,65,64,64,48,48,48,45,45,45,45,80,80,80,80,80,77,77,77,77,77,77,77,77,77,77,77,73,80,80,80,80,80],"gold":77,"neow_bonus":"HUNDRED_GOLD","is_prod":false,"is_daily":false,"chose_seed":false,"campfire_upgraded":8,"win_rate":0,"timestamp":1552292843,"path_taken":["M","?","?","?","$","E","?","R","T","E","$","?","E","M","R","BOSS","M","?","M","?","$","E","R","E","T","?","R","?","E","M","R","BOSS","M","M","?","?","M","E","R","M","T","?","R","E","?","E","R","BOSS","R","$","E","BOSS"],"build_version":"2019-01-23","purchased_purges":4,"victory":true,"max_hp_per_floor":[80,80,80,80,80,80,80,80,80,80,80,80,80,80,80,80,80,80,80,80,80,80,80,80,80,80,80,80,80,80,80,80,80,80,80,80,80,80,80,80,80,80,80,80,80,80,80,80,80,80,80,80,80,80,80],"card_choices":[{"not_picked":["Rupture","Rage"],"picked":"Twin Strike","floor":1.0},{"not_picked":["Cleave","Iron Wave","Evolve"],"picked":"SKIP","floor":4.0},{"not_picked":["Impervious","Wild Strike"],"picked":"Dropkick","floor":6.0},{"not_picked":["Bloodletting","Power Through","Clash"],"picked":"SKIP","floor":10.0},{"not_picked":["Whirlwind","Corruption","Heavy Blade"],"picked":"SKIP","floor":13.0},{"not_picked":["Iron Wave","Flex"],"picked":"Offering","floor":14.0},{"not_picked":["Reaper","Impervious"],"picked":"Dark Embrace","floor":16.0},{"not_picked":["Body Slam+1","Metallicize+1","Flex"],"picked":"SKIP","floor":18.0},{"not_picked":["Headbutt+1","Wild Strike"],"picked":"Dual Wield","floor":20.0},{"not_picked":["Feel No Pain+1","Reckless Charge","Perfected Strike"],"picked":"SKIP","floor":21.0},{"not_picked":["Feel No Pain","Heavy Blade+1","Bloodletting"],"picked":"SKIP","floor":23.0},{"not_picked":["Warcry","Body Slam+1"],"picked":"Shockwave+1","floor":25.0},{"not_picked":["Wild Strike+1","Armaments","Shrug It Off+1"],"picked":"SKIP","floor":30.0},{"not_picked":["Anger","Shrug It Off"],"picked":"True Grit","floor":31.0},{"not_picked":["Thunderclap","Iron Wave+1","Ghostly Armor+1"],"picked":"SKIP","floor":35.0},{"not_picked":["Disarm","Clash+1"],"picked":"Evolve","floor":36.0},{"not_picked":["Reckless Charge+1","Sword Boomerang+1","Perfected Strike+1"],"picked":"SKIP","floor":38.0},{"not_picked":["Cleave","Perfected Strike","Clash+1"],"picked":"SKIP","floor":39.0},{"not_picked":["True Grit+1","Sword Boomerang"],"picked":"Second Wind","floor":40.0},{"not_picked":["Flame Barrier+1","Fire Breathing+1","Dual Wield+1"],"picked":"SKIP","floor":42.0},{"not_picked":["Havoc+1","Iron Wave+1","Exhume"],"picked":"SKIP","floor":46.0},{"not_picked":["Flex","Thunderclap+1","Infernal Blade"],"picked":"SKIP","floor":47.0},{"not_picked":["Armaments+1","True Grit+1","Evolve+1"],"picked":"SKIP","floor":48.0},{"not_picked":["Pommel Strike","Clash","Infernal Blade+1"],"picked":"SKIP","floor":54}],"player_experience":2803929,"relics_obtained":[{"floor":6.0,"key":"Potion Belt"},{"floor":9.0,"key":"Lantern"},{"floor":10.0,"key":"Anchor"},{"floor":13.0,"key":"Kunai"},{"floor":23.0,"key":"Bottled Tornado"},{"floor":26.0,"key":"Smiling Mask"},{"floor":27.0,"key":"Nilry\u0027s Codex"},{"floor":30.0,"key":"PreservedInsect"},{"floor":40.0,"key":"Omamori"},{"floor":46.0,"key":"Self Forming Clay"},{"floor":48.0,"key":"Dodecahedron"},{"floor":54,"key":"Happy Flower"}],"event_choices":[{"damage_healed":0.0,"max_hp_gain":0.0,"max_hp_loss":0.0,"gold_gain":0.0,"event_name":"Big Fish","player_choice":"Box","floor":2.0,"gold_loss":0.0,"damage_taken":0.0,"relics_obtained":["Oddly Smooth Stone"],"cards_obtained":["Regret"]},{"cards_removed":["Regret"],"damage_healed":0.0,"max_hp_gain":0.0,"max_hp_loss":0.0,"gold_gain":0.0,"event_name":"Purifier","player_choice":"Purged","floor":3.0,"gold_loss":0.0,"damage_taken":0.0},{"damage_healed":0.0,"max_hp_gain":0.0,"max_hp_loss":0.0,"gold_gain":75.0,"event_name":"World of Goop","player_choice":"Gather Gold","floor":7.0,"gold_loss":0.0,"damage_taken":11.0},{"damage_healed":0.0,"max_hp_gain":0.0,"max_hp_loss":0.0,"gold_gain":0.0,"event_name":"Dead Adventurer","player_choice":"Searched \u00272\u0027 times","floor":12.0,"gold_loss":0.0,"damage_taken":0.0,"relics_obtained":["Mercury Hourglass"]},{"cards_removed":["Carnage"],"damage_healed":0.0,"max_hp_gain":0.0,"max_hp_loss":0.0,"gold_gain":0.0,"event_name":"NoteForYourself","player_choice":"Took Card","floor":19.0,"gold_loss":0.0,"damage_taken":0.0,"cards_obtained":["Well Laid Plans"]},{"damage_healed":0.0,"max_hp_gain":0.0,"max_hp_loss":0.0,"gold_gain":0.0,"event_name":"Cursed Tome","player_choice":"Obtained Book","floor":27.0,"gold_loss":0.0,"damage_taken":16.0},{"damage_healed":0.0,"max_hp_gain":0.0,"max_hp_loss":0.0,"gold_gain":0.0,"event_name":"WeMeetAgain","player_choice":"Gave Potion","floor":37.0,"gold_loss":0.0,"damage_taken":0.0,"relics_obtained":["Ancient Tea Set"]},{"cards_removed":["Iron Wave"],"damage_healed":0.0,"max_hp_gain":0.0,"max_hp_loss":0.0,"gold_gain":0.0,"event_name":"Designer","player_choice":"Upgrade and Remove","floor":44.0,"gold_loss":90.0,"damage_taken":0.0,"cards_upgraded":["Evolve"]}],"is_beta":false,"boss_relics":[{"not_picked":["Pandora\u0027s Box","Runic Cube"],"picked":"Astrolabe"},{"not_picked":["Busted Crown","Snecko Eye"],"picked":"Sozu"}],"items_purged_floors":[5,11,22,29],"is_endless":false,"potions_floor_spawned":[1,6,14,16,18,20,23,31,35,36,38,40,47],"ascension_level":1}