{"gold_per_floor":[361,374,339,256,267,294,294,324,396,430,430,450,450,460,460,535,535,548,548,535,215,265,265,278,294,319,346,346,360,390,400,400,471,471,481,529,277,297,314,314,343,356,356,385,385,416,72,91,91,91],"floor_reached":51,"playtime":2740,"items_purged":["Strike_G","Strike_G","Defend_G"],"score":1426,"play_id":"ac89f827-aa00-4bec-ba24-92ef4cf725ef","local_time":"20181025035653","is_ascension_mode":true,"campfire_choices":[{"floor":7.0,"key":"REST"},{"data":"Neutralize","floor":11.0,"key":"SMITH"},{"data":"Footwork","floor":13.0,"key":"SMITH"},{"data":"All Out Attack","floor":15.0,"key":"SMITH"},{"data":"Malaise","floor":23.0,"key":"SMITH"},{"data":"After Image","floor":28.0,"key":"SMITH"},{"floor":32.0,"key":"REST"},{"data":"Leg Sweep","floor":40,"key":"SMITH"},{"data":"Infinite Blades","floor":49,"key":"SMITH"}],"neow_cost":"PERCENT_DAMAGE","seed_source_timestamp":4413627000791,"circlet_count":0,"master_deck":["Defend_G","Defend_G","Defend_G+1","Defend_G+1","Strike_G+1","Strike_G","Survivor","Neutralize+1","AscendersBane","Flying Knee+1","Footwork+1","Infinite Blades+1","Dagger Throw","All Out Attack+1","Sucker Punch","Dagger Throw+1","After Image+1","Blur","Malaise+1","Flechettes+1","Dagger Spray+1","Blade Dance+1","Backstab+1","Terror","PiercingWail","Dodge and Roll+1","Adrenaline","Finisher+1","Glass Knife+1","PiercingWail","Backflip","Cloak And Dagger+1","Leg Sweep+1","Expertise+1","Escape Plan+1","Prepared+1","Blur+1","Well Laid Plans","Distraction+1","PiercingWail+1"],"special_seed":0,"relics":["Ring of the Snake","Bird Faced Urn","Dream Catcher","Molten Egg 2","Meat on the Bone","Sozu","FaceOfCleric","Shuriken","Art of War","Whetstone","War Paint","Dodecahedron","Philosopher\u0027s Stone","Ice Cream","Vajra","Toxic Egg 2","Mercury Hourglass","Omamori","Pen Nib"],"potions_floor_usage":[50],"damage_taken":[{"damage":4.0,"enemies":"Small Slimes","floor":1.0,"turns":3.0},{"damage":0.0,"enemies":"2 Louse","floor":2.0,"turns":4.0},{"damage":2.0,"enemies":"Jaw Worm","floor":5.0,"turns":4.0},{"damage":29.0,"enemies":"Lagavulin","floor":6.0,"turns":10.0},{"damage":23.0,"enemies":"3 Sentries","floor":8.0,"turns":6.0},{"damage":4.0,"enemies":"Lagavulin","floor":10.0,"turns":10.0},{"damage":4.0,"enemies":"Red Slaver","floor":12.0,"turns":4.0},{"damage":3.0,"enemies":"Large Slime","floor":14.0,"turns":7.0},{"damage":14.0,"enemies":"Slime Boss","floor":16.0,"turns":14.0},{"damage":5.0,"enemies":"Spheric Guardian","floor":18.0,"turns":6.0},{"damage":23.0,"enemies":"2 Thieves","floor":20.0,"turns":4.0},{"damage":11.0,"enemies":"Sentry and Sphere","floor":24.0,"turns":6.0},{"damage":5.0,"enemies":"Centurion and Healer","floor":25.0,"turns":8.0},{"damage":4.0,"enemies":"Gremlin Leader","floor":27.0,"turns":6.0},{"damage":7.0,"enemies":"Snake Plant","floor":29.0,"turns":6.0},{"damage":25.0,"enemies":"Book of Stabbing","floor":30.0,"turns":6.0},{"damage":0.0,"enemies":"Chosen and Byrds","floor":31.0,"turns":5.0},{"damage":17.0,"enemies":"Champ","floor":33.0,"turns":11.0},{"damage":20,"enemies":"3 Darklings","floor":35,"turns":6},{"damage":15,"enemies":"2 Orb Walkers","floor":36,"turns":4},{"damage":0,"enemies":"3 Shapes","floor":38,"turns":2},{"damage":0,"enemies":"Sphere and 2 Shapes","floor":39,"turns":7},{"damage":16,"enemies":"Reptomancer","floor":41,"turns":6},{"damage":0,"enemies":"Spire Growth","floor":42,"turns":5},{"damage":0,"enemies":"Nemesis","floor":44,"turns":5},{"damage":10,"enemies":"Reptomancer","floor":46,"turns":6},{"damage":1,"enemies":"Jaw Worm Horde","floor":48,"turns":4},{"damage":32,"enemies":"Donu and Deca","floor":50,"turns":8}],"seed_played":"8468137000522976576","potions_obtained":[{"floor":2.0,"key":"GamblersBrew"}],"is_trial":false,"path_per_floor":["M","M","?","$","M","E","R","E","T","E","R","M","R","M","R","B",null,"M","?","M","$","T","R","M","M","T","E","R","M","E","M","R","B",null,"M","?","$","M","M","R","E","M","T","E","?","E","$","M","R","B"],"character_chosen":"THE_SILENT","items_purchased":["Infinite Blades","Dexterity Potion","Shuriken","Vajra","Blur+1","Well Laid Plans","Distraction+1"],"campfire_rested":2,"item_purchase_floors":[4,4,21,37,47,47,47],"current_hp_per_floor":[40,40,56,56,54,25,44,25,25,25,25,35,35,38,38,42,60,61,61,45,45,45,45,41,43,43,46,46,46,40,45,66,56,70,57,47,47,52,59,59,50,57,57,64,64,61,61,67,67,44],"gold":91,"neow_bonus":"TWO_FIFTY_GOLD","is_prod":false,"is_daily":false,"chose_seed":false,"campfire_upgraded":7,"win_rate":0,"timestamp":1540465013,"path_taken":["M","M","?","$","M","E","R","E","T","E","R","M","R","M","R","BOSS","M","?","M","$","?","R","M","?","T","E","R","M","E","M","R","BOSS","M","?","$","?","M","R","E","M","T","E","?","E","$","M","R","BOSS"],"build_version":"2018-10-18","purchased_purges":3,"victory":true,"max_hp_per_floor":[66,66,66,66,66,66,66,66,66,66,66,66,66,66,66,66,66,66,66,67,67,67,67,68,69,69,70,70,71,72,73,73,74,74,75,76,76,77,78,78,79,80,80,81,81,82,82,83,83,84],"card_choices":[{"not_picked":["Deflect","Blade Dance"],"picked":"Flying Knee","floor":1.0},{"not_picked":["Backflip","Flying Knee"],"picked":"Footwork","floor":2.0},{"not_picked":["Deadly Poison","PiercingWail"],"picked":"Dagger Throw","floor":5.0},{"not_picked":["Infinite Blades","Skewer"],"picked":"All Out Attack","floor":6.0},{"not_picked":["Flying Knee","Underhanded Strike"],"picked":"Sucker Punch","floor":8.0},{"not_picked":["PiercingWail","Outmaneuver"],"picked":"Dagger Throw+1","floor":10.0},{"not_picked":["Dagger Throw+1","Deadly Poison"],"picked":"After Image","floor":12.0},{"not_picked":["Blade Dance","Reflex"],"picked":"Blur","floor":14.0},{"not_picked":["Bullet Time","Corpse Explosion"],"picked":"Malaise","floor":16.0},{"not_picked":["Skewer+1","Sucker Punch+1"],"picked":"Flechettes+1","floor":18.0},{"not_picked":["Masterful Stab+1","Well Laid Plans"],"picked":"Dagger Spray+1","floor":20.0},{"not_picked":["Accuracy","Setup+1"],"picked":"Blade Dance+1","floor":24.0},{"not_picked":["Blade Dance","Dagger Throw+1"],"picked":"Backstab+1","floor":25.0},{"not_picked":["Setup","Sucker Punch+1"],"picked":"Terror","floor":27.0},{"not_picked":["Flechettes+1","Deadly Poison"],"picked":"PiercingWail","floor":29.0},{"not_picked":["Masterful Stab+1","Acrobatics"],"picked":"Dodge and Roll+1","floor":30.0},{"not_picked":["Caltrops","Slice+1"],"picked":"Adrenaline","floor":31.0},{"not_picked":["Blade Dance","PiercingWail"],"picked":"Finisher+1","floor":32.0},{"not_picked":["Storm of Steel","After Image"],"picked":"Glass Knife+1","floor":33.0},{"not_picked":["Infinite Blades+1","Sucker Punch+1"],"picked":"PiercingWail","floor":35},{"not_picked":["Caltrops+1","Poisoned Stab+1"],"picked":"Backflip","floor":36},{"not_picked":["Backstab+1","Dagger Throw+1"],"picked":"Cloak And Dagger+1","floor":38},{"not_picked":["Acrobatics+1","Heel Hook+1"],"picked":"Leg Sweep","floor":39},{"not_picked":["Bouncing Flask","Flying Knee+1"],"picked":"Expertise+1","floor":41},{"not_picked":["Eviscerate+1","Dagger Throw+1","Choke+1"],"picked":"SKIP","floor":42},{"not_picked":["Underhanded Strike+1","PiercingWail+1"],"picked":"Escape Plan+1","floor":44},{"not_picked":["Bouncing Flask+1","Outmaneuver+1"],"picked":"Prepared+1","floor":46},{"not_picked":["Catalyst+1","Prepared+1"],"picked":"PiercingWail+1","floor":48}],"player_experience":1457978,"relics_obtained":[{"floor":6.0,"key":"Bird Faced Urn"},{"floor":8.0,"key":"Dream Catcher"},{"floor":9.0,"key":"Molten Egg 2"},{"floor":10.0,"key":"Meat on the Bone"},{"floor":22.0,"key":"Art of War"},{"floor":26.0,"key":"Whetstone"},{"floor":27.0,"key":"War Paint"},{"floor":30.0,"key":"Dodecahedron"},{"floor":36,"key":"Ice Cream"},{"floor":41,"key":"Toxic Egg 2"},{"floor":43,"key":"Mercury Hourglass"},{"floor":44,"key":"Omamori"},{"floor":46,"key":"Pen Nib"}],"event_choices":[{"damage_healed":16.0,"max_hp_gain":0.0,"max_hp_loss":0.0,"gold_gain":0.0,"event_name":"The Cleric","player_choice":"Healed","floor":3.0,"gold_loss":35.0,"damage_taken":0.0},{"damage_healed":0.0,"max_hp_gain":0.0,"max_hp_loss":0.0,"gold_gain":0.0,"event_name":"FaceTrader","player_choice":"Trade","floor":19.0,"gold_loss":0.0,"damage_taken":0.0,"relics_obtained":["FaceOfCleric"]},{"damage_healed":0,"gold_gain":0,"player_choice":"Fight","damage_taken":0,"max_hp_gain":0,"max_hp_loss":0,"event_name":"Mysterious Sphere","floor":36,"gold_loss":0},{"cards_removed":["Strike_G"],"damage_healed":0,"gold_gain":0,"player_choice":"Removed Attack","damage_taken":0,"max_hp_gain":0,"max_hp_loss":0,"event_name":"Falling","floor":45,"gold_loss":0}],"is_beta":false,"boss_relics":[{"not_picked":["White Beast Statue","Snecko Eye"],"picked":"Sozu"},{"not_picked":["Coffee Dripper","Pandora\u0027s Box"],"picked":"Philosopher\u0027s Stone"}],"items_purged_floors":[21,37,47],"is_endless":false,"potions_floor_spawned":[2,6,8,18,24,29,30,33,38,41],"ascension_level":15}