{"gold_per_floor":[113,133,11,31,47,72,72,72,97,97,117,117,150,176,188,299,311,341,381,15,15,15],"floor_reached":22,"playtime":763,"items_purged":[],"score":310,"play_id":"586338ae-e196-49b3-8483-aa21393bcbeb","local_time":"20181203235900","is_ascension_mode":true,"campfire_choices":[{"data":"Zap","floor":7,"key":"SMITH"},{"data":"Defragment","floor":10,"key":"SMITH"},{"data":"White Noise","floor":12,"key":"SMITH"},{"floor":15,"key":"REST"}],"neow_cost":"NONE","seed_source_timestamp":4918845798716,"circlet_count":0,"master_deck":["AscendersBane","Strike_B","Strike_B","Strike_B","Defend_B","Defend_B","Defend_B","Defend_B","Zap+1","Dualcast","Thunder Strike","Turbo","Redo","Defragment+1","Leap","Redo","Redo","Hello World","Steam Power","White Noise+1","Storm","Reinforced Body","Machine Learning","Static Discharge","Tempest","Loop","Defragment+1"],"relics":["Cracked Core","Anchor","Boot","MawBank","Cursed Key","Red Mask","Meat on the Bone"],"potions_floor_usage":[6,6,16,22],"damage_taken":[{"damage":3,"enemies":"Small Slimes","floor":1,"turns":4},{"damage":1,"enemies":"Cultist","floor":2,"turns":3},{"damage":0,"enemies":"2 Louse","floor":4,"turns":2},{"damage":17,"enemies":"Red Slaver","floor":5,"turns":4},{"damage":15,"enemies":"Gremlin Nob","floor":6,"turns":4},{"damage":0,"enemies":"Looter","floor":11,"turns":3},{"damage":19,"enemies":"Lagavulin","floor":13,"turns":6},{"damage":19,"enemies":"3 Louse","floor":14,"turns":3},{"damage":6,"enemies":"Hexaghost","floor":16,"turns":5},{"damage":8,"enemies":"2 Thieves","floor":18,"turns":4},{"damage":44,"enemies":"Masked Bandits","floor":19,"turns":3},{"damage":21,"enemies":"3 Byrds","floor":22,"turns":2}],"seed_played":"-3912247500679377635","potions_obtained":[{"floor":2,"key":"Regen Potion"},{"floor":5,"key":"AttackPotion"},{"floor":11,"key":"LiquidBronze"},{"floor":16,"key":"Energy Potion"}],"is_trial":false,"path_per_floor":["M","M","$","M","M","E","R","?","T","R","M","R","E","M","R","B",null,"M","?","$","?","M"],"character_chosen":"DEFECT","items_purchased":["Defragment","Leap","Meat on the Bone","Loop","Block Potion"],"campfire_rested":1,"item_purchase_floors":[3,3,20,20,20],"current_hp_per_floor":[65,64,64,64,47,44,44,44,44,44,44,44,25,6,28,22,62,54,10,10,10,0],"gold":15,"neow_bonus":"ONE_RANDOM_RARE_CARD","is_prod":false,"is_daily":false,"chose_seed":false,"campfire_upgraded":3,"win_rate":0,"timestamp":1543877940,"path_taken":["M","M","$","M","M","E","R","?","T","R","M","R","E","?","R","BOSS","M","?","$","?","?"],"build_version":"2018-11-15","purchased_purges":0,"victory":false,"max_hp_per_floor":[75,75,75,75,75,75,75,75,75,75,75,75,75,75,75,75,75,75,75,75,75,75],"card_choices":[{"not_picked":["Barrage","Doom and Gloom"],"picked":"Turbo","floor":1},{"not_picked":["Gash","Barrage"],"picked":"Redo","floor":2},{"not_picked":["Streamline","Compile Driver"],"picked":"Redo","floor":4},{"not_picked":["Go for the Eyes","Turbo"],"picked":"Redo","floor":5},{"not_picked":["Gash","Leap"],"picked":"Hello World","floor":6},{"not_picked":["Sweeping Beam","Core Surge"],"picked":"White Noise","floor":11},{"not_picked":["Conserve Battery","Chill"],"picked":"Storm","floor":13},{"not_picked":["Leap","Hologram"],"picked":"Reinforced Body","floor":14},{"not_picked":["Core Surge","Hyperbeam"],"picked":"Machine Learning","floor":16},{"not_picked":["Ball Lightning","Turbo"],"picked":"Static Discharge","floor":18},{"not_picked":["Cold Snap","Coolheaded"],"picked":"Tempest","floor":19}],"player_experience":364093,"relics_obtained":[{"floor":6,"key":"Anchor"},{"floor":9,"key":"Boot"},{"floor":13,"key":"MawBank"},{"floor":19,"key":"Red Mask"}],"event_choices":[{"damage_healed":0,"gold_gain":0,"cards_transformed":["Strike_B"],"player_choice":"Transformed","damage_taken":0,"max_hp_gain":0,"max_hp_loss":0,"event_name":"Transmorgrifier","floor":8,"gold_loss":0,"cards_obtained":["Steam Power"]},{"damage_healed":0,"gold_gain":0,"player_choice":"Fought Bandits","damage_taken":0,"max_hp_gain":0,"max_hp_loss":0,"event_name":"Masked Bandits","floor":19,"gold_loss":0},{"damage_healed":0,"gold_gain":0,"player_choice":"Copied","damage_taken":0,"max_hp_gain":0,"max_hp_loss":0,"event_name":"Duplicator","floor":21,"gold_loss":0,"cards_obtained":["Defragment"]}],"is_beta":false,"boss_relics":[{"not_picked":["Empty Cage","Coffee Dripper"],"picked":"Cursed Key"}],"items_purged_floors":[],"is_endless":false,"potions_floor_spawned":[2,5,11,16],"killed_by":"3 Byrds","ascension_level":12}