{"gold_per_floor":[11,24,124,135,146,146,181,195,245,259,259,269,219,219,219,321,321,338,357,132,132,32,64,64,64],"floor_reached":25,"playtime":1906,"items_purged":["Strike_G","Strike_G"],"score":225,"play_id":"c2e6d2bd-e6e8-4bc2-be4c-b0b4031771ae","local_time":"20181001211118","is_ascension_mode":false,"campfire_choices":[{"data":"After Image","floor":6,"key":"SMITH"},{"data":"Strike_G","floor":15,"key":"SMITH"},{"data":"Envenom","floor":24,"key":"SMITH"}],"neow_cost":"NO_GOLD","seed_source_timestamp":17281441436903,"circlet_count":0,"master_deck":["Defend_G","Defend_G","Defend_G","Defend_G","Strike_G","Strike_G+1","Survivor","Neutralize","After Image+1","Bouncing Flask","Slice","Dodge and Roll","Poisoned Stab","Dagger Spray","Quick Slash","Bane","Envenom+1","Quick Slash+1","Flying Knee+1"],"relics":["Ring of the Snake","Centennial Puzzle","Blood Vial","Velvet Choker","Ancient Tea Set","Letter Opener"],"potions_floor_usage":[4,5,21,23],"damage_taken":[{"damage":5,"enemies":"Small Slimes","floor":1,"turns":6},{"damage":0,"enemies":"Cultist","floor":2,"turns":4},{"damage":0,"enemies":"Jaw Worm","floor":4,"turns":2},{"damage":7,"enemies":"Blue Slaver","floor":5,"turns":4},{"damage":10,"enemies":"Lagavulin","floor":7,"turns":7},{"damage":6,"enemies":"Lots of Slimes","floor":8,"turns":4},{"damage":0,"enemies":"Large Slime","floor":10,"turns":5},{"damage":0,"enemies":"Blue Slaver","floor":12,"turns":4},{"damage":29,"enemies":"Hexaghost","floor":16,"turns":9},{"damage":7,"enemies":"Spheric Guardian","floor":18,"turns":5},{"damage":12,"enemies":"Shell Parasite","floor":19,"turns":5},{"damage":0,"enemies":"Snake Plant","floor":21,"turns":1},{"damage":41,"enemies":"Slavers","floor":23,"turns":6},{"damage":19,"enemies":"Snecko","floor":25,"turns":3}],"seed_played":"-1078772263082082179","potions_obtained":[{"floor":1,"key":"Explosive Potion"},{"floor":2,"key":"SkillPotion"},{"floor":5,"key":"SmokeBomb"},{"floor":8,"key":"Swift Potion"},{"floor":18,"key":"Strength Potion"}],"is_trial":false,"path_per_floor":["M","M","?","M","M","R","E","M","T","M","?","M","?","?","R","B",null,"M","M","$","M","$","E","R"],"character_chosen":"THE_SILENT","items_purchased":["Ancient Tea Set"],"campfire_rested":0,"item_purchase_floors":[20],"current_hp_per_floor":[65,65,65,65,58,58,48,42,42,44,37,39,39,39,39,12,70,63,53,53,55,55,16,16,0],"gold":64,"neow_bonus":"THREE_RARE_CARDS","is_prod":false,"is_daily":false,"chose_seed":false,"campfire_upgraded":3,"win_rate":0.0,"timestamp":1538442678,"path_taken":["M","M","?","M","M","R","E","M","T","M","?","M","?","?","R","BOSS","M","M","$","M","$","E","R","?"],"build_version":"2018-09-27","purchased_purges":2,"victory":false,"max_hp_per_floor":[70,70,70,70,70,70,70,70,70,70,70,70,70,70,70,70,70,70,70,70,70,70,70,70,70],"card_choices":[{"not_picked":["Adrenaline","Die Die Die"],"picked":"After Image","floor":0},{"not_picked":["Distraction","All Out Attack"],"picked":"Bouncing Flask","floor":1},{"not_picked":["Reflex","Heel Hook"],"picked":"Slice","floor":2},{"not_picked":["Deflect","Slice"],"picked":"Dodge and Roll","floor":4},{"not_picked":["Calculated Gamble","Choke"],"picked":"Poisoned Stab","floor":5},{"not_picked":["Escape Plan","Well Laid Plans"],"picked":"Dagger Spray","floor":7},{"not_picked":["Deadly Poison","Finisher"],"picked":"Quick Slash","floor":8},{"not_picked":["Poisoned Stab","Prepared"],"picked":"Bane","floor":10},{"not_picked":["Masterful Stab","Deflect","Crippling Poison"],"picked":"SKIP","floor":12},{"not_picked":["Wraith Form v2","Adrenaline"],"picked":"Envenom","floor":16},{"not_picked":["Dash","Backflip"],"picked":"Quick Slash+1","floor":18},{"not_picked":["Flechettes","Outmaneuver"],"picked":"Flying Knee+1","floor":19},{"not_picked":["Die Die Die","Glass Knife","Dash"],"picked":"SKIP","floor":23}],"player_experience":15059,"relics_obtained":[{"floor":7,"key":"Centennial Puzzle"},{"floor":9,"key":"Blood Vial"},{"floor":23,"key":"Letter Opener"}],"event_choices":[{"event_name":"Golden Shrine","player_choice":"Pray","floor":3,"damage_taken":0},{"event_name":"Golden Wing","player_choice":"Card Removal","floor":11,"damage_taken":0},{"event_name":"The Cleric","player_choice":"Card Removal","floor":13,"damage_taken":0},{"event_name":"Golden Idol","player_choice":"Ignored","floor":14,"damage_taken":0}],"is_beta":false,"boss_relics":[{"not_picked":["Lizard Tail","Runic Pyramid"],"picked":"Velvet Choker"}],"items_purged_floors":[20,22],"is_endless":false,"potions_floor_spawned":[1,2,5,8,18,21],"killed_by":"Snecko","ascension_level":0}