{"gold_per_floor":[117,117,36,52,72,106,136,161,161,188,214,214,239,251,251,330,330,348,368,381,271,302,334,349,379,379,406,406,406,439,464,464,535,535,546,594,609,621,369,402,402,433,458,458,485,249,267,294,294,294,294,294,294,19,52,52],"floor_reached":57,"playtime":2867,"items_purged":[],"score":3623,"play_id":"ecd98258-242f-4506-acda-8cc01ec00fae","local_time":"20190222131157","daily_mods":["SealedDeck","DeadlyEvents","Elite Swarm"],"is_ascension_mode":true,"campfire_choices":[{"data":"Defragment","floor":12.0,"key":"SMITH"},{"data":"Fission","floor":15.0,"key":"SMITH"},{"data":"Fission","floor":29.0,"key":"SMITH"},{"data":"Biased Cognition","floor":32.0,"key":"SMITH"},{"floor":49,"key":"RECALL"},{"data":"Buffer","floor":53,"key":"SMITH"}],"neow_cost":"","seed_source_timestamp":8841279978719,"circlet_count":0,"master_deck":["AscendersBane","FTL","Leap","Sweeping Beam+1","Go for the Eyes","Conserve Battery","Defragment+1","Compile Driver+1","Cold Snap","Cold Snap","Ball Lightning","Coolheaded","Ball Lightning","Buffer+1","Biased Cognition+1","Echo Form","Electrodynamics","Fission+1","Genetic Algorithm","Biased Cognition+1","Hologram+1","Undo","Coolheaded+1","Core Surge","Fission+1","Core Surge+1","Biased Cognition+1","Conserve Battery+1","Thunder Strike","Capacitor+1","Glacier","Capacitor+1","Echo Form+1"],"special_seed":0,"relics":["Cracked Core","Darkstone Periapt","Ornamental Fan","Odd Mushroom","Singing Bowl","Dodecahedron","Blood Vial","Strawberry","Frozen Egg 2","Philosopher\u0027s Stone","Bottled Flame","The Courier","Shuriken","Gambling Chip","Girya","Blue Candle","Dream Catcher","Black Star","Pocketwatch","Bronze Scales","Whetstone","Bird Faced Urn","Mercury Hourglass","Peace Pipe","Letter Opener","Meat on the Bone","StoneCalendar","ClockworkSouvenir","Nunchaku","Symbiotic Virus","Boot","Bag of Preparation","Mummified Hand"],"potions_floor_usage":[56,56],"damage_taken":[{"damage":0.0,"enemies":"Small Slimes","floor":1.0,"turns":2.0},{"damage":2.0,"enemies":"Jaw Worm","floor":4.0,"turns":2.0},{"damage":0.0,"enemies":"2 Louse","floor":5.0,"turns":2.0},{"damage":0.0,"enemies":"Gremlin Nob","floor":6.0,"turns":3.0},{"damage":12.0,"enemies":"The Mushroom Lair","floor":7.0,"turns":3.0},{"damage":9.0,"enemies":"3 Sentries","floor":8.0,"turns":4.0},{"damage":0.0,"enemies":"Lagavulin","floor":10.0,"turns":5.0},{"damage":3.0,"enemies":"3 Sentries","floor":11.0,"turns":4.0},{"damage":0.0,"enemies":"Gremlin Nob","floor":13.0,"turns":4.0},{"damage":4.0,"enemies":"Gremlin Gang","floor":14.0,"turns":3.0},{"damage":11.0,"enemies":"Hexaghost","floor":16.0,"turns":8.0},{"damage":0.0,"enemies":"3 Byrds","floor":18.0,"turns":2.0},{"damage":10.0,"enemies":"2 Thieves","floor":19.0,"turns":3.0},{"damage":12.0,"enemies":"Sentry and Sphere","floor":20.0,"turns":4.0},{"damage":0.0,"enemies":"Gremlin Leader","floor":22.0,"turns":4.0},{"damage":3.0,"enemies":"Book of Stabbing","floor":23.0,"turns":4.0},{"damage":0.0,"enemies":"Snecko","floor":24.0,"turns":4.0},{"damage":6.0,"enemies":"Gremlin Leader","floor":25.0,"turns":4.0},{"damage":4.0,"enemies":"Book of Stabbing","floor":27.0,"turns":5.0},{"damage":0.0,"enemies":"Gremlin Leader","floor":30.0,"turns":5.0},{"damage":0.0,"enemies":"Slavers","floor":31.0,"turns":3.0},{"damage":13.0,"enemies":"Collector","floor":33.0,"turns":6.0},{"damage":5.0,"enemies":"3 Shapes","floor":35.0,"turns":3.0},{"damage":17.0,"enemies":"2 Orb Walkers","floor":36.0,"turns":3.0},{"damage":0.0,"enemies":"3 Darklings","floor":37.0,"turns":3.0},{"damage":0.0,"enemies":"Transient","floor":38.0,"turns":6.0},{"damage":0.0,"enemies":"Nemesis","floor":40.0,"turns":5.0},{"damage":0.0,"enemies":"Giant Head","floor":42.0,"turns":7.0},{"damage":11,"enemies":"Nemesis","floor":45,"turns":7},{"damage":0,"enemies":"Sphere and 2 Shapes","floor":47,"turns":2},{"damage":0,"enemies":"Giant Head","floor":48,"turns":7},{"damage":0,"enemies":"Donu and Deca","floor":50,"turns":5},{"damage":24,"enemies":"Time Eater","floor":51,"turns":9},{"damage":14,"enemies":"Shield and Spear","floor":55,"turns":5},{"damage":62,"enemies":"The Heart","floor":56,"turns":10}],"seed_played":"7640588497710847252","potions_obtained":[{"floor":7.0,"key":"Energy Potion"},{"floor":10.0,"key":"Energy Potion"},{"floor":11.0,"key":"Swift Potion"},{"floor":13.0,"key":"Fire Potion"},{"floor":19.0,"key":"Dexterity Potion"},{"floor":24.0,"key":"AttackPotion"},{"floor":31.0,"key":"Explosive Potion"},{"floor":33.0,"key":"Ancient Potion"}],"is_trial":true,"path_per_floor":["M","?","$","M","M","E","?","E","T","E","E","R","E","M","R","B",null,"M","M","M","?","E","E","M","E","T","E","?","R","E","E","R","B",null,"M","?","M","M","$","E","?","E","T","?","E","$","M","E","R","B","B",null,"R","$","E","B",null],"character_chosen":"DEFECT","items_purchased":["Ball Lightning","Coolheaded","Bronze Scales","Whetstone","FocusPotion","ClockworkSouvenir","Glacier","Capacitor+1","Boot"],"campfire_rested":0,"item_purchase_floors":[3,3,39,39,46,46,54,54,54],"current_hp_per_floor":[64,53,53,51,51,51,39,30,30,30,36,36,38,36,36,27,65,67,59,49,49,53,52,56,54,54,52,52,52,54,56,56,45,74,71,58,62,66,66,68,68,88,88,102,99,99,104,106,106,106,96,104,104,104,96,62],"gold":52,"neow_bonus":"","is_prod":false,"is_daily":false,"chose_seed":false,"campfire_upgraded":5,"win_rate":0,"timestamp":1550869917,"path_taken":["M","?","$","M","M","E","?","E","T","?","E","R","E","M","R","BOSS","M","M","M","?","?","E","?","E","T","E","?","R","E","?","R","BOSS","M","?","M","M","$","E","?","?","T","?","E","$","M","E","R","BOSS","BOSS","R","$","E","BOSS"],"build_version":"2019-01-23","purchased_purges":0,"victory":true,"max_hp_per_floor":[71,71,71,71,71,71,71,71,71,71,78,78,78,78,78,78,78,78,78,78,78,80,80,82,84,84,84,84,84,84,84,84,84,84,84,86,88,90,90,90,90,92,92,102,104,104,104,106,106,106,106,106,106,106,106,106],"card_choices":[{"not_picked":["Sweeping Beam","Rebound"],"picked":"Cold Snap","floor":1.0},{"not_picked":["Heatsinks","BootSequence"],"picked":"Ball Lightning","floor":4.0},{"not_picked":["Consume","Cold Snap","Rebound"],"picked":"SKIP","floor":5.0},{"not_picked":["Thunder Strike","Hyperbeam"],"picked":"Buffer","floor":6.0},{"not_picked":["Multi-Cast","Creative AI"],"picked":"Biased Cognition","floor":8.0},{"not_picked":["Multi-Cast","Reboot"],"picked":"Echo Form","floor":10.0},{"not_picked":["Echo Form","Amplify"],"picked":"Electrodynamics","floor":11.0},{"not_picked":["Multi-Cast","Buffer"],"picked":"Fission","floor":13.0},{"not_picked":["Beam Cell","Conserve Battery"],"picked":"Genetic Algorithm","floor":14.0},{"not_picked":["Amplify","Thunder Strike"],"picked":"Biased Cognition+1","floor":16.0},{"not_picked":["Leap","Sweeping Beam"],"picked":"Hologram+1","floor":18.0},{"not_picked":["Doom and Gloom","Streamline"],"picked":"Undo","floor":19.0},{"not_picked":["Reprogram","Hello World+1"],"picked":"Coolheaded+1","floor":20.0},{"not_picked":["Multi-Cast","Echo Form+1","Meteor Strike"],"picked":"Singing Bowl","floor":22.0},{"not_picked":["Echo Form+1","Biased Cognition+1"],"picked":"Core Surge","floor":23.0},{"not_picked":["Redo","Coolheaded","Rebound"],"picked":"Singing Bowl","floor":24.0},{"not_picked":["Echo Form+1","Amplify","All For One"],"picked":"Singing Bowl","floor":25.0},{"not_picked":["Meteor Strike","Biased Cognition+1"],"picked":"Fission","floor":27.0},{"not_picked":["Machine Learning+1","Meteor Strike"],"picked":"Rainbow","floor":30.0},{"not_picked":["Rainbow","Biased Cognition+1"],"picked":"Core Surge","floor":31.0},{"not_picked":["Machine Learning+1","Fission"],"picked":"Biased Cognition+1","floor":33.0},{"not_picked":["Beam Cell+1","Blizzard+1"],"picked":"Conserve Battery+1","floor":35.0},{"not_picked":["Ball Lightning+1","Go for the Eyes","Gash"],"picked":"Singing Bowl","floor":36.0},{"not_picked":["Ball Lightning","Double Energy","Go for the Eyes"],"picked":"Singing Bowl","floor":37.0},{"not_picked":["Double Energy","Steam+1","Stack"],"picked":"Singing Bowl","floor":38.0},{"not_picked":["Biased Cognition+1","Meteor Strike"],"picked":"Thunder Strike","floor":40.0},{"not_picked":["All For One","Thunder Strike","Machine Learning+1"],"picked":"Singing Bowl","floor":42.0},{"not_picked":["All For One","Hyperbeam","Meteor Strike"],"picked":"Singing Bowl","floor":45},{"not_picked":["White Noise+1","Leap"],"picked":"Capacitor+1","floor":47},{"not_picked":["Multi-Cast","Thunder Strike","Amplify"],"picked":"Singing Bowl","floor":48},{"not_picked":["Core Surge","Seek"],"picked":"Echo Form+1","floor":55}],"player_experience":2245412,"relics_obtained":[{"floor":6.0,"key":"Ornamental Fan"},{"floor":7.0,"key":"Odd Mushroom"},{"floor":8.0,"key":"Singing Bowl"},{"floor":9.0,"key":"Dodecahedron"},{"floor":10.0,"key":"Blood Vial"},{"floor":11.0,"key":"Strawberry"},{"floor":13.0,"key":"Frozen Egg 2"},{"floor":22.0,"key":"Bottled Flame"},{"floor":23.0,"key":"The Courier"},{"floor":25.0,"key":"Shuriken"},{"floor":26.0,"key":"Gambling Chip"},{"floor":27.0,"key":"Girya"},{"floor":30.0,"key":"Blue Candle"},{"floor":31.0,"key":"Dream Catcher"},{"floor":36.0,"key":"Pocketwatch"},{"floor":40.0,"key":"Bird Faced Urn"},{"floor":40.0,"key":"Mercury Hourglass"},{"floor":42.0,"key":"Peace Pipe"},{"floor":42.0,"key":"Letter Opener"},{"floor":45,"key":"Meat on the Bone"},{"floor":45,"key":"StoneCalendar"},{"floor":48,"key":"Nunchaku"},{"floor":48,"key":"Symbiotic Virus"},{"floor":55,"key":"Bag of Preparation"},{"floor":55,"key":"Mummified Hand"}],"event_choices":[{"damage_healed":0.0,"max_hp_gain":0.0,"max_hp_loss":0.0,"gold_gain":0.0,"event_name":"Scrap Ooze","player_choice":"Success","floor":2.0,"gold_loss":0.0,"damage_taken":11.0,"relics_obtained":["Darkstone Periapt"]},{"damage_healed":0.0,"max_hp_gain":0.0,"max_hp_loss":0.0,"gold_gain":0.0,"event_name":"Mushrooms","player_choice":"Fought Mushrooms","floor":7.0,"gold_loss":0.0,"damage_taken":0.0},{"cards_removed":["Gash"],"damage_healed":0.0,"max_hp_gain":0.0,"max_hp_loss":0.0,"gold_gain":0.0,"event_name":"Designer","player_choice":"Upgrade and Remove","floor":21.0,"gold_loss":110.0,"damage_taken":0.0,"cards_upgraded":["Sweeping Beam"]},{"cards_removed":["Rip and Tear"],"damage_healed":0.0,"max_hp_gain":0.0,"max_hp_loss":0.0,"gold_gain":0.0,"event_name":"Back to Basics","player_choice":"Elegance","floor":28.0,"gold_loss":0.0,"damage_taken":0.0},{"damage_healed":0.0,"max_hp_gain":0.0,"max_hp_loss":0.0,"gold_gain":0.0,"event_name":"Mysterious Sphere","player_choice":"Fight","floor":36.0,"gold_loss":0.0,"damage_taken":0.0},{"damage_healed":0.0,"max_hp_gain":0.0,"max_hp_loss":0.0,"gold_gain":0.0,"event_name":"Tomb of Lord Red Mask","player_choice":"Ignored","floor":41.0,"gold_loss":0.0,"damage_taken":0.0},{"cards_removed":["Rainbow"],"damage_healed":4,"gold_gain":0,"player_choice":"Offered Rare","damage_taken":0,"max_hp_gain":10,"max_hp_loss":0,"event_name":"Bonfire Elementals","floor":44,"gold_loss":0}],"is_beta":false,"boss_relics":[{"not_picked":["Lizard Tail","Inserter"],"picked":"Philosopher\u0027s Stone"},{"not_picked":["Fusion Hammer","Calling Bell"],"picked":"Black Star"}],"items_purged_floors":[],"is_endless":false,"potions_floor_spawned":[7,10,11,13,16,19,20,22,24,31,33,37,38,45],"ascension_level":20}