{"gold_per_floor":[116,133,133,110,122,454,468,479,479,492,525,525,538,554,554,649,649,659,644,663,682,696,696,721,721,721,721,747,560,570,570,570,665,665,676,687,1686,1686,1698,1698,1715,1730,1730,1730,1746,908,938,952,952,952],"floor_reached":50,"playtime":9316,"items_purged":["Strike_B","Normality"],"score":612,"play_id":"35ec28bf-841e-4417-8d65-61be98092463","local_time":"20190101173732","is_ascension_mode":false,"campfire_choices":[{"floor":12.0,"key":"REST"},{"floor":15.0,"key":"REST"},{"floor":23.0,"key":"REST"},{"floor":25.0,"key":"REST"},{"floor":27.0,"key":"REST"},{"floor":32.0,"key":"REST"},{"floor":40.0,"key":"REST"},{"floor":44,"key":"REST"},{"floor":49,"key":"REST"}],"neow_cost":"NONE","seed_source_timestamp":0,"circlet_count":0,"master_deck":["Strike_B","Strike_B","Strike_B","Defend_B","Defend_B","Defend_B","Zap","Dualcast","Conserve Battery","Sweeping Beam","Iron Wave","Steam","Static Discharge","Coolheaded","Coolheaded","Capacitor","FTL","Streamline","Conserve Battery","Hologram","Rainbow","Darkness","Sweeping Beam","Leap","Stack","Glacier","Genetic Algorithm","Heatsinks","Sweeping Beam+1","BootSequence","All For One","Barrage+1","Biased Cognition","Normality","PanicButton","Dramatic Entrance","Conserve Battery+1","Streamline","Ball Lightning+1","Loop+1","Sweeping Beam","Secret Weapon","Hello World","Cold Snap+1"],"special_seed":0,"relics":["Cracked Core","NeowsBlessing","Old Coin","Calipers","Question Card","Fusion Hammer","Thread and Needle","Mercury Hourglass","Blood Vial","Sozu","Bag of Marbles","Peace Pipe","Dodecahedron","FossilizedHelix"],"potions_floor_usage":[50],"damage_taken":[{"damage":0.0,"enemies":"Cultist","floor":1.0,"turns":1.0},{"damage":0.0,"enemies":"2 Louse","floor":2.0,"turns":1.0},{"damage":0.0,"enemies":"Small Slimes","floor":5.0,"turns":1.0},{"damage":10.0,"enemies":"3 Sentries","floor":6.0,"turns":6.0},{"damage":11.0,"enemies":"Gremlin Gang","floor":7.0,"turns":4.0},{"damage":13.0,"enemies":"Exordium Thugs","floor":8.0,"turns":6.0},{"damage":7.0,"enemies":"Blue Slaver","floor":10.0,"turns":4.0},{"damage":9.0,"enemies":"Lagavulin","floor":11.0,"turns":7.0},{"damage":4.0,"enemies":"Looter","floor":13.0,"turns":3.0},{"damage":5.0,"enemies":"Lots of Slimes","floor":14.0,"turns":4.0},{"damage":41.0,"enemies":"Slime Boss","floor":16.0,"turns":12.0},{"damage":20.0,"enemies":"3 Byrds","floor":18.0,"turns":4.0},{"damage":16.0,"enemies":"2 Thieves","floor":19.0,"turns":5.0},{"damage":10.0,"enemies":"Snake Plant","floor":20.0,"turns":4.0},{"damage":13.0,"enemies":"Sentry and Sphere","floor":21.0,"turns":5.0},{"damage":12.0,"enemies":"Centurion and Healer","floor":22.0,"turns":6.0},{"damage":10.0,"enemies":"Book of Stabbing","floor":24.0,"turns":8.0},{"damage":17.0,"enemies":"3 Cultists","floor":30.0,"turns":4.0},{"damage":34.0,"enemies":"Collector","floor":33.0,"turns":17.0},{"damage":17.0,"enemies":"3 Darklings","floor":35.0,"turns":6.0},{"damage":10.0,"enemies":"3 Shapes","floor":36.0,"turns":4.0},{"damage":9.0,"enemies":"3 Darklings","floor":39.0,"turns":5.0},{"damage":31.0,"enemies":"Maw","floor":41.0,"turns":11.0},{"damage":3,"enemies":"4 Shapes","floor":42,"turns":4},{"damage":7,"enemies":"Spire Growth","floor":45,"turns":6},{"damage":18,"enemies":"Reptomancer","floor":47,"turns":8},{"damage":0,"enemies":"Maw","floor":48,"turns":8},{"damage":68,"enemies":"Time Eater","floor":50,"turns":9}],"seed_played":"4724198868249689552","potions_obtained":[{"floor":2.0,"key":"AttackPotion"},{"floor":6.0,"key":"Explosive Potion"},{"floor":7.0,"key":"Weak Potion"},{"floor":13.0,"key":"FearPotion"},{"floor":19.0,"key":"SteroidPotion"},{"floor":21.0,"key":"FocusPotion"},{"floor":24.0,"key":"GamblersBrew"}],"is_trial":false,"path_per_floor":["M","M","?","$","M","E","M","M","T","M","E","R","M","M","R","B","B",null,"M","M","M","M","M","R","E","R","T","R","T","$","M","?","R","B",null,"M","M","M","?","?","M","R","M","M","M","T","R","M","$","E","M","R","B"],"character_chosen":"DEFECT","items_purchased":["Steam","Genetic Algorithm","Heatsinks","Sweeping Beam","Secret Weapon","Peace Pipe","Dodecahedron"],"campfire_rested":9,"item_purchase_floors":[4,29,29,46,46,46,46],"current_hp_per_floor":[75,75,75,75,75,65,54,41,41,34,25,47,43,38,60,19,75,55,39,29,16,4,26,16,38,38,60,60,60,45,45,67,35,75,58,50,50,45,38,60,31,30,30,52,47,47,31,33,55,0],"gold":952,"neow_bonus":"THREE_ENEMY_KILL","is_prod":false,"is_daily":false,"chose_seed":false,"campfire_upgraded":0,"win_rate":0.0,"timestamp":1546371452,"path_taken":["M","?","?","$","M","E","M","M","T","M","E","R","M","M","R","BOSS","BOSS","M","M","M","?","M","R","E","R","T","R","?","$","M","?","R","BOSS","M","?","?","?","M","R","M","M","T","R","M","$","E","M","R","BOSS"],"build_version":"2018-12-20","purchased_purges":2,"victory":false,"max_hp_per_floor":[75,75,75,75,75,75,75,75,75,75,75,75,75,75,75,75,75,75,75,75,75,75,75,75,75,75,75,75,75,75,75,75,75,75,75,75,75,75,75,75,75,75,75,75,75,75,75,75,75,75],"card_choices":[{"not_picked":["Stack","Steam"],"picked":"Conserve Battery","floor":1.0},{"not_picked":["Stack","Self Repair"],"picked":"Sweeping Beam","floor":2.0},{"not_picked":["Beam Cell","Hologram"],"picked":"Static Discharge","floor":5.0},{"not_picked":["Beam Cell","Thunder Strike"],"picked":"Coolheaded","floor":6.0},{"not_picked":["Go for the Eyes","Sweeping Beam"],"picked":"Coolheaded","floor":7.0},{"not_picked":["Hologram","Stack"],"picked":"Capacitor","floor":8.0},{"not_picked":["Ball Lightning","Stack"],"picked":"FTL","floor":10.0},{"not_picked":["Reprogram","Go for the Eyes"],"picked":"Streamline","floor":11.0},{"not_picked":["Cold Snap","Creative AI","Loop"],"picked":"Conserve Battery","floor":13.0},{"not_picked":["Leap","Reinforced Body","Storm"],"picked":"Hologram","floor":14.0},{"not_picked":["Amplify","Seek","Thunder Strike"],"picked":"Rainbow","floor":16.0},{"not_picked":["Conserve Battery","Chill","Coolheaded"],"picked":"Auto Shields","floor":18.0},{"not_picked":["Gash","Loop","Rip and Tear"],"picked":"Darkness","floor":19.0},{"not_picked":["BootSequence","Gash+1","Steam+1"],"picked":"Sweeping Beam","floor":20.0},{"not_picked":["Storm","Gash","BootSequence+1"],"picked":"Leap","floor":21.0},{"not_picked":["Cold Snap","Redo","Force Field+1"],"picked":"Stack","floor":22.0},{"not_picked":["Tempest","Beam Cell","FTL+1"],"picked":"Glacier","floor":24.0},{"not_picked":["Aggregate","Force Field","Beam Cell"],"picked":"Sweeping Beam+1","floor":30.0},{"not_picked":["Machine Learning","Creative AI","Thunder Strike"],"picked":"All For One","floor":33.0},{"not_picked":["Streamline","Redo+1","Double Energy+1"],"picked":"Barrage+1","floor":35.0},{"not_picked":["Darkness","Leap+1","Gash+1"],"picked":"Biased Cognition","floor":36.0},{"not_picked":["Blind","Forethought","Madness"],"picked":"PanicButton","floor":38.0},{"not_picked":["Impatience","Jack Of All Trades","Madness"],"picked":"Dramatic Entrance","floor":38.0},{"not_picked":["Darkness","Gash","Cold Snap"],"picked":"Conserve Battery+1","floor":39.0},{"not_picked":["White Noise","Darkness+1","Barrage"],"picked":"Streamline","floor":41},{"not_picked":["Hologram+1","Steam","Stack"],"picked":"Ball Lightning+1","floor":42},{"not_picked":["Leap","Gash","Reinforced Body+1"],"picked":"Loop+1","floor":45},{"not_picked":["Biased Cognition","Gash","Beam Cell+1"],"picked":"Hello World","floor":47},{"not_picked":["Gash","Lockon+1","Hologram+1"],"picked":"Cold Snap+1","floor":48}],"player_experience":19640,"relics_obtained":[{"floor":6.0,"key":"Old Coin"},{"floor":9.0,"key":"Calipers"},{"floor":11.0,"key":"Question Card"},{"floor":24.0,"key":"Thread and Needle"},{"floor":26.0,"key":"Mercury Hourglass"},{"floor":28.0,"key":"Blood Vial"},{"floor":43,"key":"Bag of Marbles"},{"floor":47,"key":"FossilizedHelix"}],"event_choices":[{"cards_removed":["Defend_B"],"damage_healed":0.0,"max_hp_gain":0.0,"max_hp_loss":0.0,"gold_gain":0.0,"event_name":"NoteForYourself","player_choice":"Took Card","floor":3.0,"gold_loss":0.0,"damage_taken":0.0,"cards_obtained":["Iron Wave"]},{"damage_healed":0.0,"max_hp_gain":0.0,"max_hp_loss":0.0,"gold_gain":0.0,"cards_transformed":["Auto Shields"],"event_name":"Transmorgrifier","player_choice":"Transformed","floor":31.0,"gold_loss":0.0,"damage_taken":0.0,"cards_obtained":["BootSequence"]},{"damage_healed":0.0,"max_hp_gain":0.0,"max_hp_loss":0.0,"gold_gain":999.0,"event_name":"MindBloom","player_choice":"Gold","floor":37.0,"gold_loss":0.0,"damage_taken":0.0,"cards_obtained":["Normality","Normality"]},{"damage_healed":0.0,"max_hp_gain":0.0,"max_hp_loss":0.0,"gold_gain":0.0,"event_name":"SensoryStone","player_choice":"Memory 2","floor":38.0,"gold_loss":0.0,"damage_taken":5.0}],"is_beta":false,"boss_relics":[{"not_picked":["FrozenCore","Ectoplasm"],"picked":"Fusion Hammer"},{"not_picked":["Runic Dome","Coffee Dripper"],"picked":"Sozu"}],"items_purged_floors":[29,46],"is_endless":false,"potions_floor_spawned":[2,6,7,13,14,19,21,24,35,41,47,48],"killed_by":"Time Eater","ascension_level":0}