{"gold_per_floor":[114,129,141,159,50,50,83,83,137,162,197,226,265,293,305,392,404,431,333,365,257,273,273,299,317,340,110,145,160,191,210,210,284,284,301,311,325,53,73,73,100,100,126,153,171,84,104,0,0,0],"floor_reached":51,"playtime":3027,"items_purged":["Strike_R","Strike_R","Strike_R"],"score":1459,"play_id":"5184c4f6-8f3d-43a2-8ac2-cecf89a9ce90","local_time":"20190306120256","is_ascension_mode":true,"campfire_choices":[{"data":"Metallicize","floor":6.0,"key":"SMITH"},{"data":"Pommel Strike","floor":8.0,"key":"SMITH"},{"data":"True Grit","floor":15,"key":"SMITH"},{"data":"Shockwave","floor":23,"key":"SMITH"},{"data":"Uppercut","floor":32,"key":"SMITH"},{"data":"Disarm","floor":40,"key":"SMITH"},{"data":"Feel No Pain","floor":42,"key":"SMITH"},{"data":"Inflame","floor":49,"key":"SMITH"}],"neow_cost":"NONE","seed_source_timestamp":12654113003556,"circlet_count":0,"master_deck":["AscendersBane","Strike_R","Defend_R+1","Defend_R","Defend_R","Defend_R","Bash+1","Headbutt+1","Ghostly Armor","Heavy Blade+1","Pommel Strike+1","Metallicize+1","Reaper","Iron Wave","Shockwave+1","True Grit+1","Shrug It Off","Fiend Fire","Feel No Pain+1","Feel No Pain+1","Uppercut+1","True Grit","Corruption","Shrug It Off","Body Slam","Dark Embrace","Bludgeon","Shrug It Off","Impervious","Disarm+1","Doubt","Inflame+1","Disarm","Shrug It Off","Metallicize","Dual Wield+1"],"special_seed":0,"relics":["Burning Blood","Bottled Flame","Whetstone","MawBank","Odd Mushroom","Red Skull","Snecko Eye","Orichalcum","Pen Nib","Matryoshka","Boot","Cursed Key","Dream Catcher","Strawberry","Art of War","Blue Candle","Red Mask"],"potions_floor_usage":[13,16,24,28,30,50],"damage_taken":[{"damage":1.0,"enemies":"Cultist","floor":1.0,"turns":3.0},{"damage":14.0,"enemies":"Jaw Worm","floor":2.0,"turns":5.0},{"damage":0.0,"enemies":"2 Louse","floor":3.0,"turns":3.0},{"damage":6.0,"enemies":"2 Fungi Beasts","floor":4.0,"turns":4.0},{"damage":20.0,"enemies":"Lagavulin","floor":7.0,"turns":8.0},{"damage":10.0,"enemies":"3 Sentries","floor":10.0,"turns":10.0},{"damage":27,"enemies":"The Mushroom Lair","floor":11,"turns":5},{"damage":13,"enemies":"Exordium Wildlife","floor":12,"turns":7},{"damage":8,"enemies":"Lagavulin","floor":13,"turns":10},{"damage":5,"enemies":"Red Slaver","floor":14,"turns":7},{"damage":27,"enemies":"Hexaghost","floor":16,"turns":9},{"damage":0,"enemies":"3 Byrds","floor":18,"turns":7},{"damage":8,"enemies":"2 Thieves","floor":20,"turns":4},{"damage":15,"enemies":"Snake Plant","floor":22,"turns":3},{"damage":17,"enemies":"Gremlin Leader","floor":24,"turns":7},{"damage":5,"enemies":"Sentry and Sphere","floor":25,"turns":5},{"damage":15,"enemies":"Slavers","floor":28,"turns":6},{"damage":0,"enemies":"Cultist and Chosen","floor":29,"turns":6},{"damage":23,"enemies":"Gremlin Leader","floor":30,"turns":8},{"damage":21,"enemies":"Snake Plant","floor":31,"turns":4},{"damage":3,"enemies":"Automaton","floor":33,"turns":8},{"damage":6,"enemies":"3 Darklings","floor":35,"turns":6},{"damage":14,"enemies":"Orb Walker","floor":36,"turns":3},{"damage":11,"enemies":"Jaw Worm Horde","floor":37,"turns":5},{"damage":4,"enemies":"4 Shapes","floor":39,"turns":4},{"damage":0,"enemies":"Giant Head","floor":41,"turns":7},{"damage":2,"enemies":"Nemesis","floor":44,"turns":7},{"damage":1,"enemies":"Transient","floor":45,"turns":5},{"damage":4,"enemies":"3 Darklings","floor":47,"turns":4},{"damage":18,"enemies":"Time Eater","floor":50,"turns":8}],"seed_played":"-7224269382211814556","potions_obtained":[{"floor":3.0,"key":"EssenceOfSteel"},{"floor":4.0,"key":"FearPotion"},{"floor":10.0,"key":"Weak Potion"},{"floor":14,"key":"SkillPotion"},{"floor":18,"key":"SpeedPotion"},{"floor":25,"key":"AttackPotion"},{"floor":29,"key":"SkillPotion"},{"floor":30,"key":"Regen Potion"}],"is_trial":false,"path_per_floor":["M","M","M","M","$","R","E","R","T","E","?","M","E","M","R","B",null,"M","?","M","$","M","R","E","M","T","$","E","M","E","M","R","B",null,"M","M","M","$","M","R","E","R","T","E","M","$","M","?","R","B",null],"character_chosen":"IRONCLAD","items_purchased":["Metallicize","Feel No Pain","SteroidPotion","Corruption","Shrug It Off","Impervious","Shrug It Off","Metallicize"],"campfire_rested":0,"item_purchase_floors":[5,21,21,27,27,38,46,46],"current_hp_per_floor":[73,65,71,71,71,71,57,57,57,53,44,43,45,50,50,39,66,75,75,75,75,66,66,59,64,64,64,67,75,75,66,66,75,75,75,67,72,72,75,75,75,75,82,82,82,82,82,82,82,82],"gold":0,"neow_bonus":"UPGRADE_CARD","is_prod":false,"is_daily":false,"chose_seed":false,"campfire_upgraded":8,"win_rate":0,"timestamp":1551902576,"path_taken":["M","M","?","M","$","R","E","R","T","E","?","M","E","M","R","BOSS","M","?","M","?","M","R","E","M","T","$","E","M","E","M","R","BOSS","M","M","M","$","M","R","E","R","T","E","M","?","M","?","R","BOSS"],"build_version":"2019-01-23","purchased_purges":3,"victory":true,"max_hp_per_floor":[75,75,75,75,75,75,75,75,75,75,75,75,75,75,75,75,75,75,75,75,75,75,75,75,75,75,75,75,75,75,75,75,75,75,75,75,75,75,75,75,75,75,82,82,82,82,82,82,82,82],"card_choices":[{"not_picked":["Burning Pact","Warcry"],"picked":"Headbutt","floor":1.0},{"not_picked":["Clash","Warcry"],"picked":"Ghostly Armor","floor":2.0},{"not_picked":["Body Slam","Sword Boomerang"],"picked":"Heavy Blade","floor":3.0},{"not_picked":["Twin Strike","Bloodletting"],"picked":"Pommel Strike","floor":4.0},{"not_picked":["Blood for Blood","Thunderclap","Rage"],"picked":"SKIP","floor":7.0},{"not_picked":["Flame Barrier","Ghostly Armor"],"picked":"Reaper","floor":10.0},{"not_picked":["Clash","Flex"],"picked":"Iron Wave","floor":11},{"not_picked":["Twin Strike","Sword Boomerang"],"picked":"Shockwave","floor":12},{"not_picked":["Rampage","Sword Boomerang"],"picked":"True Grit","floor":13},{"not_picked":["Iron Wave","Searing Blow"],"picked":"Shrug It Off","floor":14},{"not_picked":["Exhume","Juggernaut"],"picked":"Fiend Fire","floor":16},{"not_picked":["True Grit","Flex","Cleave"],"picked":"SKIP","floor":18},{"not_picked":["Cleave","Perfected Strike","Wild Strike"],"picked":"SKIP","floor":20},{"not_picked":["Bloodletting","Intimidate"],"picked":"Feel No Pain+1","floor":22},{"not_picked":["Carnage","Havoc"],"picked":"Uppercut","floor":24},{"not_picked":["Perfected Strike","Havoc"],"picked":"True Grit","floor":25},{"not_picked":["Fire Breathing","Thunderclap","Heavy Blade"],"picked":"SKIP","floor":28},{"not_picked":["Wild Strike","Flex"],"picked":"Body Slam","floor":29},{"not_picked":["Spot Weakness","Searing Blow"],"picked":"Dark Embrace","floor":30},{"not_picked":["Blood for Blood","Entrench","Flex"],"picked":"SKIP","floor":31},{"not_picked":["Brutality","Dark Embrace"],"picked":"Bludgeon","floor":33},{"not_picked":["Body Slam","Shockwave","Heavy Blade"],"picked":"SKIP","floor":35},{"not_picked":["Thunderclap","Clash+1","Armaments"],"picked":"SKIP","floor":36},{"not_picked":["Perfected Strike","Body Slam"],"picked":"Shrug It Off","floor":37},{"not_picked":["Anger","Clothesline"],"picked":"Disarm","floor":39},{"not_picked":["Metallicize","Shockwave","Cleave+1"],"picked":"SKIP","floor":41},{"not_picked":["Clash+1","Rupture"],"picked":"Inflame","floor":44},{"not_picked":["True Grit+1","Clothesline"],"picked":"Disarm","floor":45},{"not_picked":["True Grit+1","Pommel Strike"],"picked":"Dual Wield+1","floor":47}],"player_experience":2323609,"relics_obtained":[{"floor":7.0,"key":"Bottled Flame"},{"floor":9.0,"key":"Whetstone"},{"floor":10.0,"key":"MawBank"},{"floor":11,"key":"Odd Mushroom"},{"floor":13,"key":"Red Skull"},{"floor":24,"key":"Orichalcum"},{"floor":26,"key":"Pen Nib"},{"floor":28,"key":"Matryoshka"},{"floor":30,"key":"Boot"},{"floor":41,"key":"Dream Catcher"},{"floor":43,"key":"Strawberry"},{"floor":43,"key":"Art of War"},{"floor":44,"key":"Blue Candle"}],"event_choices":[{"damage_healed":0,"gold_gain":0,"player_choice":"Fought Mushrooms","damage_taken":0,"max_hp_gain":0,"max_hp_loss":0,"event_name":"Mushrooms","floor":11,"gold_loss":0},{"cards_removed":["Strike_R"],"damage_healed":0,"gold_gain":0,"player_choice":"Upgrade and Remove","damage_taken":0,"max_hp_gain":0,"max_hp_loss":0,"event_name":"Designer","floor":19,"gold_loss":110,"cards_upgraded":["Defend_R"]},{"damage_healed":0,"gold_gain":0,"player_choice":"Paid","damage_taken":0,"relics_obtained":["Red Mask"],"max_hp_gain":0,"max_hp_loss":0,"event_name":"Tomb of Lord Red Mask","floor":48,"gold_loss":104}],"is_beta":false,"boss_relics":[{"not_picked":["Black Star","Black Blood"],"picked":"Snecko Eye"},{"not_picked":["Eternal Feather","Runic Pyramid"],"picked":"Cursed Key"}],"items_purged_floors":[5,27,38],"is_endless":false,"potions_floor_spawned":[3,4,10,12,14,18,25,29,30,33,37,41,45],"ascension_level":15}