{"gold_per_floor":[116,136,136,136,156,156,189,189,189,209,209],"floor_reached":11,"playtime":254,"items_purged":[],"score":146,"play_id":"08bba252-0192-43c3-9fb2-a83705b5040d","local_time":"25620209013346","is_ascension_mode":true,"campfire_choices":[{"data":"Whirlwind","floor":8.0,"key":"SMITH"}],"neow_cost":"NONE","seed_source_timestamp":28968510078074,"circlet_count":0,"master_deck":["AscendersBane","Strike_R","Strike_R","Strike_R","Strike_R","Strike_R","Defend_R","Defend_R","Defend_R","Defend_R","Bash+1","Whirlwind+1","Iron Wave","Clumsy","infinitespire:OneForAll","Burning Pact","Uppercut"],"special_seed":0,"relics":["Burning Blood","Golden Idol","strawberrySpire:Starfruit","Bottled Flame","Replay:WaspNest"],"potions_floor_usage":[],"damage_taken":[{"damage":13.0,"enemies":"Small Slimes","floor":1.0,"turns":5.0},{"damage":9.0,"enemies":"Jaw Worm","floor":2.0,"turns":4.0},{"damage":6.0,"enemies":"Cultist","floor":5.0,"turns":4.0},{"damage":59.0,"enemies":"Gremlin Nob","floor":7.0,"turns":6.0},{"damage":14.0,"enemies":"Exordium Wildlife","floor":10.0,"turns":4.0},{"damage":18,"enemies":"conspire:2 RoseBushes","floor":11,"turns":1}],"seed_played":"7020255107577720841","potions_obtained":[{"floor":5.0,"key":"BloodPotion"}],"is_trial":false,"path_per_floor":["M","M","?","?","M","R","E","R","T","M","M"],"character_chosen":"IRONCLAD","items_purchased":[],"campfire_rested":0,"item_purchase_floors":[],"current_hp_per_floor":[61,58,58,58,58,70,25,25,25,17,0],"gold":209,"neow_bonus":"UPGRADE_CARD","is_prod":false,"is_daily":false,"chose_seed":false,"campfire_upgraded":1,"win_rate":0,"timestamp":1549650826,"path_taken":["M","M","?","?","M","R","E","R","T","?","M"],"build_version":"2019-01-23","purchased_purges":0,"victory":false,"max_hp_per_floor":[75,75,75,68,68,80,80,80,80,80,80],"card_choices":[{"not_picked":["Headbutt","Replay:Undeath\u0027s Touch"],"picked":"Whirlwind","floor":1.0},{"not_picked":["strawberrySpire:DraftPunk","Bloodletting"],"picked":"Iron Wave","floor":2.0},{"not_picked":["hubris:CleavingFinish","Thunderclap"],"picked":"infinitespire:OneForAll","floor":5.0},{"not_picked":["hubris:CleavingFinish","Abandon"],"picked":"Burning Pact","floor":7.0},{"not_picked":["strawberrySpire:Conflagrate","strawberrySpire:Spite"],"picked":"Uppercut","floor":10.0}],"player_experience":351523,"relics_obtained":[{"floor":6.0,"key":"strawberrySpire:Starfruit"},{"floor":7.0,"key":"Bottled Flame"},{"floor":9.0,"key":"Replay:WaspNest"}],"event_choices":[{"damage_healed":0.0,"max_hp_gain":0.0,"max_hp_loss":7.0,"gold_gain":0.0,"event_name":"Golden Idol","player_choice":"Lose Max HP","floor":4.0,"gold_loss":0.0,"damage_taken":0.0,"relics_obtained":["Golden Idol"]}],"is_beta":false,"boss_relics":[],"items_purged_floors":[],"is_endless":false,"potions_floor_spawned":[5],"killed_by":"conspire:2 RoseBushes","ascension_level":20}