{"gold_per_floor":[119,194,194,204,224,224,253,253,253,287,307,307,363,378,378,449,449,460,474,367,387,401,401,431,450,499,166,166,191,204,229,229,305,305,318,90,190,190,217,246,246,273,273,603,621,648,679,710,710,710,710],"floor_reached":52,"playtime":1927,"items_purged":[],"score":2497,"play_id":"80fccf3b-81d8-4ea6-aad4-007ea1869d50","local_time":"20190103164718","daily_mods":["SealedDeck","DeadlyEvents","Elite Swarm"],"is_ascension_mode":true,"campfire_choices":[{"data":"Inflame","floor":6.0,"key":"SMITH"},{"data":"Corruption","floor":12.0,"key":"SMITH"},{"data":"Demon Form","floor":15.0,"key":"SMITH"},{"data":"Immolate","floor":23.0,"key":"SMITH"},{"data":"1","floor":28.0,"key":"LIFT"},{"floor":32.0,"key":"REST"},{"data":"2","floor":41,"key":"LIFT"},{"data":"3","floor":49,"key":"LIFT"}],"neow_cost":"","seed_source_timestamp":0,"circlet_count":0,"master_deck":["AscendersBane","Ghostly Armor","Body Slam","True Grit","Inflame+1","Clothesline","Pommel Strike","Heavy Blade+1","Whirlwind","Anger","Armaments+1","Shockwave","Immolate+1","Impervious","Corruption+1","Demon Form+1","Limit Break","Pummel","Exhume","Shrug It Off","Fiend Fire+1","Impervious","True Grit","Whirlwind","Reaper","Impervious","Juggernaut","Double Tap","Offering"],"special_seed":0,"relics":["Black Blood","Shuriken","Dodecahedron","Mummified Hand","Tiny Chest","Mark of Pain","Bottled Tornado","Dream Catcher","Girya","Anchor","Pen Nib","Brimstone","Charon\u0027s Ashes","Unceasing Top","Magic Flower","Bronze Scales","Regal Pillow","Torii","Old Coin","Champion Belt","Pantograph","Whetstone"],"potions_floor_usage":[37,39,42,47,51],"damage_taken":[{"damage":4.0,"enemies":"Jaw Worm","floor":1.0,"turns":3.0},{"damage":9.0,"enemies":"Small Slimes","floor":4.0,"turns":3.0},{"damage":0.0,"enemies":"2 Louse","floor":5.0,"turns":3.0},{"damage":3.0,"enemies":"Lagavulin","floor":7.0,"turns":5.0},{"damage":17.0,"enemies":"Gremlin Nob","floor":10.0,"turns":4.0},{"damage":0.0,"enemies":"Looter","floor":11.0,"turns":3.0},{"damage":0.0,"enemies":"Lagavulin","floor":13.0,"turns":5.0},{"damage":0.0,"enemies":"Lots of Slimes","floor":14.0,"turns":1.0},{"damage":21.0,"enemies":"Slime Boss","floor":16.0,"turns":5.0},{"damage":9.0,"enemies":"2 Thieves","floor":18.0,"turns":4.0},{"damage":0.0,"enemies":"3 Byrds","floor":19.0,"turns":4.0},{"damage":2.0,"enemies":"Cultist and Chosen","floor":21.0,"turns":4.0},{"damage":21.0,"enemies":"Shelled Parasite and Fungi","floor":22.0,"turns":3.0},{"damage":14.0,"enemies":"Slavers","floor":24.0,"turns":6.0},{"damage":18.0,"enemies":"Snake Plant","floor":25.0,"turns":3.0},{"damage":0.0,"enemies":"Gremlin Leader","floor":29.0,"turns":4.0},{"damage":5.0,"enemies":"Chosen and Byrds","floor":30.0,"turns":4.0},{"damage":48.0,"enemies":"Slavers","floor":31.0,"turns":4.0},{"damage":31.0,"enemies":"Automaton","floor":33.0,"turns":5.0},{"damage":0,"enemies":"3 Shapes","floor":35,"turns":1},{"damage":29,"enemies":"Mind Bloom Boss Battle","floor":37,"turns":4},{"damage":14,"enemies":"Reptomancer","floor":39,"turns":4},{"damage":11,"enemies":"Giant Head","floor":40,"turns":4},{"damage":0,"enemies":"Reptomancer","floor":42,"turns":3},{"damage":0,"enemies":"Nemesis","floor":44,"turns":3},{"damage":10,"enemies":"3 Darklings","floor":45,"turns":3},{"damage":22,"enemies":"Reptomancer","floor":46,"turns":3},{"damage":11,"enemies":"Giant Head","floor":47,"turns":4},{"damage":11,"enemies":"Nemesis","floor":48,"turns":5},{"damage":48,"enemies":"Awakened One","floor":50,"turns":6},{"damage":62,"enemies":"Time Eater","floor":51,"turns":5}],"seed_played":"-3582620300811097111","potions_obtained":[{"floor":10.0,"key":"Swift Potion"},{"floor":11.0,"key":"EssenceOfSteel"},{"floor":13.0,"key":"EssenceOfSteel"},{"floor":16.0,"key":"Swift Potion"},{"floor":22.0,"key":"Ancient Potion"},{"floor":29.0,"key":"LiquidBronze"},{"floor":31.0,"key":"BloodPotion"},{"floor":33.0,"key":"GamblersBrew"},{"floor":37,"key":"Block Potion"},{"floor":40,"key":"LiquidBronze"},{"floor":46,"key":"BloodPotion"},{"floor":47,"key":"GamblersBrew"}],"is_trial":true,"path_per_floor":["M","?","?","M","M","R","E","?","T","E","M","R","E","M","R","B",null,"M","M","$","M","M","R","E","M","T","$","R","E","M","E","R","B",null,"M","$","?","T","E","E","R","E","T","E","M","E","E","E","R","B","B",null],"character_chosen":"IRONCLAD","items_purchased":["Fruit Juice","Girya","Brimstone"],"campfire_rested":1,"item_purchase_floors":[20,27,36],"current_hp_per_floor":[70,59,59,56,62,62,65,70,70,59,65,65,71,77,77,62,76,73,79,84,85,70,70,62,50,50,50,50,56,57,15,40,23,70,80,80,61,61,57,61,61,76,76,85,85,78,85,85,85,52,38],"gold":710,"neow_bonus":"","is_prod":false,"is_daily":false,"chose_seed":false,"campfire_upgraded":4,"win_rate":0,"timestamp":1546562838,"path_taken":["M","?","?","M","M","R","E","?","T","E","M","R","E","M","R","BOSS","M","M","$","M","M","R","E","M","T","$","R","E","M","E","R","BOSS","M","$","?","?","?","E","R","E","T","E","M","E","?","E","R","BOSS","BOSS"],"build_version":"2018-12-20","purchased_purges":0,"victory":true,"max_hp_per_floor":[75,75,75,75,75,75,75,80,80,80,80,80,80,80,80,80,80,80,80,85,85,85,85,85,85,85,85,85,85,85,85,85,85,85,85,85,85,85,85,85,85,85,85,85,85,85,85,85,85,85,85],"card_choices":[{"not_picked":["True Grit","Clash"],"picked":"Shockwave","floor":1.0},{"not_picked":["Clothesline","Headbutt","Warcry"],"picked":"SKIP","floor":4.0},{"not_picked":["Sentinel","Clothesline","Twin Strike"],"picked":"SKIP","floor":5.0},{"not_picked":["Demon Form","Fiend Fire"],"picked":"Immolate","floor":7.0},{"not_picked":["Juggernaut","Exhume"],"picked":"Impervious","floor":10.0},{"not_picked":["Perfected Strike","Headbutt"],"picked":"Corruption","floor":11.0},{"not_picked":["Exhume","Fiend Fire"],"picked":"Demon Form","floor":13.0},{"not_picked":["Evolve","Cleave","Blood for Blood"],"picked":"SKIP","floor":14.0},{"not_picked":["Exhume","Feed"],"picked":"Limit Break","floor":16.0},{"not_picked":["Flex","Wild Strike+1","Searing Blow"],"picked":"SKIP","floor":18.0},{"not_picked":["Wild Strike","Pommel Strike"],"picked":"Pummel","floor":19.0},{"not_picked":["Clothesline+1","Twin Strike","Cleave"],"picked":"SKIP","floor":21.0},{"not_picked":["Entrench","Reckless Charge","Twin Strike"],"picked":"SKIP","floor":22.0},{"not_picked":["Bludgeon","Demon Form"],"picked":"Exhume","floor":24.0},{"not_picked":["Clash","Spot Weakness"],"picked":"Shrug It Off","floor":25.0},{"not_picked":["Bludgeon","Double Tap"],"picked":"Fiend Fire","floor":29.0},{"not_picked":["Thunderclap","Second Wind","Twin Strike"],"picked":"SKIP","floor":30.0},{"not_picked":["Demon Form","Double Tap","Feed"],"picked":"SKIP","floor":31.0},{"not_picked":["Demon Form","Juggernaut"],"picked":"Impervious","floor":33.0},{"not_picked":["Carnage","Cleave+1"],"picked":"True Grit","floor":35},{"not_picked":["Pommel Strike","Iron Wave"],"picked":"Whirlwind","floor":37},{"not_picked":["Berserk","Bludgeon"],"picked":"Reaper","floor":39},{"not_picked":["Dark Embrace","Bludgeon"],"picked":"Impervious","floor":40},{"not_picked":["Berserk","Bludgeon"],"picked":"Juggernaut","floor":42},{"not_picked":["Barricade","Double Tap","Demon Form"],"picked":"SKIP","floor":44},{"not_picked":["Flex+1","Body Slam","True Grit"],"picked":"SKIP","floor":45},{"not_picked":["Feed","Fiend Fire","Dark Embrace"],"picked":"SKIP","floor":46},{"not_picked":["Fiend Fire","Berserk"],"picked":"Double Tap","floor":47},{"not_picked":["Exhume","Demon Form"],"picked":"Offering","floor":48}],"player_experience":1938371,"relics_obtained":[{"floor":7.0,"key":"Shuriken"},{"floor":9.0,"key":"Dodecahedron"},{"floor":10.0,"key":"Mummified Hand"},{"floor":13.0,"key":"Tiny Chest"},{"floor":24.0,"key":"Bottled Tornado"},{"floor":26.0,"key":"Dream Catcher"},{"floor":29.0,"key":"Anchor"},{"floor":31.0,"key":"Pen Nib"},{"floor":37,"key":"Charon\u0027s Ashes"},{"floor":38,"key":"Unceasing Top"},{"floor":39,"key":"Magic Flower"},{"floor":40,"key":"Bronze Scales"},{"floor":42,"key":"Regal Pillow"},{"floor":43,"key":"Torii"},{"floor":44,"key":"Old Coin"},{"floor":46,"key":"Champion Belt"},{"floor":47,"key":"Pantograph"},{"floor":48,"key":"Whetstone"}],"event_choices":[{"damage_healed":0.0,"max_hp_gain":0.0,"max_hp_loss":0.0,"gold_gain":75.0,"event_name":"World of Goop","player_choice":"Gather Gold","floor":2.0,"gold_loss":0.0,"damage_taken":11.0},{"damage_healed":0.0,"max_hp_gain":0.0,"max_hp_loss":0.0,"gold_gain":0.0,"event_name":"Living Wall","player_choice":"Grow","floor":3.0,"gold_loss":0.0,"damage_taken":0.0,"cards_upgraded":["Armaments"]},{"damage_healed":0.0,"max_hp_gain":5.0,"max_hp_loss":0.0,"gold_gain":0.0,"event_name":"Big Fish","player_choice":"Donut","floor":8.0,"gold_loss":0.0,"damage_taken":0.0},{"damage_healed":0,"gold_gain":0,"player_choice":"Fight","damage_taken":0,"max_hp_gain":0,"max_hp_loss":0,"event_name":"MindBloom","floor":37,"gold_loss":0}],"is_beta":false,"boss_relics":[{"not_picked":["Tiny House","White Beast Statue"],"picked":"Mark of Pain"},{"not_picked":["Runic Cube","Coffee Dripper"],"picked":"Black Blood"}],"items_purged_floors":[],"is_endless":false,"potions_floor_spawned":[10,11,13,16,22,29,31,33,37,40,46,47],"ascension_level":20}