{"gold_per_floor":[109,127,142,217,237,237,271,285,285,313,313,325,325,425,425,528,528,545,89,101,113,113],"floor_reached":22,"playtime":2383,"items_purged":["Strike_B"],"score":198,"play_id":"fd5790a8-fd59-4475-8ea3-bf926831dd1e","local_time":"20190508153636","is_ascension_mode":false,"campfire_choices":[{"floor":6,"key":"RECALL"},{"data":"Core Surge","floor":13,"key":"SMITH"},{"floor":15,"key":"REST"}],"neow_cost":"NONE","seed_source_timestamp":1628728440597016,"circlet_count":0,"master_deck":["Strike_B","Defend_B","Defend_B","Defend_B","Defend_B","Zap","Dualcast","Go for the Eyes","Undo","Coolheaded","Melter","Go for the Eyes","Steam","Core Surge+1","Auto Shields","Machine Learning","Capacitor","Scrape","Forethought","Gash","Go for the Eyes"],"relics":["Empty Cage","Ginger","Question Card","Darkstone Periapt","Singing Bowl","Busted Crown","HandDrill"],"potions_floor_usage":[22,22,22],"damage_taken":[{"damage":1,"enemies":"Jaw Worm","floor":1,"turns":6},{"damage":2,"enemies":"Cultist","floor":2,"turns":4},{"damage":0,"enemies":"2 Louse","floor":3,"turns":2},{"damage":0,"enemies":"Blue Slaver","floor":5,"turns":7},{"damage":25,"enemies":"Gremlin Nob","floor":7,"turns":5},{"damage":2,"enemies":"Lots of Slimes","floor":8,"turns":7},{"damage":15,"enemies":"Lagavulin","floor":10,"turns":15},{"damage":0,"enemies":"3 Louse","floor":12,"turns":4},{"damage":26,"enemies":"The Guardian","floor":16,"turns":18},{"damage":1,"enemies":"Chosen","floor":18,"turns":6},{"damage":25,"enemies":"3 Byrds","floor":20,"turns":12},{"damage":3,"enemies":"Snecko","floor":21,"turns":10},{"damage":15,"enemies":"Colosseum Slavers","floor":22,"turns":6},{"damage":54,"enemies":"Colosseum Nobs","floor":22,"turns":6}],"seed_played":"-5436601842495180264","potions_obtained":[{"floor":2,"key":"Swift Potion"},{"floor":10,"key":"SkillPotion"},{"floor":12,"key":"Swift Potion"},{"floor":20,"key":"AttackPotion"},{"floor":21,"key":"PowerPotion"}],"is_trial":false,"path_per_floor":["M","M","M","?","M","R","E","M","T","E","?","M","R","?","R","B",null,"M","$","M","M","?"],"character_chosen":"DEFECT","items_purchased":["Capacitor","Scrape","Forethought","HandDrill"],"campfire_rested":1,"item_purchase_floors":[19,19,19,19],"current_hp_per_floor":[74,72,72,65,65,65,40,38,38,23,16,16,16,16,38,12,75,76,76,51,48,0],"gold":113,"neow_bonus":"BOSS_RELIC","is_prod":false,"is_daily":false,"chose_seed":false,"campfire_upgraded":1,"win_rate":0,"timestamp":1557322596,"path_taken":["M","M","M","?","?","R","E","M","T","E","?","M","R","?","R","BOSS","M","?","?","M","?"],"build_version":"2019-01-23","purchased_purges":1,"victory":false,"max_hp_per_floor":[75,75,75,75,75,75,75,75,75,75,75,75,75,75,75,75,75,77,77,77,77,77],"card_choices":[{"not_picked":["Barrage","Hologram"],"picked":"Go for the Eyes","floor":1},{"not_picked":["Stack","Barrage"],"picked":"Undo","floor":2},{"not_picked":["Stack","Rebound"],"picked":"Coolheaded","floor":3},{"not_picked":["Skim","Hello World"],"picked":"Melter","floor":5},{"not_picked":["Streamline","Chaos"],"picked":"Go for the Eyes","floor":7},{"not_picked":["Reprogram","Sweeping Beam"],"picked":"Steam","floor":8},{"not_picked":["Static Discharge","Sweeping Beam","Cold Snap"],"picked":"Core Surge","floor":10},{"not_picked":["Compile Driver","Steam","Cold Snap"],"picked":"Auto Shields","floor":12},{"not_picked":["Electrodynamics","Meteor Strike","Reboot"],"picked":"Machine Learning","floor":16},{"not_picked":["Streamline","Cold Snap"],"picked":"Singing Bowl","floor":18},{"not_picked":["Fusion+1"],"picked":"Gash","floor":20},{"not_picked":["Redo"],"picked":"Go for the Eyes","floor":21}],"player_experience":83385,"relics_obtained":[{"floor":7,"key":"Ginger"},{"floor":9,"key":"Question Card"},{"floor":10,"key":"Darkstone Periapt"}],"event_choices":[{"damage_healed":0,"gold_gain":75,"player_choice":"Touch","damage_taken":7,"max_hp_gain":0,"max_hp_loss":0,"event_name":"FaceTrader","floor":4,"gold_loss":0},{"damage_healed":0,"gold_gain":0,"player_choice":"Success","damage_taken":7,"relics_obtained":["Singing Bowl"],"max_hp_gain":0,"max_hp_loss":0,"event_name":"Scrap Ooze","floor":11,"gold_loss":0},{"damage_healed":0,"gold_gain":100,"player_choice":"Pray","damage_taken":0,"max_hp_gain":0,"max_hp_loss":0,"event_name":"Golden Shrine","floor":14,"gold_loss":0},{"damage_healed":0,"gold_gain":0,"player_choice":"Fight","damage_taken":0,"max_hp_gain":0,"max_hp_loss":0,"event_name":"Colosseum","floor":22,"gold_loss":0},{"damage_healed":0,"gold_gain":0,"player_choice":"Fought Nobs","damage_taken":0,"max_hp_gain":0,"max_hp_loss":0,"event_name":"Colosseum","floor":22,"gold_loss":0}],"is_beta":false,"boss_relics":[{"not_picked":["Sozu","Lizard Tail"],"picked":"Busted Crown"}],"items_purged_floors":[19],"is_endless":false,"potions_floor_spawned":[2,10,12,16,20,21,22],"killed_by":"Colosseum Nobs","ascension_level":0}