{"gold_per_floor":[118,132,80,155,171,198,198,223,250,279,293,371,371],"floor_reached":13,"playtime":357,"items_purged":[],"score":180,"play_id":"081b5e6e-c5c9-487d-aa37-e90e8f689667","local_time":"20190211151619","is_ascension_mode":true,"campfire_choices":[{"data":"Carnage","floor":7,"key":"SMITH"}],"neow_cost":"NONE","seed_source_timestamp":28133274527690,"circlet_count":0,"master_deck":["AscendersBane","Strike_R","Strike_R","Strike_R+1","Strike_R","Strike_R","Defend_R","Defend_R","Defend_R","Defend_R","Bash+1","Iron Wave","Carnage+1","Infernal Blade","Feed+1","Battle Trance","Uppercut","Headbutt"],"special_seed":0,"relics":["Burning Blood","Red Skull","Whetstone","Juzu Bracelet","Question Card"],"potions_floor_usage":[6,8,10],"damage_taken":[{"damage":0.0,"enemies":"Small Slimes","floor":1.0,"turns":3.0},{"damage":5.0,"enemies":"2 Louse","floor":2.0,"turns":3.0},{"damage":2.0,"enemies":"Jaw Worm","floor":5.0,"turns":3.0},{"damage":30,"enemies":"3 Sentries","floor":6,"turns":8},{"damage":19,"enemies":"Gremlin Nob","floor":8,"turns":4},{"damage":20,"enemies":"Lagavulin","floor":10,"turns":3},{"damage":6,"enemies":"Large Slime","floor":11,"turns":5}],"seed_played":"-4315803400856680480","potions_obtained":[{"floor":5.0,"key":"Fire Potion"},{"floor":8,"key":"Swift Potion"},{"floor":10,"key":"Swift Potion"},{"floor":11,"key":"SteroidPotion"}],"is_trial":false,"path_per_floor":["M","M","$","?","M","E","R","E","T","E","M","?","?"],"character_chosen":"IRONCLAD","items_purchased":["Block Potion"],"campfire_rested":0,"item_purchase_floors":[3],"current_hp_per_floor":[74,75,75,64,68,44,44,31,31,17,21,21,0],"gold":371,"neow_bonus":"UPGRADE_CARD","is_prod":false,"is_daily":false,"chose_seed":false,"campfire_upgraded":1,"win_rate":0,"timestamp":1549926979,"path_taken":["M","M","$","?","M","E","R","E","T","E","M","?","?"],"build_version":"2019-01-23","purchased_purges":0,"victory":false,"max_hp_per_floor":[75,75,75,75,75,75,75,75,75,75,79,79,79],"card_choices":[{"not_picked":["Heavy Blade","Havoc"],"picked":"Iron Wave","floor":1.0},{"not_picked":["Shockwave","Warcry"],"picked":"Carnage","floor":2.0},{"not_picked":["Evolve","Pummel"],"picked":"Infernal Blade","floor":5.0},{"not_picked":["Twin Strike","Perfected Strike"],"picked":"Feed","floor":6},{"not_picked":["Dropkick","Dual Wield"],"picked":"Battle Trance","floor":8},{"not_picked":["Burning Pact","Headbutt"],"picked":"Uppercut","floor":10},{"not_picked":["Clothesline","Wild Strike","Combust"],"picked":"Headbutt","floor":11}],"player_experience":2196684,"relics_obtained":[{"floor":6,"key":"Red Skull"},{"floor":8,"key":"Whetstone"},{"floor":9,"key":"Juzu Bracelet"},{"floor":10,"key":"Question Card"}],"event_choices":[{"damage_healed":0.0,"max_hp_gain":0.0,"max_hp_loss":0.0,"gold_gain":75.0,"event_name":"World of Goop","player_choice":"Gather Gold","floor":4.0,"gold_loss":0.0,"damage_taken":11.0},{"damage_healed":0,"gold_gain":78,"player_choice":"Gained Gold","damage_taken":0,"max_hp_gain":0,"max_hp_loss":0,"event_name":"Golden Wing","floor":12,"gold_loss":0}],"is_beta":false,"boss_relics":[],"items_purged_floors":[],"is_endless":false,"potions_floor_spawned":[5,8,10,11],"ascension_level":15}