{"gold_per_floor":[116,128,128,58,72,72,104,104,104,137,156,156,169,186,186,264,264,264,264,264,33,33,33,33,33,33,33,33,33,33,33,33,33,33,33,33,33,33,33,33,33,33,33,33,33,33,33,33,33,33],"floor_reached":51,"playtime":2655,"items_purged":["Strike_G"],"score":1433,"play_id":"052be073-6750-4c24-b52e-6ad09259bafe","local_time":"20181025192549","is_ascension_mode":true,"campfire_choices":[{"data":"Sucker Punch","floor":6.0,"key":"SMITH"},{"data":"Dagger Spray","floor":8.0,"key":"SMITH"},{"data":"Cloak And Dagger","floor":15.0,"key":"SMITH"},{"data":"Blade Dance","floor":23.0,"key":"SMITH"},{"data":"Accuracy","floor":27.0,"key":"SMITH"},{"floor":32.0,"key":"REST"},{"data":"Blade Dance","floor":41.0,"key":"SMITH"},{"data":"After Image","floor":49,"key":"SMITH"}],"neow_cost":"NONE","seed_source_timestamp":0,"circlet_count":0,"master_deck":["Defend_G","Defend_G","Defend_G","Defend_G","Defend_G","Strike_G","Strike_G","Survivor","Neutralize+1","AscendersBane","Die Die Die","Dagger Throw","Poisoned Stab","Cloak And Dagger+1","Sucker Punch+1","Dagger Spray+1","Blade Dance+1","After Image+1","Dodge and Roll","Accuracy+1","Escape Plan","PiercingWail","Dash+1","Flash of Steel+1","Backflip","Blade Dance+1","Writhe","Acrobatics"],"special_seed":0,"relics":["Ring of the Snake","Meat on the Bone","Kunai","Mummified Hand","Bird Faced Urn","Ectoplasm","Vajra","Potion Belt","Calipers","Molten Egg 2","Frozen Egg 2","Cursed Key","Happy Flower","Singing Bowl","Letter Opener"],"potions_floor_usage":[50,50],"damage_taken":[{"damage":0.0,"enemies":"Jaw Worm","floor":1.0,"turns":5.0},{"damage":0.0,"enemies":"Cultist","floor":2.0,"turns":4.0},{"damage":0.0,"enemies":"2 Louse","floor":5.0,"turns":1.0},{"damage":10.0,"enemies":"3 Sentries","floor":7.0,"turns":10.0},{"damage":3.0,"enemies":"Lagavulin","floor":10.0,"turns":9.0},{"damage":3.0,"enemies":"Blue Slaver","floor":11.0,"turns":4.0},{"damage":0.0,"enemies":"Lots of Slimes","floor":13.0,"turns":1.0},{"damage":0.0,"enemies":"Exordium Thugs","floor":14.0,"turns":4.0},{"damage":16.0,"enemies":"The Guardian","floor":16.0,"turns":16.0},{"damage":4.0,"enemies":"Chosen","floor":18.0,"turns":5.0},{"damage":0.0,"enemies":"3 Byrds","floor":19.0,"turns":2.0},{"damage":7.0,"enemies":"Shelled Parasite and Fungi","floor":24.0,"turns":6.0},{"damage":0.0,"enemies":"3 Cultists","floor":25.0,"turns":4.0},{"damage":12.0,"enemies":"Colosseum Slavers","floor":28.0,"turns":5.0},{"damage":21.0,"enemies":"Colosseum Nobs","floor":28.0,"turns":5.0},{"damage":0.0,"enemies":"Slavers","floor":29.0,"turns":3.0},{"damage":0.0,"enemies":"Snake Plant","floor":31.0,"turns":6.0},{"damage":21.0,"enemies":"Champ","floor":33.0,"turns":17.0},{"damage":0.0,"enemies":"3 Darklings","floor":35.0,"turns":7.0},{"damage":6.0,"enemies":"3 Shapes","floor":36.0,"turns":3.0},{"damage":12.0,"enemies":"Transient","floor":39.0,"turns":5.0},{"damage":7.0,"enemies":"Giant Head","floor":40.0,"turns":10.0},{"damage":0,"enemies":"Reptomancer","floor":45,"turns":8},{"damage":3,"enemies":"4 Shapes","floor":46,"turns":3},{"damage":0,"enemies":"Giant Head","floor":48,"turns":9},{"damage":8,"enemies":"Awakened One","floor":50,"turns":20}],"seed_played":"8190353201574508432","potions_obtained":[{"floor":1.0,"key":"SpeedPotion"},{"floor":2.0,"key":"GamblersBrew"},{"floor":10.0,"key":"Weak Potion"},{"floor":24.0,"key":"SteroidPotion"},{"floor":28.0,"key":"SteroidPotion"},{"floor":31.0,"key":"SkillPotion"},{"floor":39.0,"key":"Poison Potion"},{"floor":45,"key":"SpeedPotion"},{"floor":46,"key":"Weak Potion"}],"is_trial":false,"path_per_floor":["M","M","?","$","M","R","E","R","T","E","M","?","M","M","R","B",null,"M","M","?","$","?","R","M","M","T","R","?","E","$","M","R","B",null,"M","M","?","?","M","E","R","?","T","$","E","M","$","E","R","B"],"character_chosen":"THE_SILENT","items_purchased":["Cloak And Dagger","Sucker Punch","Vajra"],"campfire_rested":1,"item_purchase_floors":[4,4,21],"current_hp_per_floor":[59,59,59,59,59,59,49,49,49,46,43,32,44,44,44,40,60,58,58,40,40,40,40,47,51,51,51,38,42,42,46,67,50,66,70,66,66,66,58,55,55,69,69,69,73,72,72,75,75,69],"gold":33,"neow_bonus":"TRANSFORM_CARD","is_prod":false,"is_daily":false,"chose_seed":false,"campfire_upgraded":7,"win_rate":0,"timestamp":1540520749,"path_taken":["M","M","?","$","?","R","E","R","T","E","M","?","M","M","R","BOSS","M","?","?","$","?","R","M","M","T","R","?","E","$","M","R","BOSS","M","M","?","?","?","E","R","?","T","$","E","M","?","E","R","BOSS"],"build_version":"2018-10-25","purchased_purges":1,"victory":true,"max_hp_per_floor":[66,66,66,66,66,66,66,66,66,66,66,66,66,66,66,66,66,66,66,71,71,71,71,71,71,71,71,71,71,71,71,71,71,71,71,71,71,71,71,71,71,71,71,71,73,73,73,75,75,75],"card_choices":[{"not_picked":["Infinite Blades","Blade Dance"],"picked":"Dagger Throw","floor":1.0},{"not_picked":["Slice","Acrobatics"],"picked":"Poisoned Stab","floor":2.0},{"not_picked":["Outmaneuver","Bane","Flechettes"],"picked":"SKIP","floor":5.0},{"not_picked":["Tools of the Trade","Burst"],"picked":"Dagger Spray","floor":7.0},{"not_picked":["Dagger Spray","Venomology"],"picked":"Blade Dance","floor":10.0},{"not_picked":["Riddle With Holes","Quick Slash","Dagger Spray"],"picked":"SKIP","floor":11.0},{"not_picked":["Underhanded Strike","Heel Hook","Crippling Poison"],"picked":"SKIP","floor":13.0},{"not_picked":["Catalyst","Slice","Outmaneuver"],"picked":"SKIP","floor":14.0},{"not_picked":["Burst","Glass Knife"],"picked":"After Image","floor":16.0},{"not_picked":["Dagger Throw","PiercingWail"],"picked":"Dodge and Roll","floor":18.0},{"not_picked":["Flechettes","Acrobatics","Heel Hook"],"picked":"SKIP","floor":19.0},{"not_picked":["Calculated Gamble","Endless Agony"],"picked":"Accuracy","floor":24.0},{"not_picked":["Acrobatics","Quick Slash","Skewer"],"picked":"SKIP","floor":25.0},{"not_picked":["Dodge and Roll","Underhanded Strike+1"],"picked":"Escape Plan","floor":28.0},{"not_picked":["Acrobatics+1","Escape Plan+1"],"picked":"PiercingWail","floor":29.0},{"not_picked":["Distraction","Terror"],"picked":"Dash+1","floor":31.0},{"not_picked":["Predator+1","PiercingWail","Dodge and Roll"],"picked":"SKIP","floor":35.0},{"not_picked":["Underhanded Strike+1","Dodge and Roll","Flying Knee+1"],"picked":"SKIP","floor":36.0},{"not_picked":["Mayhem+1","Jack Of All Trades"],"picked":"Flash of Steel+1","floor":37.0},{"not_picked":["Sucker Punch+1","Tactician+1"],"picked":"Backflip","floor":39.0},{"not_picked":["Bouncing Flask","Deadly Poison+1"],"picked":"Blade Dance","floor":40.0},{"not_picked":["Dagger Spray+1","Quick Slash+1","Venomology"],"picked":"Singing Bowl","floor":45},{"not_picked":["Calculated Gamble+1","Catalyst"],"picked":"Acrobatics","floor":46},{"not_picked":["Flying Knee+1","Skewer+1","PiercingWail"],"picked":"Singing Bowl","floor":48}],"player_experience":1467311,"relics_obtained":[{"floor":7.0,"key":"Meat on the Bone"},{"floor":9.0,"key":"Kunai"},{"floor":10.0,"key":"Mummified Hand"},{"floor":26.0,"key":"Potion Belt"},{"floor":28.0,"key":"Calipers"},{"floor":28.0,"key":"Molten Egg 2"},{"floor":29.0,"key":"Frozen Egg 2"},{"floor":40.0,"key":"Happy Flower"},{"floor":45,"key":"Singing Bowl"},{"floor":48,"key":"Letter Opener"}],"event_choices":[{"damage_healed":0.0,"max_hp_gain":0.0,"max_hp_loss":0.0,"gold_gain":0.0,"event_name":"Living Wall","player_choice":"Grow","floor":3.0,"gold_loss":0.0,"damage_taken":0.0,"cards_upgraded":["Neutralize"]},{"damage_healed":0.0,"max_hp_gain":0.0,"max_hp_loss":0.0,"gold_gain":0.0,"event_name":"Scrap Ooze","player_choice":"Success","floor":12.0,"gold_loss":0.0,"damage_taken":11.0,"relics_obtained":["Bird Faced Urn"]},{"damage_healed":0.0,"max_hp_gain":5.0,"max_hp_loss":0.0,"gold_gain":0.0,"event_name":"Forgotten Altar","player_choice":"Shed Blood","floor":20.0,"gold_loss":0.0,"damage_taken":23.0},{"damage_healed":0.0,"max_hp_gain":0.0,"max_hp_loss":0.0,"gold_gain":0.0,"event_name":"The Mausoleum","player_choice":"Ignored","floor":22.0,"gold_loss":0.0,"damage_taken":0.0},{"damage_healed":0.0,"max_hp_gain":0.0,"max_hp_loss":0.0,"gold_gain":0.0,"event_name":"Colosseum","player_choice":"Fight","floor":28.0,"gold_loss":0.0,"damage_taken":0.0},{"damage_healed":0.0,"max_hp_gain":0.0,"max_hp_loss":0.0,"gold_gain":0.0,"event_name":"Colosseum","player_choice":"Fought Nobs","floor":28.0,"gold_loss":0.0,"damage_taken":0.0},{"damage_healed":0.0,"max_hp_gain":0.0,"max_hp_loss":0.0,"gold_gain":0.0,"event_name":"SensoryStone","player_choice":"Memory 1","floor":37.0,"gold_loss":0.0,"damage_taken":0.0},{"cards_removed":["Strike_G"],"damage_healed":0.0,"max_hp_gain":0.0,"max_hp_loss":0.0,"gold_gain":0.0,"event_name":"Falling","player_choice":"Removed Attack","floor":38.0,"gold_loss":0.0,"damage_taken":0.0},{"damage_healed":14.0,"max_hp_gain":0.0,"max_hp_loss":0.0,"gold_gain":0.0,"event_name":"Winding Halls","player_choice":"Writhe","floor":42.0,"gold_loss":0.0,"damage_taken":0.0,"cards_obtained":["Writhe"]}],"is_beta":false,"boss_relics":[{"not_picked":["Fusion Hammer","Snecko Eye"],"picked":"Ectoplasm"},{"not_picked":["Orrery","Sozu"],"picked":"Cursed Key"}],"items_purged_floors":[21],"is_endless":false,"potions_floor_spawned":[1,2,10,14,24,28,31,39,45,46],"ascension_level":15}