{"gold_per_floor":[112,32,32,32,47,82,82,109,109,34,34,45,95,109,109,182,182,154,167,37,52,52,52,82,82,107,107,107,124,124,142,142,216,216,236,236,252,266,266,299,349,369,415,443,443,454,467,477,477,477,477,477,477,52,87,87],"floor_reached":57,"playtime":2973,"items_purged":["Strike_B","Strike_B","Ball Lightning"],"score":2759,"play_id":"626c1f4d-5a9c-4353-b31b-d4fec885e8fe","local_time":"20190330163644","is_ascension_mode":true,"campfire_choices":[{"data":"Darkness","floor":7.0,"key":"SMITH"},{"data":"Defragment","floor":11.0,"key":"SMITH"},{"data":"Zap","floor":15.0,"key":"SMITH"},{"data":"Buffer","floor":23.0,"key":"SMITH"},{"floor":25.0,"key":"REST"},{"data":"Coolheaded","floor":27.0,"key":"SMITH"},{"data":"Coolheaded","floor":30.0,"key":"SMITH"},{"data":"Biased Cognition","floor":32.0,"key":"SMITH"},{"data":"Turbo","floor":45.0,"key":"SMITH"},{"floor":49.0,"key":"RECALL"},{"data":"Panacea","floor":53,"key":"SMITH"}],"neow_cost":"NONE","seed_source_timestamp":1691149131600,"circlet_count":0,"master_deck":["AscendersBane","Zap+1","Dualcast","Defragment+1","Buffer+1","Darkness+1","BootSequence","Self Repair","Leap","Cold Snap","Electrodynamics","Skim","Compile Driver","Biased Cognition+1","Turbo+1","Coolheaded+1","Coolheaded+1","Defragment+1","FTL+1","Aggregate+1","Amplify","Double Energy","Redo","Creative AI","Biased Cognition","Hyperbeam","Recycle","Panacea+1","Discovery","Conserve Battery+1","Coolheaded+1","Turbo","Hologram+1"],"special_seed":0,"relics":["Cracked Core","NeowsBlessing","Blood Vial","Thread and Needle","Pantograph","Orrery","Centennial Puzzle","Ancient Tea Set","Pandora\u0027s Box","Lantern","Incense Burner","Ice Cream","Membership Card","DataDisk","Oddly Smooth Stone"],"potions_floor_usage":[51,55,56,56],"damage_taken":[{"damage":0.0,"enemies":"Small Slimes","floor":1.0,"turns":1.0},{"damage":0.0,"enemies":"2 Louse","floor":5.0,"turns":1.0},{"damage":0.0,"enemies":"Gremlin Nob","floor":6.0,"turns":1.0},{"damage":35.0,"enemies":"3 Sentries","floor":8.0,"turns":7.0},{"damage":0.0,"enemies":"Cultist","floor":12.0,"turns":4.0},{"damage":0.0,"enemies":"Blue Slaver","floor":14.0,"turns":3.0},{"damage":18.0,"enemies":"The Guardian","floor":16.0,"turns":9.0},{"damage":18.0,"enemies":"2 Thieves","floor":18.0,"turns":4.0},{"damage":12.0,"enemies":"Spheric Guardian","floor":19.0,"turns":4.0},{"damage":0.0,"enemies":"Chosen and Byrds","floor":21.0,"turns":5.0},{"damage":70.0,"enemies":"Gremlin Leader","floor":24.0,"turns":9.0},{"damage":5.0,"enemies":"Snake Plant","floor":29.0,"turns":4.0},{"damage":0.0,"enemies":"Cultist and Chosen","floor":31.0,"turns":6.0},{"damage":8.0,"enemies":"Automaton","floor":33.0,"turns":8.0},{"damage":0.0,"enemies":"Orb Walker","floor":35.0,"turns":3.0},{"damage":2.0,"enemies":"3 Shapes","floor":37.0,"turns":3.0},{"damage":0.0,"enemies":"Writhing Mass","floor":38.0,"turns":6.0},{"damage":10.0,"enemies":"Nemesis","floor":40.0,"turns":11.0},{"damage":28.0,"enemies":"2 Orb Walkers","floor":41.0,"turns":4.0},{"damage":0.0,"enemies":"Maw","floor":42.0,"turns":5.0},{"damage":15.0,"enemies":"Reptomancer","floor":44.0,"turns":6.0},{"damage":14.0,"enemies":"Spire Growth","floor":46.0,"turns":3.0},{"damage":5.0,"enemies":"Sphere and 2 Shapes","floor":47.0,"turns":4.0},{"damage":0.0,"enemies":"Jaw Worm Horde","floor":48.0,"turns":5.0},{"damage":0.0,"enemies":"Time Eater","floor":50.0,"turns":8.0},{"damage":49,"enemies":"Awakened One","floor":51,"turns":8},{"damage":28,"enemies":"Shield and Spear","floor":55,"turns":7},{"damage":15,"enemies":"The Heart","floor":56,"turns":9}],"seed_played":"5657501523539330825","potions_obtained":[{"floor":5.0,"key":"AttackPotion"},{"floor":8.0,"key":"Regen Potion"},{"floor":12.0,"key":"Poison Potion"},{"floor":19.0,"key":"LiquidBronze"},{"floor":31.0,"key":"FocusPotion"},{"floor":37.0,"key":"Strength Potion"},{"floor":38.0,"key":"SkillPotion"},{"floor":46.0,"key":"EssenceOfSteel"},{"floor":48.0,"key":"Swift Potion"},{"floor":55,"key":"Swift Potion"}],"is_trial":false,"path_per_floor":["M","$","?","?","M","E","R","E","T","$","R","M","?","M","R","B",null,"M","M","$","M","$","R","E","R","T","R","?","M","R","M","R","B",null,"M","?","M","M","?","E","?","M","T","E","R","M","M","M","R","B","B",null,"R","$","E","B",null],"character_chosen":"DEFECT","items_purchased":["Defragment","Coolheaded","Membership Card","DataDisk","Swift Potion","PowerPotion"],"campfire_rested":1,"item_purchase_floors":[2,20,54,54,54,54],"current_hp_per_floor":[64,64,64,64,64,64,64,31,31,31,31,40,33,42,42,58,68,59,56,56,71,71,71,8,29,29,29,29,33,33,42,42,68,70,71,71,71,71,61,60,41,50,50,51,51,46,50,66,66,71,29,61,61,61,49,70],"gold":87,"neow_bonus":"THREE_ENEMY_KILL","is_prod":false,"is_daily":false,"chose_seed":false,"campfire_upgraded":9,"win_rate":0,"timestamp":1553935004,"path_taken":["M","$","?","?","M","E","R","E","T","$","R","M","?","M","R","BOSS","M","M","$","?","$","R","E","R","T","R","?","?","R","M","R","BOSS","M","?","M","M","?","E","?","M","T","E","R","M","M","M","R","BOSS","BOSS","R","$","E","BOSS"],"build_version":"2019-01-23","purchased_purges":3,"victory":true,"max_hp_per_floor":[71,71,71,71,71,71,71,71,71,71,71,71,71,71,71,71,71,71,71,71,71,71,71,71,71,71,71,71,71,71,71,71,71,71,71,71,71,71,71,71,71,71,71,71,71,71,71,71,71,71,71,71,71,71,71,71],"card_choices":[{"not_picked":["Blizzard","Rebound"],"picked":"Ball Lightning","floor":1.0},{"not_picked":["Ball Lightning","Streamline"],"picked":"Darkness","floor":5.0},{"not_picked":["Rip and Tear","Lockon"],"picked":"BootSequence","floor":6.0},{"not_picked":["Stack","Turbo"],"picked":"Self Repair","floor":8.0},{"not_picked":["Double Energy","Rebound"],"picked":"Leap","floor":12.0},{"not_picked":["Leap","Undo"],"picked":"Cold Snap","floor":14.0},{"not_picked":["Reboot","Amplify"],"picked":"Electrodynamics","floor":16.0},{"not_picked":["Cold Snap","Conserve Battery"],"picked":"Skim","floor":17.0},{"not_picked":["Beam Cell","Stack"],"picked":"Compile Driver","floor":17.0},{"not_picked":["Static Discharge","Consume"],"picked":"Biased Cognition","floor":18.0},{"not_picked":["Rebound","Hologram"],"picked":"Turbo","floor":19.0},{"not_picked":["Sweeping Beam","Rebound","Coolheaded"],"picked":"SKIP","floor":21.0},{"not_picked":["Sweeping Beam","Rebound"],"picked":"Coolheaded","floor":21.0},{"not_picked":["Coolheaded","Redo","All For One"],"picked":"SKIP","floor":24.0},{"not_picked":["Coolheaded","Ball Lightning"],"picked":"FTL+1","floor":29.0},{"not_picked":["Gash","Streamline"],"picked":"Aggregate+1","floor":31.0},{"not_picked":["Reboot","Electrodynamics"],"picked":"Amplify","floor":33.0},{"not_picked":["Leap+1","Cold Snap"],"picked":"Recycle","floor":35.0},{"not_picked":["BootSequence","Barrage+1","Rebound"],"picked":"SKIP","floor":37.0},{"not_picked":["BootSequence","Barrage+1","Rebound"],"picked":"SKIP","floor":37.0},{"not_picked":["Cold Snap","Stack","Hello World"],"picked":"SKIP","floor":38.0},{"not_picked":["Transmutation","Panache"],"picked":"Panacea","floor":39.0},{"not_picked":["Good Instincts","Blind"],"picked":"Discovery","floor":39.0},{"not_picked":["Leap+1","Recycle","Redo"],"picked":"SKIP","floor":40.0},{"not_picked":["Leap","Stack"],"picked":"Conserve Battery+1","floor":42.0},{"not_picked":["Steam","Stack","Steam Power"],"picked":"SKIP","floor":44.0},{"not_picked":["Steam","Stack","Steam Power"],"picked":"SKIP","floor":44.0},{"not_picked":["Defragment+1","Compile Driver"],"picked":"Coolheaded+1","floor":46.0},{"not_picked":["Force Field","Rebound"],"picked":"Turbo","floor":47.0},{"not_picked":["Ball Lightning+1","Go for the Eyes","Hyperbeam"],"picked":"SKIP","floor":48.0},{"not_picked":["Reprogram","Steam+1"],"picked":"Hologram+1","floor":55}],"player_experience":2892772,"relics_obtained":[{"floor":6.0,"key":"Blood Vial"},{"floor":8.0,"key":"Thread and Needle"},{"floor":9.0,"key":"Pantograph"},{"floor":24.0,"key":"Centennial Puzzle"},{"floor":26.0,"key":"Ancient Tea Set"},{"floor":40.0,"key":"Lantern"},{"floor":41.0,"key":"Incense Burner"},{"floor":44.0,"key":"Ice Cream"},{"floor":55,"key":"Oddly Smooth Stone"}],"event_choices":[{"damage_healed":0.0,"max_hp_gain":0.0,"max_hp_loss":0.0,"gold_gain":0.0,"event_name":"Liars Game","player_choice":"Ignored","floor":3.0,"gold_loss":0.0,"damage_taken":0.0},{"damage_healed":0.0,"max_hp_gain":0.0,"max_hp_loss":0.0,"gold_gain":0.0,"cards_transformed":["Strike_B"],"event_name":"Living Wall","player_choice":"Change","floor":4.0,"gold_loss":0.0,"damage_taken":0.0,"cards_obtained":["Buffer"]},{"damage_healed":0.0,"max_hp_gain":0.0,"max_hp_loss":0.0,"gold_gain":50.0,"event_name":"FaceTrader","player_choice":"Touch","floor":13.0,"gold_loss":0.0,"damage_taken":7.0},{"damage_healed":0.0,"max_hp_gain":0.0,"max_hp_loss":0.0,"gold_gain":0.0,"event_name":"Duplicator","player_choice":"Copied","floor":28.0,"gold_loss":0.0,"damage_taken":0.0,"cards_obtained":["Defragment"]},{"damage_healed":0.0,"max_hp_gain":0.0,"max_hp_loss":0.0,"gold_gain":0.0,"event_name":"Tomb of Lord Red Mask","player_choice":"Ignored","floor":36.0,"gold_loss":0.0,"damage_taken":0.0},{"damage_healed":0.0,"max_hp_gain":0.0,"max_hp_loss":0.0,"gold_gain":0.0,"event_name":"SensoryStone","player_choice":"Memory 3","floor":39.0,"gold_loss":0.0,"damage_taken":10.0},{"damage_healed":0.0,"max_hp_gain":0.0,"max_hp_loss":0.0,"gold_gain":0.0,"event_name":"Mysterious Sphere","player_choice":"Fight","floor":41.0,"gold_loss":0.0,"damage_taken":0.0}],"is_beta":false,"boss_relics":[{"not_picked":["Lizard Tail","Snecko Eye"],"picked":"Orrery"},{"not_picked":["Fusion Hammer","Busted Crown"],"picked":"Pandora\u0027s Box"}],"items_purged_floors":[10,20,54],"is_endless":false,"potions_floor_spawned":[5,8,12,19,31,37,38,46,48,55],"ascension_level":20}