{"gold_per_floor":[117,117,117,117,34,34,61,61,61,61,61,90,106,123,123,198,198,209,209,124,49,63,63,63,63,63,79,179,205,205,231,231,306,606,637,669,696,708,737,774,840,852,891,402,402,402,402,430,430,430,430,430,430,35,66,66],"floor_reached":57,"playtime":2799,"items_purged":["Dagger Throw","Writhe","Finisher+1"],"score":3685,"play_id":"a74602d2-2459-4a1b-8fde-3b283004206b","local_time":"20181201124206","is_ascension_mode":true,"campfire_choices":[{"data":"Reflex","floor":6.0,"key":"SMITH"},{"data":"Tactician","floor":8.0,"key":"SMITH"},{"data":"Concentrate","floor":10.0,"key":"SMITH"},{"data":"Calculated Gamble","floor":15.0,"key":"SMITH"},{"data":"Expertise","floor":23,"key":"SMITH"},{"data":"Acrobatics","floor":25,"key":"SMITH"},{"data":"Blade Dance","floor":32,"key":"PURGE"},{"data":"Decay","floor":45,"key":"PURGE"},{"data":"Injury","floor":47,"key":"PURGE"},{"floor":49,"key":"RECALL"},{"data":"Slice+1","floor":53,"key":"PURGE"}],"neow_cost":"NONE","seed_source_timestamp":423509338909,"circlet_count":0,"master_deck":["AscendersBane","Survivor+1","Neutralize+1","Concentrate+1","Reflex+1","Tactician+1","Calculated Gamble+1","Prepared+1","Expertise+1","Acrobatics+1","Endless Agony+1","Caltrops+1","Flechettes+1","Footwork+1","Blur+1","Backflip+1"],"special_seed":0,"relics":["Ring of the Snake","NeowsBlessing","Meat on the Bone","Ninja Scroll","Lantern","Darkstone Periapt","Pandora\u0027s Box","Anchor","Juzu Bracelet","Peace Pipe","Pantograph","Dream Catcher","Bronze Scales","Calling Bell","MawBank","Pear","Old Coin","Pen Nib","Tough Bandages","Ice Cream","Mark of the Bloom","Bag of Marbles","Dodecahedron","Sundial"],"potions_floor_usage":[16,16,27,28,36,39,41,56],"damage_taken":[{"damage":0.0,"enemies":"Jaw Worm","floor":1.0,"turns":1.0},{"damage":0.0,"enemies":"Lagavulin","floor":7.0,"turns":2.0},{"damage":0.0,"enemies":"3 Sentries","floor":12.0,"turns":1.0},{"damage":0.0,"enemies":"Small Slimes","floor":13.0,"turns":5.0},{"damage":0.0,"enemies":"2 Louse","floor":14.0,"turns":2.0},{"damage":61,"enemies":"Slime Boss","floor":16,"turns":12},{"damage":0,"enemies":"Spheric Guardian","floor":18,"turns":1},{"damage":0,"enemies":"3 Byrds","floor":22,"turns":2},{"damage":0,"enemies":"3 Cultists","floor":27,"turns":3},{"damage":0,"enemies":"Colosseum Slavers","floor":28,"turns":1},{"damage":0,"enemies":"Colosseum Nobs","floor":28,"turns":1},{"damage":0,"enemies":"Gremlin Leader","floor":29,"turns":2},{"damage":0,"enemies":"Slavers","floor":31,"turns":1},{"damage":0,"enemies":"Collector","floor":33,"turns":1},{"damage":0,"enemies":"Orb Walker","floor":35,"turns":1},{"damage":68,"enemies":"3 Shapes","floor":36,"turns":14},{"damage":26,"enemies":"Writhing Mass","floor":37,"turns":5},{"damage":1,"enemies":"Sphere and 2 Shapes","floor":39,"turns":8},{"damage":0,"enemies":"Nemesis","floor":40,"turns":1},{"damage":0,"enemies":"2 Orb Walkers","floor":41,"turns":2},{"damage":0,"enemies":"Reptomancer","floor":48,"turns":1},{"damage":0,"enemies":"Donu and Deca","floor":50,"turns":1},{"damage":0,"enemies":"Awakened One","floor":51,"turns":3},{"damage":0,"enemies":"Shield and Spear","floor":55,"turns":1},{"damage":0,"enemies":"The Heart","floor":56,"turns":5}],"seed_played":"1743206497899381349","potions_obtained":[{"floor":7.0,"key":"Block Potion"},{"floor":12.0,"key":"SteroidPotion"},{"floor":16,"key":"SteroidPotion"},{"floor":22,"key":"Explosive Potion"},{"floor":28,"key":"FearPotion"},{"floor":37,"key":"Swift Potion"},{"floor":40,"key":"GamblersBrew"},{"floor":48,"key":"SteroidPotion"}],"is_trial":false,"path_per_floor":["M","?","?","?","$","R","E","R","T","R","T","E","M","M","R","B",null,"M","?","?","$","M","R","$","R","T","M","?","E","?","E","R","B",null,"M","M","M","?","M","E","?","?","T","$","R","?","R","E","R","B","B",null,"R","$","E","B",null],"character_chosen":"THE_SILENT","items_purchased":["Reflex","Ice Cream","EssenceOfSteel","Dodecahedron"],"campfire_rested":0,"item_purchase_floors":[5,44,44,54],"current_hp_per_floor":[59,59,64,64,64,64,64,64,64,64,64,64,64,64,64,15,57,57,57,57,57,57,57,57,57,57,57,57,57,37,49,49,74,104,104,48,34,104,103,103,103,99,99,99,99,99,99,99,99,99,99,99,99,99,99,99],"gold":66,"neow_bonus":"THREE_ENEMY_KILL","is_prod":false,"is_daily":false,"chose_seed":false,"campfire_upgraded":6,"win_rate":0,"timestamp":1543639326,"path_taken":["M","?","?","?","$","R","E","R","T","R","?","E","M","M","R","BOSS","M","?","?","$","M","R","?","R","T","M","?","E","?","E","R","BOSS","M","M","M","?","M","E","?","?","T","$","R","?","R","E","R","BOSS","BOSS","R","$","E","BOSS"],"build_version":"2018-11-15","purchased_purges":3,"victory":true,"max_hp_per_floor":[66,66,71,71,71,71,71,71,71,71,71,71,71,71,71,71,71,71,71,71,71,71,71,71,71,71,71,71,71,76,76,76,76,104,104,104,104,104,104,104,104,99,99,99,99,99,99,99,99,99,99,99,99,99,99,99],"card_choices":[{"not_picked":["Blade Dance","Flying Knee"],"picked":"Finisher","floor":1.0},{"not_picked":["Outmaneuver","Blur"],"picked":"Tactician","floor":7.0},{"not_picked":["Expertise","Heel Hook"],"picked":"Calculated Gamble","floor":12.0},{"not_picked":["Skewer","Outmaneuver"],"picked":"Prepared","floor":13.0},{"not_picked":["Dagger Spray","Sucker Punch"],"picked":"Slice","floor":14.0},{"not_picked":["Poisoned Stab","Bane","Dagger Spray+1"],"picked":"SKIP","floor":18},{"not_picked":["Acrobatics","Distraction+1","Deadly Poison"],"picked":"SKIP","floor":22},{"not_picked":["Crippling Poison","Bouncing Flask","Heel Hook"],"picked":"SKIP","floor":27},{"not_picked":["Prepared","Flying Knee","Acrobatics"],"picked":"SKIP","floor":29},{"not_picked":["Dagger Throw","Endless Agony","Poisoned Stab"],"picked":"SKIP","floor":31},{"not_picked":["Endless Agony","Flechettes"],"picked":"Footwork","floor":35},{"not_picked":["Slice","Prepared","Cloak And Dagger"],"picked":"SKIP","floor":36},{"not_picked":["Blade Dance","All Out Attack","Expertise"],"picked":"SKIP","floor":37},{"not_picked":["Dagger Spray","Dash","Riddle With Holes"],"picked":"SKIP","floor":39},{"not_picked":["Crippling Poison+1","Acrobatics+1"],"picked":"Blur","floor":40},{"not_picked":["All Out Attack","Leg Sweep+1"],"picked":"Backflip+1","floor":48},{"not_picked":["Envenom","PiercingWail","Sucker Punch"],"picked":"SKIP","floor":55}],"player_experience":2230835,"relics_obtained":[{"floor":7.0,"key":"Meat on the Bone"},{"floor":9.0,"key":"Ninja Scroll"},{"floor":11.0,"key":"Lantern"},{"floor":12.0,"key":"Darkstone Periapt"},{"floor":26,"key":"Juzu Bracelet"},{"floor":28,"key":"Peace Pipe"},{"floor":28,"key":"Pantograph"},{"floor":29,"key":"Dream Catcher"},{"floor":31,"key":"Bronze Scales"},{"floor":34,"key":"MawBank"},{"floor":34,"key":"Pear"},{"floor":34,"key":"Old Coin"},{"floor":40,"key":"Pen Nib"},{"floor":41,"key":"Tough Bandages"},{"floor":48,"key":"Bag of Marbles"},{"floor":55,"key":"Sundial"}],"event_choices":[{"damage_healed":0.0,"max_hp_gain":0.0,"max_hp_loss":0.0,"gold_gain":0.0,"cards_transformed":["Strike_G"],"event_name":"Living Wall","player_choice":"Change","floor":2.0,"gold_loss":0.0,"damage_taken":0.0,"cards_obtained":["Concentrate"]},{"damage_healed":0.0,"max_hp_gain":5.0,"max_hp_loss":0.0,"gold_gain":0.0,"event_name":"Big Fish","player_choice":"Donut","floor":3.0,"gold_loss":0.0,"damage_taken":0.0},{"damage_healed":0.0,"max_hp_gain":0.0,"max_hp_loss":0.0,"gold_gain":0.0,"event_name":"Liars Game","player_choice":"Ignored","floor":4.0,"gold_loss":0.0,"damage_taken":0.0},{"cards_removed":["Reflex"],"damage_healed":0,"gold_gain":0,"player_choice":"Elegance","damage_taken":0,"max_hp_gain":0,"max_hp_loss":0,"event_name":"Back to Basics","floor":19,"gold_loss":0},{"damage_healed":0,"gold_gain":0,"player_choice":"Obtained Relic","damage_taken":0,"relics_obtained":["Anchor"],"max_hp_gain":0,"max_hp_loss":0,"event_name":"Addict","floor":20,"gold_loss":85},{"damage_healed":0,"gold_gain":0,"player_choice":"Fight","damage_taken":0,"max_hp_gain":0,"max_hp_loss":0,"event_name":"Colosseum","floor":28,"gold_loss":0},{"damage_healed":0,"gold_gain":0,"player_choice":"Fought Nobs","damage_taken":0,"max_hp_gain":0,"max_hp_loss":0,"event_name":"Colosseum","floor":28,"gold_loss":0},{"damage_healed":0,"gold_gain":0,"player_choice":"Shed Blood","damage_taken":25,"max_hp_gain":5,"max_hp_loss":0,"event_name":"Forgotten Altar","floor":30,"gold_loss":0},{"cards_removed":["Finisher"],"damage_healed":70,"gold_gain":0,"player_choice":"Offered Uncommon","damage_taken":0,"max_hp_gain":0,"max_hp_loss":0,"event_name":"Bonfire Elementals","floor":38,"gold_loss":0},{"damage_healed":0,"gold_gain":0,"player_choice":"Fight","damage_taken":0,"max_hp_gain":0,"max_hp_loss":0,"event_name":"Mysterious Sphere","floor":41,"gold_loss":0},{"damage_healed":0,"gold_gain":0,"player_choice":"Max HP","damage_taken":0,"max_hp_gain":0,"max_hp_loss":5,"event_name":"Winding Halls","floor":42,"gold_loss":0},{"damage_healed":0,"gold_gain":0,"player_choice":"Upgrade","damage_taken":0,"relics_obtained":["Mark of the Bloom"],"max_hp_gain":0,"max_hp_loss":0,"event_name":"MindBloom","floor":46,"gold_loss":0,"cards_upgraded":["Survivor","Neutralize","Finisher","Prepared","Slice","Endless Agony","Caltrops","Flechettes","Footwork","Blur"]}],"is_beta":false,"boss_relics":[{"not_picked":["Runic Pyramid","Philosopher\u0027s Stone"],"picked":"Pandora\u0027s Box"},{"not_picked":["Lizard Tail","Orrery"],"picked":"Calling Bell"}],"items_purged_floors":[21,44,54],"is_endless":false,"potions_floor_spawned":[7,12,16,22,28,28,37,40,48,55],"ascension_level":20}