{"gold_per_floor":[114,114,128,142,157,196,212,245,245,27,27,43,43,61,61,190,190,190,190,15,15,15,15,15,15,15,15,15,15,15,15,15,15],"floor_reached":33,"playtime":1184,"items_purged":["Strike_R","True Grit"],"score":401,"play_id":"83381420-c63e-4623-a5d8-aa2993ed293f","local_time":"25610725174553","is_ascension_mode":true,"campfire_choices":[{"data":"Armaments","floor":11,"key":"SMITH"},{"floor":15,"key":"REST"},{"data":"Feed","floor":23,"key":"SMITH"},{"data":"Perfected Strike","floor":25,"key":"SMITH"},{"data":"Perfected Strike","floor":27,"key":"SMITH"},{"floor":32,"key":"REST"}],"neow_cost":"NONE","seed_source_timestamp":17774248544383,"circlet_count":0,"master_deck":["Strike_R","Strike_R","Strike_R","Strike_R","Defend_R","Defend_R","Defend_R","Defend_R","Bash","Perfected Strike+1","Armaments+1","Carnage","Flame Barrier","Power Through","Feed+1","True Grit+1","Flex+1","Sentinel","Battle Trance","Clumsy","Dramatic Entrance","Perfected Strike+1","Blood for Blood","Clash+1","Evolve+1","Ghostly Armor+1"],"special_seed":0,"relics":["Burning Blood","Orichalcum","Golden Idol","Ancient Tea Set","Odd Mushroom","Pear","Bag of Marbles","Ectoplasm","Darkstone Periapt","Centennial Puzzle","Gremlin Horn"],"potions_floor_usage":[6,16,16,18,24,33,33],"damage_taken":[{"damage":0.0,"enemies":"Cultist","floor":1.0,"turns":3.0},{"damage":1.0,"enemies":"2 Louse","floor":3.0,"turns":2.0},{"damage":3.0,"enemies":"Jaw Worm","floor":4.0,"turns":4.0},{"damage":12,"enemies":"Gremlin Gang","floor":5,"turns":5},{"damage":28,"enemies":"Lagavulin","floor":6,"turns":5},{"damage":1,"enemies":"3 Louse","floor":7,"turns":4},{"damage":20,"floor":8,"turns":5},{"damage":0,"enemies":"2 Fungi Beasts","floor":12,"turns":2},{"damage":4,"enemies":"Looter","floor":14,"turns":2},{"damage":51,"enemies":"Hexaghost","floor":16,"turns":9},{"damage":22,"enemies":"Spheric Guardian","floor":18,"turns":4},{"damage":3,"enemies":"Chosen","floor":19,"turns":4},{"damage":21,"enemies":"Gremlin Leader","floor":24,"turns":7},{"damage":26,"enemies":"Slavers","floor":28,"turns":5},{"damage":13,"enemies":"Sentry and Sphere","floor":29,"turns":4},{"damage":16,"enemies":"Centurion and Healer","floor":30,"turns":5},{"damage":23,"enemies":"Snake Plant","floor":31,"turns":4},{"damage":57,"enemies":"Champ","floor":33,"turns":14}],"seed_played":"6006841628646081414","potions_obtained":[{"floor":5,"key":"Fire Potion"},{"floor":7,"key":"FearPotion"},{"floor":8,"key":"Strength Potion"},{"floor":16,"key":"LiquidBronze"},{"floor":18,"key":"Dexterity Potion"},{"floor":30,"key":"LiquidBronze"}],"is_trial":false,"path_per_floor":["M","?","M","M","M","E","M","?","T","$","R","M","?","M","R","B",null,"M","M","$","?","?","R","E","R","T","R","E","M","M","M","R"],"character_chosen":"IRONCLAD","items_purchased":["Bag of Marbles","BloodPotion"],"campfire_rested":2,"item_purchase_floors":[10,20],"current_hp_per_floor":[78,58,63,66,60,38,43,29,39,39,39,45,45,47,74,29,75,63,69,69,69,69,69,63,63,63,63,47,44,34,21,53,0],"gold":15,"neow_bonus":"RANDOM_COMMON_RELIC","is_prod":false,"is_daily":false,"chose_seed":false,"campfire_upgraded":4,"win_rate":0,"timestamp":1532515553,"path_taken":["M","?","M","M","M","E","?","?","T","$","R","M","?","M","R","BOSS","M","?","$","?","?","R","E","R","T","R","E","M","M","M","R","BOSS"],"build_version":"2018-07-19v2","purchased_purges":2,"victory":false,"max_hp_per_floor":[80,80,80,80,80,80,80,80,90,90,90,90,90,90,90,90,90,94,97,97,97,97,97,97,97,97,97,101,105,105,109,109,109],"card_choices":[{"not_picked":["True Grit","Combust"],"picked":"Perfected Strike","floor":1.0},{"not_picked":["Sentinel","Flame Barrier"],"picked":"Armaments","floor":3.0},{"not_picked":["Corruption","Sword Boomerang","Iron Wave"],"picked":"SKIP","floor":4.0},{"not_picked":["Searing Blow","Anger"],"picked":"Carnage","floor":5},{"not_picked":["Warcry","Wild Strike"],"picked":"Disarm","floor":6},{"not_picked":["Pummel","Sword Boomerang"],"picked":"Flame Barrier","floor":7},{"not_picked":["Headbutt","Armaments"],"picked":"True Grit","floor":8},{"not_picked":["Flame Barrier","Dual Wield","Heavy Blade"],"picked":"SKIP","floor":12},{"not_picked":["Heavy Blade","Havoc"],"picked":"Power Through","floor":14},{"not_picked":["Impervious","Offering"],"picked":"Feed","floor":16},{"not_picked":["Searing Blow","Hemokinesis"],"picked":"True Grit+1","floor":18},{"not_picked":["Clash","Cleave"],"picked":"Flex+1","floor":19},{"not_picked":["Sword Boomerang+1","Twin Strike+1"],"picked":"Perfected Strike","floor":24},{"not_picked":["Pummel+1","True Grit"],"picked":"Blood for Blood","floor":28},{"not_picked":["Flex","Headbutt"],"picked":"Clash+1","floor":29},{"not_picked":["Havoc","Twin Strike+1"],"picked":"Evolve+1","floor":30},{"not_picked":["Shrug It Off","Shockwave"],"picked":"Ghostly Armor+1","floor":31}],"player_experience":148607,"relics_obtained":[{"floor":6,"key":"Ancient Tea Set"},{"floor":8,"key":"Odd Mushroom"},{"floor":9,"key":"Pear"},{"floor":24,"key":"Darkstone Periapt"},{"floor":26,"key":"Centennial Puzzle"},{"floor":28,"key":"Gremlin Horn"}],"event_choices":[{"event_name":"Golden Idol","player_choice":"Take Damage","floor":2.0,"damage_taken":0.0},{"event_name":"Mushrooms","player_choice":"Fought Mushrooms","floor":8,"damage_taken":0},{"event_name":"Living Wall","player_choice":"Forget","floor":13,"damage_taken":0},{"event_name":"The Library","player_choice":"Read","floor":21,"damage_taken":0},{"event_name":"Match and Keep!","player_choice":"3 cards matched","floor":22,"damage_taken":0}],"is_beta":false,"boss_relics":[{"not_picked":["Astrolabe","Velvet Choker"],"picked":"Ectoplasm"}],"items_purged_floors":[10,20],"is_endless":false,"potions_floor_spawned":[5,7,8,16,18,30],"killed_by":"Champ","ascension_level":6}