{"gold_per_floor":[20,40,60,79,79,106,106,106,106,150,5,5,29,45,45,176,176,194,119,139,152,170,203,228,228,300,321,321,355,383,395,407,515,527,558,14,33,51,67,67,0,35,35,35,52,52],"floor_reached":46,"playtime":4421,"items_purged":["Writhe"],"score":613,"play_id":"f1ff5cc3-df2b-441c-aace-2777b743122b","local_time":"20190509194745","is_ascension_mode":true,"campfire_choices":[{"data":"Armaments","floor":8,"key":"SMITH"},{"data":"Clothesline","floor":15,"key":"SMITH"},{"floor":25,"key":"REST"},{"floor":32,"key":"REST"},{"floor":40,"key":"REST"}],"neow_cost":"NO_GOLD","seed_source_timestamp":37142883526610,"circlet_count":0,"master_deck":["Strike_R","Strike_R","Strike_R","Strike_R","Strike_R","Defend_R","Defend_R","Defend_R","Bash","Armaments+1","Headbutt","Twin Strike","Clothesline+1","Perfected Strike","Twin Strike","Immolate","Havoc+1","Inflame+1","Thunderclap+1","Perfected Strike+1","Shrug It Off+1","True Grit+1","Seeing Red","Body Slam+1","Barricade","Infernal Blade+1","Magnetism","Discovery","Demon Form","Armaments+1","Uppercut+1","Impervious","Battle Trance+1","Armaments+1","Warcry+1"],"relics":["Black Blood","Bronze Scales","Bloody Idol","Anchor","Dodecahedron","Lantern","Astrolabe","Smiling Mask","Bottled Lightning","MawBank","Prayer Wheel","Bag of Marbles"],"potions_floor_usage":[6,10,13,16,16,22,30,35,39,44,45],"damage_taken":[{"damage":3,"enemies":"Jaw Worm","floor":1,"turns":4},{"damage":0,"enemies":"Small Slimes","floor":2,"turns":3},{"damage":1,"enemies":"Cultist","floor":3,"turns":3},{"damage":7,"enemies":"3 Louse","floor":4,"turns":4},{"damage":21,"enemies":"Lagavulin","floor":6,"turns":5},{"damage":7,"enemies":"Gremlin Nob","floor":10,"turns":4},{"damage":0,"enemies":"Gremlin Gang","floor":13,"turns":4},{"damage":5,"enemies":"2 Fungi Beasts","floor":14,"turns":3},{"damage":52,"enemies":"Slime Boss","floor":16,"turns":12},{"damage":3,"enemies":"3 Byrds","floor":18,"turns":3},{"damage":5,"enemies":"Spheric Guardian","floor":20,"turns":3},{"damage":25,"enemies":"3 Cultists","floor":21,"turns":4},{"damage":14,"enemies":"Shelled Parasite and Fungi","floor":22,"turns":5},{"damage":30,"enemies":"Gremlin Leader","floor":23,"turns":4},{"damage":7,"enemies":"Cultist and Chosen","floor":24,"turns":5},{"damage":1,"enemies":"Snecko","floor":27,"turns":3},{"damage":30,"enemies":"Slavers","floor":29,"turns":4},{"damage":13,"enemies":"Snake Plant","floor":30,"turns":3},{"damage":90,"enemies":"Automaton","floor":33,"turns":9},{"damage":3,"enemies":"3 Shapes","floor":35,"turns":3},{"damage":8,"enemies":"Orb Walker","floor":37,"turns":3},{"damage":70,"enemies":"Maw","floor":38,"turns":8},{"damage":24,"enemies":"3 Darklings","floor":39,"turns":4},{"damage":51,"enemies":"Reptomancer","floor":42,"turns":9},{"damage":0,"enemies":"Nemesis","floor":44,"turns":2},{"damage":21,"enemies":"4 Shapes","floor":45,"turns":5},{"damage":27,"enemies":"Transient","floor":46,"turns":3}],"seed_played":"-7765021035490035852","potions_obtained":[{"floor":3,"key":"Strength Potion"},{"floor":6,"key":"PowerPotion"},{"floor":12,"key":"Weak Potion"},{"floor":12,"key":"Swift Potion"},{"floor":12,"key":"SmokeBomb"},{"floor":13,"key":"Weak Potion"},{"floor":21,"key":"Block Potion"},{"floor":27,"key":"Energy Potion"},{"floor":33,"key":"Poison Potion"},{"floor":35,"key":"Fire Potion"},{"floor":42,"key":"Strength Potion"}],"is_trial":false,"path_per_floor":["M","M","M","M","?","E","?","R","T","E","$","?","M","M","R","B",null,"M","$","M","M","M","E","M","R","T","M","?","E","M","?","R","B",null,"M","$","M","M","M","R","$","E","T","E","M","M"],"character_chosen":"IRONCLAD","items_purchased":["Lantern","Prayer Wheel","Magnetism","Discovery","Impervious"],"campfire_rested":3,"item_purchase_floors":[11,36,36,36,41],"current_hp_per_floor":[96,96,96,95,95,80,80,80,80,79,79,79,85,86,86,40,96,96,96,96,77,69,45,44,72,72,77,77,58,61,57,90,16,96,96,96,96,41,32,60,60,24,24,34,28,1],"gold":52,"neow_bonus":"TWENTY_PERCENT_HP_BONUS","is_prod":false,"is_daily":false,"chose_seed":false,"campfire_upgraded":2,"win_rate":0,"timestamp":1557398865,"path_taken":["M","M","M","M","?","E","?","R","T","E","$","?","M","M","R","BOSS","M","$","M","M","M","E","M","R","T","M","?","E","M","?","R","BOSS","M","$","M","?","M","R","$","E","T","E","M","M"],"build_version":"2019-01-23","purchased_purges":1,"victory":false,"max_hp_per_floor":[96,96,96,96,96,96,96,96,96,96,96,96,96,96,96,96,96,96,96,96,96,96,96,96,96,96,96,96,96,96,96,96,96,96,96,96,96,96,96,96,96,96,96,96,96,96],"card_choices":[{"not_picked":["Body Slam","Perfected Strike"],"picked":"Armaments","floor":1},{"not_picked":["Perfected Strike","Sword Boomerang"],"picked":"Headbutt","floor":2},{"not_picked":["Perfected Strike","Dual Wield"],"picked":"Twin Strike","floor":3},{"not_picked":["Havoc","Fire Breathing"],"picked":"Body Slam","floor":4},{"not_picked":["Havoc","Juggernaut"],"picked":"Clothesline","floor":6},{"not_picked":["Intimidate","Flex"],"picked":"Perfected Strike","floor":10},{"not_picked":["Heavy Blade","Clothesline","Anger"],"picked":"SKIP","floor":13},{"not_picked":["Bloodletting","Rupture"],"picked":"Twin Strike","floor":14},{"not_picked":["Reaper","Berserk"],"picked":"Immolate","floor":16},{"not_picked":["Warcry","Perfected Strike"],"picked":"Thunderclap+1","floor":18},{"not_picked":["Wild Strike","Rupture+1","Clothesline+1"],"picked":"SKIP","floor":20},{"not_picked":["Clash","Havoc","Body Slam+1"],"picked":"SKIP","floor":21},{"not_picked":["Searing Blow","Sword Boomerang","Rage"],"picked":"SKIP","floor":22},{"not_picked":["Shrug It Off","Havoc"],"picked":"Perfected Strike+1","floor":23},{"not_picked":["Havoc","Infernal Blade"],"picked":"Shrug It Off+1","floor":24},{"not_picked":["Shockwave","Perfected Strike"],"picked":"True Grit+1","floor":27},{"not_picked":["Juggernaut","Limit Break"],"picked":"Seeing Red","floor":29},{"not_picked":["Sword Boomerang","Thunderclap"],"picked":"Body Slam+1","floor":30},{"not_picked":["Fiend Fire","Bludgeon"],"picked":"Barricade","floor":33},{"not_picked":["Havoc","Shockwave"],"picked":"Infernal Blade+1","floor":35},{"not_picked":["Wild Strike+1","Disarm","Sever Soul+1"],"picked":"SKIP","floor":37},{"not_picked":["Sword Boomerang","Dual Wield","Heavy Blade"],"picked":"SKIP","floor":37},{"not_picked":["Evolve","Sword Boomerang+1"],"picked":"Demon Form","floor":38},{"not_picked":["Iron Wave+1","Twin Strike","Cleave+1"],"picked":"SKIP","floor":38},{"not_picked":["Sentinel","Sword Boomerang+1"],"picked":"Armaments+1","floor":39},{"not_picked":["Body Slam+1","Iron Wave"],"picked":"Uppercut+1","floor":39},{"not_picked":["Shrug It Off","Clash+1"],"picked":"Battle Trance+1","floor":42},{"not_picked":["Flex","Headbutt+1"],"picked":"Armaments+1","floor":45},{"not_picked":["Intimidate","Pommel Strike"],"picked":"Warcry+1","floor":45}],"player_experience":155383,"relics_obtained":[{"floor":6,"key":"Bronze Scales"},{"floor":9,"key":"Anchor"},{"floor":10,"key":"Dodecahedron"},{"floor":23,"key":"Smiling Mask"},{"floor":26,"key":"Bottled Lightning"},{"floor":29,"key":"MawBank"},{"floor":42,"key":"Bag of Marbles"}],"event_choices":[{"damage_healed":0,"gold_gain":0,"player_choice":"Ignored","damage_taken":0,"max_hp_gain":0,"max_hp_loss":0,"event_name":"Liars Game","floor":5,"gold_loss":0},{"damage_healed":0,"gold_gain":0,"player_choice":"Take Wound","damage_taken":0,"relics_obtained":["Golden Idol"],"max_hp_gain":0,"max_hp_loss":0,"event_name":"Golden Idol","floor":7,"gold_loss":0,"cards_obtained":["Injury"]},{"damage_healed":0,"gold_gain":0,"player_choice":"Got Potions","damage_taken":0,"max_hp_gain":0,"max_hp_loss":0,"event_name":"Lab","floor":12,"gold_loss":0},{"damage_healed":0,"gold_gain":0,"player_choice":"Gave Idol","damage_taken":0,"relics_obtained":["Bloody Idol"],"max_hp_gain":0,"max_hp_loss":0,"event_name":"Forgotten Altar","floor":28,"relics_lost":["Golden Idol"],"gold_loss":0},{"damage_healed":0,"gold_gain":0,"player_choice":"Damaged","damage_taken":9,"max_hp_gain":0,"max_hp_loss":0,"event_name":"Wheel of Change","floor":31,"gold_loss":0}],"is_beta":false,"boss_relics":[{"not_picked":["Velvet Choker","White Beast Statue"],"picked":"Astrolabe"},{"not_picked":["Runic Cube","Snecko Eye"],"picked":"Black Blood"}],"items_purged_floors":[19],"is_endless":false,"potions_floor_spawned":[3,6,13,21,27,33,35,42],"killed_by":"Transient","ascension_level":1}