{"gold_per_floor":[361,361,380,54,12,37,37,51,51,80,80,98,98,98,98,98],"floor_reached":16,"playtime":524,"items_purged":["Writhe"],"score":216,"play_id":"02d4049b-0a3e-4d5e-bb9d-9c63197efefd","local_time":"20181227163254","is_ascension_mode":true,"campfire_choices":[{"data":"Whirlwind","floor":7,"key":"SMITH"},{"data":"Shockwave","floor":11,"key":"SMITH"},{"data":"True Grit","floor":13,"key":"SMITH"},{"data":"Bash","floor":15,"key":"SMITH"}],"neow_cost":"CURSE","seed_source_timestamp":7170823158222,"circlet_count":0,"master_deck":["AscendersBane","Strike_R","Strike_R","Strike_R","Strike_R","Strike_R","Defend_R+1","Defend_R","Defend_R+1","Bash+1","Perfected Strike+1","Evolve","Whirlwind+1","Feed","Shockwave+1","True Grit+1"],"relics":["Burning Blood","Bag of Preparation","Matryoshka","Question Card","War Paint","Self Forming Clay"],"potions_floor_usage":[10,10],"damage_taken":[{"damage":9,"enemies":"Small Slimes","floor":1,"turns":4},{"damage":1,"enemies":"Cultist","floor":3,"turns":4},{"damage":40,"enemies":"3 Sentries","floor":6,"turns":9},{"damage":2,"enemies":"2 Louse","floor":8,"turns":2},{"damage":17,"enemies":"Lagavulin","floor":10,"turns":7},{"damage":9,"enemies":"Exordium Wildlife","floor":12,"turns":5},{"damage":26,"enemies":"Hexaghost","floor":16,"turns":9}],"seed_played":"2986286275233303944","potions_obtained":[{"floor":6,"key":"AttackPotion"},{"floor":8,"key":"Weak Potion"},{"floor":12,"key":"SmokeBomb"}],"is_trial":false,"path_per_floor":["M","?","M","$","$","E","R","M","T","E","R","M","R","?","R","B"],"character_chosen":"IRONCLAD","items_purchased":["Bag of Preparation","Evolve","Whirlwind"],"campfire_rested":0,"item_purchase_floors":[4,4,5],"current_hp_per_floor":[65,65,70,70,70,36,36,43,43,32,32,32,32,25,25,0],"gold":98,"neow_bonus":"TWO_FIFTY_GOLD","is_prod":false,"is_daily":false,"chose_seed":false,"campfire_upgraded":4,"win_rate":0,"timestamp":1545899574,"path_taken":["M","?","?","?","$","E","R","M","T","E","R","M","R","?","R","BOSS"],"build_version":"2018-12-25","purchased_purges":1,"victory":false,"max_hp_per_floor":[75,75,75,75,75,75,75,78,78,78,78,81,81,81,81,81],"card_choices":[{"not_picked":["Flex","Clothesline"],"picked":"Perfected Strike","floor":1},{"not_picked":["Cleave","Reckless Charge","Armaments"],"picked":"SKIP","floor":3},{"not_picked":["Havoc","Dual Wield"],"picked":"Feed","floor":6},{"not_picked":["Body Slam","Armaments","Headbutt"],"picked":"SKIP","floor":8},{"not_picked":["Body Slam","Armaments","Headbutt"],"picked":"SKIP","floor":8},{"not_picked":["Reckless Charge","Dual Wield","Bludgeon"],"picked":"Shockwave","floor":10},{"not_picked":["Twin Strike","Body Slam","Entrench"],"picked":"True Grit","floor":12}],"player_experience":1189341,"relics_obtained":[{"floor":6,"key":"Matryoshka"},{"floor":9,"key":"Question Card"},{"floor":9,"key":"War Paint"},{"floor":10,"key":"Self Forming Clay"}],"event_choices":[{"damage_healed":0,"gold_gain":0,"player_choice":"Forge","damage_taken":0,"max_hp_gain":0,"max_hp_loss":0,"event_name":"Accursed Blacksmith","floor":2,"gold_loss":0,"cards_upgraded":["Perfected Strike"]},{"cards_removed":["Defend_R"],"damage_healed":0,"gold_gain":0,"player_choice":"Card Removal","damage_taken":7,"max_hp_gain":0,"max_hp_loss":0,"event_name":"Golden Wing","floor":14,"gold_loss":0}],"is_beta":true,"boss_relics":[],"items_purged_floors":[4],"is_endless":false,"potions_floor_spawned":[6,8,12],"killed_by":"Hexaghost","ascension_level":20}