{"gold_per_floor":[116,132,31,50,5,5,38,49,76,76,76,103,26,46,46,119,119,132,182,202,30,30,30,55,55,55,55,55,55,66,28,28,107,107,125,144,19,39,39,39,39,57,57,71,71,89,189,189,189,189],"floor_reached":51,"playtime":2217,"items_purged":["Strike_G","Strike_G","Strike_G"],"score":1165,"play_id":"482df8fc-a754-42bc-9edc-ccaa4db03e8e","local_time":"20190228165431","is_ascension_mode":true,"campfire_choices":[{"data":"Predator","floor":6.0,"key":"SMITH"},{"floor":11.0,"key":"REST"},{"floor":15.0,"key":"REST"},{"data":"Wraith Form v2","floor":23.0,"key":"SMITH"},{"data":"Footwork","floor":25.0,"key":"SMITH"},{"data":"Crippling Poison","floor":27.0,"key":"SMITH"},{"floor":32.0,"key":"REST"},{"floor":40.0,"key":"REST"},{"floor":45.0,"key":"REST"},{"floor":49.0,"key":"REST"}],"neow_cost":"NONE","seed_source_timestamp":31500292362831,"circlet_count":0,"master_deck":["AscendersBane","Defend_G","Defend_G","Defend_G","Defend_G","Defend_G","Strike_G","Survivor","Neutralize","Predator+1","Dagger Spray","Cloak And Dagger","Footwork+1","Crippling Poison+1","Noxious Fumes+1","Backflip","Bouncing Flask","Dodge and Roll","Wraith Form v2+1","Poisoned Stab","Riddle With Holes","Dash","Flechettes","Bouncing Flask","Calculated Gamble","Catalyst","Quick Slash","Malaise","Corpse Explosion","Riddle With Holes","PiercingWail","Underhanded Strike+1","Blur","Well Laid Plans","Predator","Acrobatics","Writhe","Adrenaline","Chrysalis","Enlightenment","Discovery","Bouncing Flask","Sucker Punch","Backflip+1"],"special_seed":0,"relics":["Snecko Eye","Juzu Bracelet","Strawberry","Bronze Scales","Lizard Tail","Dream Catcher","Bottled Tornado","Orrery","Kunai","Shovel","Mummified Hand"],"potions_floor_usage":[50,50],"damage_taken":[{"damage":1.0,"enemies":"Small Slimes","floor":1.0,"turns":3.0},{"damage":1.0,"enemies":"Cultist","floor":2.0,"turns":3.0},{"damage":7.0,"enemies":"Jaw Worm","floor":4.0,"turns":2.0},{"damage":3.0,"enemies":"Looter","floor":5.0,"turns":5.0},{"damage":39.0,"enemies":"Gremlin Nob","floor":7.0,"turns":6.0},{"damage":3.0,"enemies":"Red Slaver","floor":8.0,"turns":2.0},{"damage":21.0,"enemies":"3 Sentries","floor":12.0,"turns":6.0},{"damage":7.0,"enemies":"2 Fungi Beasts","floor":14.0,"turns":3.0},{"damage":17.0,"enemies":"Slime Boss","floor":16.0,"turns":8.0},{"damage":3.0,"enemies":"2 Thieves","floor":18.0,"turns":5.0},{"damage":0.0,"enemies":"Spheric Guardian","floor":20.0,"turns":4.0},{"damage":12.0,"enemies":"Book of Stabbing","floor":24.0,"turns":5.0},{"damage":3.0,"enemies":"Snake Plant","floor":30.0,"turns":4.0},{"damage":25.0,"enemies":"Automaton","floor":33.0,"turns":10.0},{"damage":0.0,"enemies":"3 Darklings","floor":35.0,"turns":4.0},{"damage":32.0,"enemies":"Orb Walker","floor":36.0,"turns":5.0},{"damage":9.0,"enemies":"3 Darklings","floor":38.0,"turns":4.0},{"damage":14.0,"enemies":"4 Shapes","floor":42.0,"turns":9.0},{"damage":6.0,"enemies":"Transient","floor":44.0,"turns":5.0},{"damage":2.0,"enemies":"Jaw Worm Horde","floor":46.0,"turns":3.0},{"damage":21.0,"enemies":"Mind Bloom Boss Battle","floor":47.0,"turns":9.0},{"damage":60,"enemies":"Awakened One","floor":50,"turns":14}],"seed_played":"7434931681064084779","potions_obtained":[{"floor":2.0,"key":"SkillPotion"},{"floor":7.0,"key":"Energy Potion"},{"floor":12.0,"key":"Ancient Potion"},{"floor":16.0,"key":"Swift Potion"},{"floor":42.0,"key":"SkillPotion"},{"floor":47.0,"key":"Explosive Potion"}],"is_trial":false,"path_per_floor":["M","M","$","M","M","R","E","M","T","?","R","E","$","M","R","B",null,"M","?","M","$","?","R","E","R","T","R","?","?","M","$","R","B",null,"M","M","$","M","?","R","?","M","T","M","R","M","?","T","R","B",null],"character_chosen":"THE_SILENT","items_purchased":["Dagger Spray","Bouncing Flask","Dash","Catalyst"],"campfire_rested":6,"item_purchase_floors":[3,13,21,31],"current_hp_per_floor":[58,57,57,50,47,47,8,5,12,12,33,12,12,5,26,9,57,54,54,54,54,54,54,42,42,42,42,42,42,39,39,60,35,64,64,32,32,23,38,59,49,35,35,29,50,48,27,27,48,26],"gold":189,"neow_bonus":"BOSS_RELIC","is_prod":false,"is_daily":false,"chose_seed":false,"campfire_upgraded":4,"win_rate":0,"timestamp":1551401671,"path_taken":["M","M","$","M","M","R","E","M","T","?","R","E","?","M","R","BOSS","M","?","M","$","?","R","E","R","T","R","?","?","M","$","R","BOSS","M","M","$","M","?","R","?","M","T","M","R","M","?","?","R","BOSS"],"build_version":"2019-01-23","purchased_purges":3,"victory":true,"max_hp_per_floor":[66,66,66,66,66,66,66,66,73,73,73,73,73,73,73,73,73,73,73,73,73,73,73,73,73,73,73,73,73,73,73,73,73,73,73,73,73,73,73,73,73,73,73,73,73,73,73,73,73,73],"card_choices":[{"not_picked":["Dagger Spray","Setup"],"picked":"Predator","floor":1.0},{"not_picked":["Prepared","Skewer","Deflect"],"picked":"SKIP","floor":2.0},{"not_picked":["Concentrate","Prepared"],"picked":"Cloak And Dagger","floor":4.0},{"not_picked":["PiercingWail","Quick Slash"],"picked":"Footwork","floor":5.0},{"not_picked":["Flying Knee","Tactician"],"picked":"Crippling Poison","floor":7.0},{"not_picked":["Cloak And Dagger","Footwork"],"picked":"Noxious Fumes","floor":8.0},{"not_picked":["Deadly Poison","Infinite Blades"],"picked":"Backflip","floor":12.0},{"not_picked":["Cloak And Dagger","Setup"],"picked":"Dodge and Roll","floor":14.0},{"not_picked":["Die Die Die","Envenom"],"picked":"Wraith Form v2","floor":16.0},{"not_picked":["Dagger Throw","Prepared"],"picked":"Poisoned Stab","floor":18.0},{"not_picked":["Caltrops","Noxious Fumes"],"picked":"Riddle With Holes","floor":20.0},{"not_picked":["Slice","Backflip"],"picked":"Flechettes","floor":24.0},{"not_picked":["Quick Slash","Prepared"],"picked":"Calculated Gamble","floor":30.0},{"not_picked":["Escape Plan","Slice"],"picked":"Quick Slash","floor":32.0},{"not_picked":["Glass Knife","Storm of Steel"],"picked":"Malaise","floor":33.0},{"not_picked":["Reflex+1","Skewer"],"picked":"Corpse Explosion","floor":34.0},{"not_picked":["All Out Attack","Underhanded Strike"],"picked":"Riddle With Holes","floor":34.0},{"not_picked":["Bane","Dagger Throw"],"picked":"PiercingWail","floor":34.0},{"not_picked":["Escape Plan","Blade Dance"],"picked":"Underhanded Strike+1","floor":34.0},{"not_picked":["Underhanded Strike","Poisoned Stab"],"picked":"Blur","floor":34.0},{"not_picked":["Crippling Poison","Slice+1"],"picked":"Well Laid Plans","floor":35.0},{"not_picked":["Blade Dance","Cloak And Dagger+1"],"picked":"Predator","floor":36.0},{"not_picked":["Underhanded Strike","Sucker Punch"],"picked":"Acrobatics","floor":38.0},{"not_picked":["Infinite Blades","Caltrops"],"picked":"Adrenaline","floor":40.0},{"not_picked":["Impatience","Master of Strategy"],"picked":"Chrysalis","floor":41.0},{"not_picked":["Mind Blast","Purity"],"picked":"Enlightenment","floor":41.0},{"not_picked":["Impatience","Forethought"],"picked":"Discovery","floor":41.0},{"not_picked":["Blade Dance","Flying Knee","Quick Slash"],"picked":"SKIP","floor":42.0},{"not_picked":["Crippling Poison","Dagger Throw"],"picked":"Bouncing Flask","floor":44.0},{"not_picked":["Underhanded Strike","Tactician"],"picked":"Sucker Punch","floor":46.0},{"not_picked":["PiercingWail","Finisher+1"],"picked":"Backflip+1","floor":47.0}],"player_experience":2292004,"relics_obtained":[{"floor":7.0,"key":"Juzu Bracelet"},{"floor":9.0,"key":"Strawberry"},{"floor":12.0,"key":"Bronze Scales"},{"floor":24.0,"key":"Dream Catcher"},{"floor":26.0,"key":"Bottled Tornado"},{"floor":43.0,"key":"Kunai"},{"floor":47.0,"key":"Shovel"},{"floor":48.0,"key":"Mummified Hand"}],"event_choices":[{"damage_healed":0.0,"max_hp_gain":0.0,"max_hp_loss":0.0,"gold_gain":0.0,"event_name":"Upgrade Shrine","player_choice":"Upgraded","floor":10.0,"gold_loss":0.0,"damage_taken":0.0,"cards_upgraded":["Noxious Fumes"]},{"damage_healed":0.0,"max_hp_gain":0.0,"max_hp_loss":0.0,"gold_gain":50.0,"event_name":"Nest","player_choice":"Stole From Cult","floor":19.0,"gold_loss":0.0,"damage_taken":0.0},{"damage_healed":0.0,"max_hp_gain":0.0,"max_hp_loss":0.0,"gold_gain":0.0,"event_name":"Vampires","player_choice":"Ignored","floor":22.0,"gold_loss":0.0,"damage_taken":0.0},{"cards_removed":["Strike_G"],"damage_healed":0.0,"max_hp_gain":0.0,"max_hp_loss":0.0,"gold_gain":0.0,"event_name":"Purifier","player_choice":"Purged","floor":28.0,"gold_loss":0.0,"damage_taken":0.0},{"damage_healed":0.0,"max_hp_gain":0.0,"max_hp_loss":0.0,"gold_gain":0.0,"event_name":"The Library","player_choice":"Read","floor":29.0,"gold_loss":0.0,"damage_taken":0.0,"cards_obtained":["Bouncing Flask"]},{"damage_healed":15.0,"max_hp_gain":0.0,"max_hp_loss":0.0,"gold_gain":0.0,"event_name":"Winding Halls","player_choice":"Writhe","floor":39.0,"gold_loss":0.0,"damage_taken":0.0,"cards_obtained":["Writhe"]},{"damage_healed":0.0,"max_hp_gain":0.0,"max_hp_loss":0.0,"gold_gain":0.0,"event_name":"SensoryStone","player_choice":"Memory 3","floor":41.0,"gold_loss":0.0,"damage_taken":10.0},{"damage_healed":0.0,"max_hp_gain":0.0,"max_hp_loss":0.0,"gold_gain":0.0,"event_name":"MindBloom","player_choice":"Fight","floor":47.0,"gold_loss":0.0,"damage_taken":0.0}],"is_beta":false,"boss_relics":[{"not_picked":["Calling Bell","Velvet Choker"],"picked":"Lizard Tail"},{"not_picked":["Runic Dome","Philosopher\u0027s Stone"],"picked":"Orrery"}],"items_purged_floors":[3,21,37],"is_endless":false,"potions_floor_spawned":[2,7,12,16,18,24,42,47],"ascension_level":15}