{"gold_per_floor":[116,135,155,165,175,175,175,205,230,230,230,259,259,291,291,367,367,379,146,246,260,275,275,301,318,343,360,374,374,390,409,409,485,485,504,515,202,221,239,239,268,284,307,307,9,19,19,38,38,38],"floor_reached":51,"playtime":3807,"items_purged":[],"score":1231,"play_id":"0d2b76db-2211-430a-8ef3-3a6e49aed9ae","local_time":"20190131192400","is_ascension_mode":true,"campfire_choices":[{"data":"Zap","floor":6.0,"key":"SMITH"},{"data":"Sunder","floor":10.0,"key":"SMITH"},{"data":"Dualcast","floor":15.0,"key":"SMITH"},{"floor":23.0,"key":"REST"},{"floor":29.0,"key":"REST"},{"floor":32.0,"key":"REST"},{"floor":40,"key":"REST"},{"floor":44,"key":"REST"},{"floor":49,"key":"REST"}],"neow_cost":"NONE","seed_source_timestamp":0,"circlet_count":0,"master_deck":["AscendersBane","Zap+1","Dualcast+1","Gash","Sunder+1","Rip and Tear","Conserve Battery","Glacier+1","Doom and Gloom","Ball Lightning","Buffer","Recycle","Hologram","Steam Power","Gash","Static Discharge","Auto Shields","Consume","Echo Form","Gash","All For One","Finesse","Undo","Machine Learning","Cold Snap","Undo","Steam","Leap+1","Gash+1","FTL","Stack","Reinforced Body","Coolheaded","Secret Weapon","Trip","Writhe"],"special_seed":0,"relics":["Cracked Core","Centennial Puzzle","Vajra","Bronze Scales","Pandora\u0027s Box","Shovel","Symbiotic Virus","Sundial","Strawberry","Busted Crown","Anchor","Orichalcum","Boot"],"potions_floor_usage":[36,50,50],"damage_taken":[{"damage":0.0,"enemies":"Cultist","floor":1.0,"turns":3.0},{"damage":7.0,"enemies":"Jaw Worm","floor":2.0,"turns":3.0},{"damage":5.0,"enemies":"Small Slimes","floor":3.0,"turns":2.0},{"damage":7.0,"enemies":"3 Louse","floor":4.0,"turns":3.0},{"damage":3.0,"enemies":"Blue Slaver","floor":5.0,"turns":2.0},{"damage":1.0,"enemies":"Gremlin Nob","floor":8.0,"turns":3.0},{"damage":2.0,"enemies":"Lagavulin","floor":12.0,"turns":7.0},{"damage":4.0,"enemies":"3 Sentries","floor":14.0,"turns":4.0},{"damage":24.0,"enemies":"Slime Boss","floor":16.0,"turns":5.0},{"damage":9.0,"enemies":"3 Byrds","floor":18.0,"turns":3.0},{"damage":18.0,"enemies":"Colosseum Slavers","floor":20.0,"turns":3.0},{"damage":15.0,"enemies":"Colosseum Nobs","floor":20.0,"turns":3.0},{"damage":11.0,"enemies":"2 Thieves","floor":21.0,"turns":3.0},{"damage":9.0,"enemies":"Shelled Parasite and Fungi","floor":22.0,"turns":2.0},{"damage":5.0,"enemies":"Gremlin Leader","floor":24.0,"turns":5.0},{"damage":8.0,"enemies":"Cultist and Chosen","floor":25.0,"turns":4.0},{"damage":0.0,"enemies":"Sentry and Sphere","floor":27.0,"turns":4.0},{"damage":2.0,"enemies":"Centurion and Healer","floor":28.0,"turns":9.0},{"damage":0.0,"enemies":"Shelled Parasite and Fungi","floor":30.0,"turns":5.0},{"damage":14.0,"enemies":"Chosen and Byrds","floor":31.0,"turns":5.0},{"damage":32.0,"enemies":"Automaton","floor":33.0,"turns":11.0},{"damage":6,"enemies":"3 Shapes","floor":35,"turns":7},{"damage":24,"enemies":"3 Darklings","floor":36,"turns":3},{"damage":0,"enemies":"4 Shapes","floor":38,"turns":4},{"damage":14,"enemies":"Writhing Mass","floor":39,"turns":7},{"damage":35,"enemies":"Nemesis","floor":41,"turns":7},{"damage":0,"enemies":"Maw","floor":42,"turns":6},{"damage":2,"enemies":"Jaw Worm Horde","floor":46,"turns":3},{"damage":22,"enemies":"3 Darklings","floor":48,"turns":4},{"damage":14,"enemies":"Awakened One","floor":50,"turns":13}],"seed_played":"-5799160408282872685","potions_obtained":[{"floor":2.0,"key":"Strength Potion"},{"floor":3.0,"key":"Block Potion"},{"floor":8.0,"key":"Swift Potion"},{"floor":16.0,"key":"Poison Potion"},{"floor":24.0,"key":"Weak Potion"},{"floor":25.0,"key":"FocusPotion"},{"floor":27.0,"key":"SkillPotion"},{"floor":31.0,"key":"Swift Potion"},{"floor":35,"key":"FocusPotion"}],"is_trial":false,"path_per_floor":["M","M","M","M","M","R","?","E","T","R","?","E","?","E","R","B",null,"M","$","?","M","M","R","E","M","T","M","M","R","M","M","R","B",null,"M","M","$","M","M","R","E","M","T","R","$","M","?","M","R","B",null],"character_chosen":"DEFECT","items_purchased":["All For One","Finesse","FTL","Stack","SteroidPotion","Anchor","Coolheaded","Secret Weapon","Trip"],"campfire_rested":6,"item_purchase_floors":[19,19,37,37,37,37,45,45,45],"current_hp_per_floor":[71,64,59,52,49,49,75,74,74,74,74,72,72,68,68,44,70,61,61,28,17,8,31,26,18,25,25,23,48,48,34,59,27,71,65,41,41,41,27,52,17,17,17,42,42,40,57,35,60,46],"gold":38,"neow_bonus":"TEN_PERCENT_HP_BONUS","is_prod":false,"is_daily":false,"chose_seed":false,"campfire_upgraded":3,"win_rate":0,"timestamp":1548991440,"path_taken":["M","M","M","M","?","R","?","E","T","R","?","E","?","E","R","BOSS","M","$","?","M","M","R","E","M","T","M","M","R","M","M","R","BOSS","M","M","$","M","M","R","E","M","T","R","$","M","?","M","R","BOSS"],"build_version":"2019-01-23","purchased_purges":0,"victory":true,"max_hp_per_floor":[78,78,78,78,78,78,78,78,78,78,78,78,78,78,78,78,78,78,78,78,78,78,78,78,78,85,85,85,85,85,85,85,85,85,85,85,85,85,85,85,85,85,85,85,85,85,85,85,85,85],"card_choices":[{"not_picked":["Hello World","Beam Cell"],"picked":"Gash","floor":1.0},{"not_picked":["Auto Shields","Streamline"],"picked":"Sunder","floor":2.0},{"not_picked":["Hologram","Melter"],"picked":"Rip and Tear","floor":3.0},{"not_picked":["Stack","Force Field","Beam Cell"],"picked":"SKIP","floor":4.0},{"not_picked":["Leap","FTL"],"picked":"Conserve Battery","floor":5.0},{"not_picked":["Hello World","Darkness"],"picked":"Glacier","floor":8.0},{"not_picked":["Chill","Auto Shields"],"picked":"Doom and Gloom","floor":12.0},{"not_picked":["Coolheaded","Recycle"],"picked":"Ball Lightning","floor":14.0},{"not_picked":["Meteor Strike","Multi-Cast"],"picked":"Buffer","floor":16.0},{"not_picked":["Stack","Heatsinks"],"picked":"Gash","floor":18.0},{"not_picked":["Hologram","Force Field","Darkness"],"picked":"SKIP","floor":21.0},{"not_picked":["Compile Driver","Hello World"],"picked":"Undo","floor":22.0},{"not_picked":["Compile Driver","Scrape"],"picked":"Machine Learning","floor":24.0},{"not_picked":["Leap","Streamline"],"picked":"Cold Snap","floor":25.0},{"not_picked":["Rebound","Go for the Eyes"],"picked":"Undo","floor":27.0},{"not_picked":["Auto Shields","Hologram"],"picked":"Steam","floor":28.0},{"not_picked":["Barrage","Streamline","Reprogram"],"picked":"SKIP","floor":30.0},{"not_picked":["Fusion","Heatsinks+1","Cold Snap"],"picked":"SKIP","floor":31.0},{"not_picked":[],"picked":"Leap+1","floor":35},{"not_picked":[],"picked":"Gash+1","floor":36},{"not_picked":["Barrage"],"picked":"SKIP","floor":38},{"not_picked":["Steam"],"picked":"SKIP","floor":39},{"not_picked":[],"picked":"Reinforced Body","floor":41},{"not_picked":["Lockon"],"picked":"SKIP","floor":42},{"not_picked":["Chaos"],"picked":"SKIP","floor":46},{"not_picked":["Beam Cell"],"picked":"SKIP","floor":48}],"player_experience":2110307,"relics_obtained":[{"floor":8.0,"key":"Centennial Puzzle"},{"floor":12.0,"key":"Vajra"},{"floor":14.0,"key":"Bronze Scales"},{"floor":20.0,"key":"Shovel"},{"floor":20.0,"key":"Symbiotic Virus"},{"floor":24.0,"key":"Sundial"},{"floor":26.0,"key":"Strawberry"},{"floor":41,"key":"Orichalcum"},{"floor":43,"key":"Boot"}],"event_choices":[{"damage_healed":26.0,"max_hp_gain":0.0,"max_hp_loss":0.0,"gold_gain":0.0,"event_name":"Big Fish","player_choice":"Banana","floor":7.0,"gold_loss":0.0,"damage_taken":0.0},{"damage_healed":0.0,"max_hp_gain":0.0,"max_hp_loss":0.0,"gold_gain":0.0,"event_name":"Living Wall","player_choice":"Grow","floor":11.0,"gold_loss":0.0,"damage_taken":0.0,"cards_upgraded":["Glacier"]},{"damage_healed":0.0,"max_hp_gain":0.0,"max_hp_loss":0.0,"gold_gain":0.0,"event_name":"Liars Game","player_choice":"Ignored","floor":13.0,"gold_loss":0.0,"damage_taken":0.0},{"damage_healed":0.0,"max_hp_gain":0.0,"max_hp_loss":0.0,"gold_gain":0.0,"event_name":"Colosseum","player_choice":"Fight","floor":20.0,"gold_loss":0.0,"damage_taken":0.0},{"damage_healed":0.0,"max_hp_gain":0.0,"max_hp_loss":0.0,"gold_gain":0.0,"event_name":"Colosseum","player_choice":"Fought Nobs","floor":20.0,"gold_loss":0.0,"damage_taken":0.0},{"damage_healed":17,"gold_gain":0,"player_choice":"Writhe","damage_taken":0,"max_hp_gain":0,"max_hp_loss":0,"event_name":"Winding Halls","floor":47,"gold_loss":0,"cards_obtained":["Writhe"]}],"is_beta":false,"boss_relics":[{"not_picked":["Philosopher\u0027s Stone","Black Star"],"picked":"Pandora\u0027s Box"},{"not_picked":["Eternal Feather","Astrolabe"],"picked":"Busted Crown"}],"items_purged_floors":[],"is_endless":false,"potions_floor_spawned":[2,3,5,8,16,20,24,25,27,28,31,35,38,48],"ascension_level":15}