{"gold_per_floor":[109,259,6,22,34,34,68,68,68,68,88,112,112,130,130,208,208,224,56,56,67,83,83,94,94,94,194,194,194,221,235,235,310,310,322,334,178,191,191],"floor_reached":39,"playtime":1965,"items_purged":["Doubt","Defend_R"],"score":767,"play_id":"a9388f7a-3b81-46c5-ad91-5a51cedd3e7c","local_time":"20180824205215","is_ascension_mode":true,"campfire_choices":[{"data":"Shockwave","floor":6.0,"key":"SMITH"},{"data":"Rampage","floor":8.0,"key":"SMITH"},{"data":"Bash","floor":10.0,"key":"SMITH"},{"data":"Metallicize","floor":15.0,"key":"SMITH"},{"data":"Flame Barrier","floor":23,"key":"SMITH"},{"floor":25,"key":"REST"},{"floor":28,"key":"DIG"},{"floor":32,"key":"REST"}],"neow_cost":"NONE","seed_source_timestamp":12962852070218,"circlet_count":0,"master_deck":["Strike_R","Strike_R","Defend_R","Defend_R","Defend_R","Bash+1","AscendersBane","Double Tap+1","Headbutt","Metallicize+1","Shockwave+1","Anger","Rampage+1","Offering","Cleave+1","Flame Barrier+1","Impervious","Shrug It Off"],"special_seed":0,"relics":["Burning Blood","Bag of Preparation","Pear","Orichalcum","Cursed Key","Omamori","Mummified Hand","Shovel","Singing Bowl","Bottled Flame","Dream Catcher","Empty Cage"],"potions_floor_usage":[27,31],"damage_taken":[{"damage":10.0,"enemies":"Small Slimes","floor":1.0,"turns":5.0},{"damage":6.0,"enemies":"2 Louse","floor":4.0,"turns":3.0},{"damage":2.0,"enemies":"Jaw Worm","floor":5.0,"turns":6.0},{"damage":30.0,"enemies":"3 Sentries","floor":7.0,"turns":7.0},{"damage":18.0,"enemies":"Exordium Wildlife","floor":11.0,"turns":4.0},{"damage":15.0,"enemies":"3 Louse","floor":14.0,"turns":5.0},{"damage":16.0,"enemies":"Hexaghost","floor":16.0,"turns":8.0},{"damage":6.0,"enemies":"Chosen","floor":18.0,"turns":2.0},{"damage":19,"enemies":"Shell Parasite","floor":21,"turns":3},{"damage":6,"enemies":"Centurion and Healer","floor":22,"turns":4},{"damage":16,"enemies":"Cultist and Chosen","floor":24,"turns":4},{"damage":15,"enemies":"Colosseum Slavers","floor":27,"turns":5},{"damage":22,"enemies":"Colosseum Nobs","floor":27,"turns":4},{"damage":11,"enemies":"Slavers","floor":30,"turns":4},{"damage":24,"enemies":"Snake Plant","floor":31,"turns":3},{"damage":50,"enemies":"Champ","floor":33,"turns":9},{"damage":15,"enemies":"Orb Walker","floor":35,"turns":4},{"damage":15,"enemies":"3 Shapes","floor":36,"turns":15},{"damage":20,"enemies":"Flame Bruiser 2 Orb","floor":38,"turns":6},{"damage":52,"enemies":"Maw","floor":39,"turns":7}],"seed_played":"-1081550363535880498","potions_obtained":[{"floor":4.0,"key":"Dexterity Potion"},{"floor":11.0,"key":"Swift Potion"},{"floor":27,"key":"Poison Potion"},{"floor":33,"key":"SteroidPotion"}],"is_trial":false,"path_per_floor":["M","?","$","M","M","R","E","R","T","R","M","T","?","M","R","B",null,"M","$","?","M","M","R","M","R","T","?","R","?","E","M","R","B",null,"M","M","$","M"],"character_chosen":"IRONCLAD","items_purchased":["Regen Potion","Metallicize","Omamori","Shrug It Off"],"campfire_rested":2,"item_purchase_floors":[3,3,19,37],"current_hp_per_floor":[64,64,64,64,68,68,59,59,69,69,57,57,57,48,48,38,73,73,73,73,60,60,60,50,75,75,52,52,52,49,33,62,18,74,67,60,60,48,0],"gold":191,"neow_bonus":"TRANSFORM_CARD","is_prod":false,"is_daily":false,"chose_seed":false,"campfire_upgraded":5,"win_rate":0,"timestamp":1535169135,"path_taken":["M","?","$","M","M","R","E","R","T","R","M","?","?","?","R","BOSS","M","$","?","M","?","R","M","R","T","?","R","?","E","M","R","BOSS","M","?","$","M","M"],"build_version":"2018-08-23v2","purchased_purges":2,"victory":false,"max_hp_per_floor":[75,75,75,75,75,75,75,75,85,85,85,85,85,85,85,85,85,85,85,85,85,85,85,85,85,85,87,87,87,89,91,93,93,93,95,97,97,99,99],"card_choices":[{"not_picked":["Flex","Body Slam"],"picked":"Headbutt","floor":1.0},{"not_picked":["Havoc","True Grit"],"picked":"Shockwave","floor":4.0},{"not_picked":["Feel No Pain","Pommel Strike"],"picked":"Anger","floor":5.0},{"not_picked":["Exhume","Clothesline"],"picked":"Rampage","floor":7.0},{"not_picked":["Havoc","Hemokinesis","Anger"],"picked":"SKIP","floor":11.0},{"not_picked":["Body Slam","Flex","Blood for Blood"],"picked":"SKIP","floor":14.0},{"not_picked":["Impervious","Berserk"],"picked":"Offering","floor":16.0},{"not_picked":["True Grit","Reckless Charge"],"picked":"Cleave+1","floor":18.0},{"not_picked":["Pommel Strike","Cleave+1"],"picked":"Flame Barrier","floor":21},{"not_picked":["Rupture","Armaments","Perfected Strike"],"picked":"SKIP","floor":22},{"not_picked":["Uppercut","Anger","Wild Strike"],"picked":"SKIP","floor":24},{"not_picked":["Evolve","Searing Blow","Reckless Charge"],"picked":"Singing Bowl","floor":27},{"not_picked":["Pommel Strike+1","Iron Wave","True Grit"],"picked":"Singing Bowl","floor":30},{"not_picked":["Thunderclap","Havoc","Blood for Blood"],"picked":"Singing Bowl","floor":31},{"not_picked":["Limit Break","Armaments","Feel No Pain"],"picked":"Singing Bowl","floor":32},{"not_picked":["Feed","Fiend Fire"],"picked":"Impervious","floor":33},{"not_picked":["Seeing Red","Thunderclap+1","True Grit"],"picked":"Singing Bowl","floor":35},{"not_picked":["Thunderclap","Clash","Combust"],"picked":"Singing Bowl","floor":36},{"not_picked":["Heavy Blade","Blood for Blood+1","Warcry"],"picked":"Singing Bowl","floor":38}],"player_experience":1036003,"relics_obtained":[{"floor":7.0,"key":"Bag of Preparation"},{"floor":9.0,"key":"Pear"},{"floor":12.0,"key":"Orichalcum"},{"floor":26,"key":"Mummified Hand"},{"floor":27,"key":"Shovel"},{"floor":27,"key":"Singing Bowl"},{"floor":28,"key":"Bottled Flame"},{"floor":30,"key":"Dream Catcher"}],"event_choices":[{"event_name":"Liars Game","player_choice":"agreed","floor":2.0,"damage_taken":0.0},{"event_name":"Upgrade Shrine","player_choice":"Upgraded","floor":13.0,"damage_taken":0.0},{"event_name":"FaceTrader","player_choice":"Leave","floor":20,"damage_taken":0},{"event_name":"Colosseum","player_choice":"Fight","floor":27,"damage_taken":0},{"event_name":"Colosseum","player_choice":"Fought Nobs","floor":27,"damage_taken":0},{"event_name":"Ghosts","player_choice":"Ignored","floor":29,"damage_taken":0}],"is_beta":false,"boss_relics":[{"not_picked":["Tiny House","Philosopher\u0027s Stone"],"picked":"Cursed Key"},{"not_picked":["Snecko Eye","Runic Pyramid"],"picked":"Empty Cage"}],"items_purged_floors":[3,37],"is_endless":false,"potions_floor_spawned":[4,11,16,18,22,27,27,33,35,38],"killed_by":"Maw","ascension_level":17}