{"gold_per_floor":[219,219,233,150,165,197,197,228,228,248,258,284,284,302,302,373,373,385,385,41,54,104,104,129,161,161,161,161,37,37,47,47,121,121,134,9,9,23,23,54,54,54,54,82,97,130,130,140,140,140],"floor_reached":51,"playtime":2340,"items_purged":["Regret","Normality","Injury"],"score":1372,"play_id":"da531da8-74f8-4d76-b909-7e942bb4caff","local_time":"20181110182503","is_ascension_mode":true,"campfire_choices":[{"data":"Streamline","floor":7.0,"key":"SMITH"},{"floor":13.0,"key":"REST"},{"data":"Capacitor","floor":15.0,"key":"SMITH"},{"data":"Defragment","floor":23.0,"key":"SMITH"},{"floor":27.0,"key":"REST"},{"data":"Dualcast","floor":28.0,"key":"SMITH"},{"data":"Blizzard","floor":32.0,"key":"SMITH"},{"floor":41.0,"key":"REST"},{"floor":47,"key":"REST"},{"data":"Defragment","floor":49,"key":"SMITH"}],"neow_cost":"NONE","seed_source_timestamp":38789198554945,"circlet_count":0,"master_deck":["AscendersBane","Zap+1","Dualcast+1","Glacier","Leap","Streamline+1","Capacitor+1","Core Surge","Sweeping Beam","Ball Lightning","Compile Driver","Biased Cognition","Steam","Chill","Defragment+1","Cold Snap","Defragment+1","Glacier","Barrage","Blizzard+1","Electrodynamics","Gash","Defragment+1","Conserve Battery","Redo","Turbo","Leap","Go for the Eyes","Compile Driver+1","Recycle","Barrage","Defragment","Machine Learning","Leap"],"special_seed":0,"relics":["Cracked Core","Potion Belt","WingedGreaves","Question Card","Oddly Smooth Stone","Calling Bell","Art of War","Pear","Incense Burner","DataDisk","Dodecahedron","Unceasing Top","Ginger","Pandora\u0027s Box","FaceOfCleric","Anchor","Meat on the Bone","Prayer Wheel","Centennial Puzzle"],"potions_floor_usage":[50,50,50],"damage_taken":[{"damage":2.0,"enemies":"Jaw Worm","floor":1.0,"turns":4.0},{"damage":1.0,"enemies":"Cultist","floor":3.0,"turns":4.0},{"damage":0.0,"enemies":"Small Slimes","floor":5.0,"turns":5.0},{"damage":22.0,"enemies":"3 Sentries","floor":6.0,"turns":9.0},{"damage":20.0,"enemies":"Gremlin Nob","floor":8.0,"turns":4.0},{"damage":0.0,"enemies":"Blue Slaver","floor":10.0,"turns":4.0},{"damage":11.0,"enemies":"Exordium Thugs","floor":11.0,"turns":4.0},{"damage":10.0,"enemies":"3 Sentries","floor":12.0,"turns":11.0},{"damage":0.0,"enemies":"3 Louse","floor":14.0,"turns":1.0},{"damage":23.0,"enemies":"Hexaghost","floor":16.0,"turns":11.0},{"damage":3.0,"enemies":"Chosen","floor":18.0,"turns":5.0},{"damage":5.0,"enemies":"Shell Parasite","floor":21.0,"turns":5.0},{"damage":6.0,"enemies":"Gremlin Leader","floor":24.0,"turns":8.0},{"damage":21.0,"enemies":"Slavers","floor":25.0,"turns":6.0},{"damage":0.0,"enemies":"Snecko","floor":31.0,"turns":7.0},{"damage":4.0,"enemies":"Champ","floor":33.0,"turns":21.0},{"damage":9.0,"enemies":"3 Shapes","floor":35.0,"turns":6.0},{"damage":0.0,"enemies":"Orb Walker","floor":38.0,"turns":6.0},{"damage":14.0,"enemies":"Reptomancer","floor":40.0,"turns":9.0},{"damage":6.0,"enemies":"Giant Head","floor":44.0,"turns":10.0},{"damage":7,"enemies":"Transient","floor":45,"turns":5},{"damage":13,"enemies":"Nemesis","floor":46,"turns":9},{"damage":0,"enemies":"Spire Growth","floor":48,"turns":6},{"damage":32,"enemies":"Time Eater","floor":50,"turns":11}],"seed_played":"5616732456456514946","potions_obtained":[{"floor":1.0,"key":"Regen Potion"},{"floor":3.0,"key":"GamblersBrew"},{"floor":10.0,"key":"GamblersBrew"},{"floor":12.0,"key":"Explosive Potion"},{"floor":18.0,"key":"PowerPotion"},{"floor":25.0,"key":"PowerPotion"},{"floor":31.0,"key":"SneckoOil"},{"floor":33.0,"key":"SteroidPotion"},{"floor":40.0,"key":"LiquidBronze"},{"floor":46,"key":"EssenceOfSteel"}],"is_trial":false,"path_per_floor":["M","?","M","$","M","E","R","E","T","M","M","E","R","M","R","B",null,"M","?","$","M","?","R","E","E","T","R","R","$","?","M","R","B",null,"M","$","?","M","$","E","R","?","T","E","M","E","R","M","R","B",null],"character_chosen":"DEFECT","items_purchased":["Streamline","Capacitor","Defragment","DataDisk","PowerPotion","Barrage"],"campfire_rested":4,"item_purchase_floors":[4,4,20,20,20,29],"current_hp_per_floor":[62,62,61,61,61,39,39,19,19,19,8,13,34,34,34,11,66,63,63,63,58,58,58,52,31,31,55,55,55,55,55,55,51,74,65,65,65,66,66,53,77,77,77,72,66,54,79,80,80,49],"gold":140,"neow_bonus":"HUNDRED_GOLD","is_prod":false,"is_daily":false,"chose_seed":false,"campfire_upgraded":6,"win_rate":0,"timestamp":1541903103,"path_taken":["M","?","M","$","M","E","R","E","T","?","M","E","R","M","R","BOSS","M","?","$","M","?","R","E","E","T","R","R","$","?","M","R","BOSS","M","$","?","M","?","E","R","?","T","E","?","E","R","M","R","BOSS"],"build_version":"2018-11-08","purchased_purges":3,"victory":true,"max_hp_per_floor":[71,71,71,71,71,71,71,71,71,71,71,71,71,71,71,71,81,81,81,81,81,81,81,81,81,81,81,81,81,81,81,81,81,81,81,81,81,82,82,83,83,83,83,84,85,86,86,87,87,88],"card_choices":[{"not_picked":["Reinforced Body","FTL"],"picked":"Glacier","floor":1.0},{"not_picked":["Coolheaded","Leap","Beam Cell"],"picked":"SKIP","floor":3.0},{"not_picked":["Coolheaded","Beam Cell"],"picked":"Leap","floor":3.0},{"not_picked":["Redo","Gash"],"picked":"Core Surge","floor":5.0},{"not_picked":["Redo","Coolheaded"],"picked":"Sweeping Beam","floor":6.0},{"not_picked":["Force Field","Sweeping Beam","Lockon"],"picked":"SKIP","floor":8.0},{"not_picked":["Double Energy","Beam Cell","Gash","Streamline"],"picked":"SKIP","floor":10.0},{"not_picked":["Coolheaded","Rip and Tear","Hologram","Gash"],"picked":"SKIP","floor":11.0},{"not_picked":["Go for the Eyes","Lockon","Consume"],"picked":"Ball Lightning","floor":12.0},{"not_picked":["Steam","Cold Snap","Coolheaded"],"picked":"Compile Driver","floor":14.0},{"not_picked":["Rainbow","All For One","Reboot"],"picked":"Biased Cognition","floor":16.0},{"not_picked":["Coolheaded","Doom and Gloom","Gash"],"picked":"Steam","floor":18.0},{"not_picked":["Chaos","Skim","Self Repair"],"picked":"Cold Snap","floor":21.0},{"not_picked":["Sweeping Beam","Meteor Strike","Genetic Algorithm"],"picked":"Defragment+1","floor":24.0},{"not_picked":["Steam Power","Sweeping Beam+1","Force Field"],"picked":"Glacier","floor":25.0},{"not_picked":["Beam Cell","Turbo","Scrape"],"picked":"Blizzard","floor":31.0},{"not_picked":["Fission","Multi-Cast","Rainbow"],"picked":"Electrodynamics","floor":33.0},{"not_picked":["Conserve Battery+1","Melter","Hologram"],"picked":"Compile Driver+1","floor":35.0},{"not_picked":["Auto Shields+1","Ball Lightning","Go for the Eyes+1","Turbo"],"picked":"SKIP","floor":38.0},{"not_picked":["Genetic Algorithm+1","All For One","Electrodynamics"],"picked":"Recycle","floor":40.0},{"not_picked":["Redo","Static Discharge","Go for the Eyes","Ball Lightning"],"picked":"SKIP","floor":44.0},{"not_picked":["Sweeping Beam","Static Discharge+1","Aggregate","Beam Cell"],"picked":"SKIP","floor":45},{"not_picked":["Chill+1","Rebound+1","Genetic Algorithm","Sweeping Beam"],"picked":"SKIP","floor":45},{"not_picked":["Beam Cell","Doom and Gloom","Cold Snap"],"picked":"Defragment","floor":46},{"not_picked":["Gash","Skim","Aggregate+1"],"picked":"Machine Learning","floor":48},{"not_picked":["Turbo+1","Recycle+1","Rip and Tear"],"picked":"Leap","floor":48}],"player_experience":1622786,"relics_obtained":[{"floor":6.0,"key":"Potion Belt"},{"floor":8.0,"key":"WingedGreaves"},{"floor":9.0,"key":"Question Card"},{"floor":12.0,"key":"Oddly Smooth Stone"},{"floor":17.0,"key":"Art of War"},{"floor":17.0,"key":"Pear"},{"floor":17.0,"key":"Incense Burner"},{"floor":24.0,"key":"Dodecahedron"},{"floor":25.0,"key":"Unceasing Top"},{"floor":26.0,"key":"Ginger"},{"floor":40.0,"key":"Anchor"},{"floor":43.0,"key":"Meat on the Bone"},{"floor":44.0,"key":"Prayer Wheel"},{"floor":46,"key":"Centennial Puzzle"}],"event_choices":[{"damage_healed":0.0,"max_hp_gain":0.0,"max_hp_loss":0.0,"gold_gain":0.0,"event_name":"Upgrade Shrine","player_choice":"Upgraded","floor":2.0,"gold_loss":0.0,"damage_taken":0.0,"cards_upgraded":["Zap"]},{"damage_healed":0.0,"max_hp_gain":0.0,"max_hp_loss":0.0,"gold_gain":0.0,"event_name":"The Library","player_choice":"Read","floor":19.0,"gold_loss":0.0,"damage_taken":0.0,"cards_obtained":["Chill"]},{"damage_healed":0.0,"max_hp_gain":0.0,"max_hp_loss":0.0,"gold_gain":50.0,"event_name":"Nest","player_choice":"Stole From Cult","floor":22.0,"gold_loss":0.0,"damage_taken":0.0},{"damage_healed":0.0,"max_hp_gain":0.0,"max_hp_loss":0.0,"gold_gain":0.0,"event_name":"FaceTrader","player_choice":"Trade","floor":37.0,"gold_loss":0.0,"damage_taken":0.0,"relics_obtained":["FaceOfCleric"]},{"damage_healed":0.0,"max_hp_gain":0.0,"max_hp_loss":0.0,"gold_gain":0.0,"cards_transformed":["Gash"],"event_name":"Transmorgrifier","player_choice":"Transformed","floor":42.0,"gold_loss":0.0,"damage_taken":0.0,"cards_obtained":["Barrage"]}],"is_beta":false,"boss_relics":[{"not_picked":["Runic Dome","Black Star"],"picked":"Calling Bell"},{"not_picked":["Astrolabe","Lizard Tail"],"picked":"Pandora\u0027s Box"}],"items_purged_floors":[20,29,36],"is_endless":false,"potions_floor_spawned":[1,3,10,12,18,25,31,33,40,46,48],"ascension_level":15}