{"gold_per_floor":[112,112,37,37,84,84,116,132,132,158,173,207,207,222,222,321,321,341,241,241,241,241,268,302,317,342,369,369,388,420,437,437,538,538,556,556,143,163,163,197,197,230,276,310,84,100,126,126,126,126,126,126,1,31,31],"floor_reached":56,"playtime":2701,"items_purged":["Strike_B","Strike_B","Strike_B","Strike_B+1","Defend_B"],"score":1909,"play_id":"0ac1becc-86a5-4714-a482-0a9fa965cfe7","local_time":"20190110173548","is_ascension_mode":true,"campfire_choices":[{"data":"Darkness","floor":6.0,"key":"SMITH"},{"data":"Hologram","floor":15.0,"key":"SMITH"},{"data":"Consume","floor":32.0,"key":"SMITH"},{"data":"Seek","floor":41,"key":"SMITH"},{"floor":49,"key":"RECALL"},{"data":"Ghostly","floor":52,"key":"SMITH"}],"neow_cost":"NONE","seed_source_timestamp":822727620121,"circlet_count":0,"master_deck":["Defend_B+1","Defend_B","Zap","Dualcast","Darkness+1","Multi-Cast","Hologram+1","Leap","Consume+1","Echo Form","Coolheaded","Ghostly+1","Ghostly","Ghostly","Ghostly","Ghostly","Seek+1","Ghostly","Capacitor","Creative AI","Defragment+1"],"special_seed":0,"relics":["Cracked Core","NeowsBlessing","PreservedInsect","Thread and Needle","WingedGreaves","Ginger","Mummified Hand","Velvet Choker","Enchiridion","Cables","Bird Faced Urn","Happy Flower","Mango","Singing Bowl","Inserter","Membership Card","Letter Opener","Dream Catcher","Pear","Incense Burner","Bag of Preparation","Juzu Bracelet","Vajra","Pen Nib"],"potions_floor_usage":[55,55],"damage_taken":[{"damage":0.0,"enemies":"2 Louse","floor":1.0,"turns":1.0},{"damage":0.0,"enemies":"3 Sentries","floor":7.0,"turns":1.0},{"damage":0.0,"enemies":"Jaw Worm","floor":8.0,"turns":1.0},{"damage":0.0,"enemies":"Lagavulin","floor":10.0,"turns":4.0},{"damage":0.0,"enemies":"Cultist","floor":11.0,"turns":3.0},{"damage":0.0,"enemies":"3 Sentries","floor":12.0,"turns":4.0},{"damage":0.0,"enemies":"3 Louse","floor":14.0,"turns":4.0},{"damage":0.0,"enemies":"The Guardian","floor":16.0,"turns":8.0},{"damage":0.0,"enemies":"Chosen","floor":18.0,"turns":4.0},{"damage":0.0,"enemies":"Book of Stabbing","floor":23.0,"turns":5.0},{"damage":0.0,"enemies":"Gremlin Leader","floor":24.0,"turns":5.0},{"damage":0.0,"enemies":"3 Byrds","floor":25.0,"turns":5.0},{"damage":0.0,"enemies":"Slavers","floor":27.0,"turns":5.0},{"damage":0.0,"enemies":"Snecko","floor":29.0,"turns":6.0},{"damage":0.0,"enemies":"Gremlin Leader","floor":30.0,"turns":5.0},{"damage":0.0,"enemies":"Snake Plant","floor":31.0,"turns":2.0},{"damage":0,"enemies":"Automaton","floor":33,"turns":8},{"damage":0,"enemies":"Orb Walker","floor":35,"turns":5},{"damage":0,"enemies":"3 Shapes","floor":38,"turns":4},{"damage":2,"enemies":"Nemesis","floor":40,"turns":7},{"damage":0,"enemies":"Giant Head","floor":42,"turns":6},{"damage":0,"enemies":"Nemesis","floor":44,"turns":5},{"damage":0,"enemies":"Jaw Worm Horde","floor":46,"turns":4},{"damage":0,"enemies":"Reptomancer","floor":47,"turns":4},{"damage":0,"enemies":"Awakened One","floor":50,"turns":7},{"damage":0,"enemies":"Shield and Spear","floor":54,"turns":6},{"damage":26,"enemies":"The Heart","floor":55,"turns":10}],"seed_played":"4409232916201793220","potions_obtained":[{"floor":1.0,"key":"PowerPotion"},{"floor":7.0,"key":"Fire Potion"},{"floor":11.0,"key":"FearPotion"},{"floor":16.0,"key":"Energy Potion"},{"floor":18.0,"key":"LiquidBronze"},{"floor":31.0,"key":"AttackPotion"},{"floor":35,"key":"Explosive Potion"},{"floor":36,"key":"Dexterity Potion"},{"floor":46,"key":"LiquidBronze"}],"is_trial":false,"path_per_floor":["M","?","$","?","T","R","E","M","T","E","M","E","?","M","R","B",null,"M","$","?","?","?","E","E","M","T","E","?","M","E","M","R","B",null,"M","?","$","M","?","E","R","E","T","E","$","M","E","?","R","B",null,"R","$","E","B",null],"character_chosen":"DEFECT","items_purchased":["Membership Card","Letter Opener","Ancient Potion","Bag of Preparation","Juzu Bracelet","LiquidBronze"],"campfire_rested":0,"item_purchase_floors":[37,37,37,45,45,53],"current_hp_per_floor":[75,60,60,53,53,53,53,53,53,53,53,53,58,58,58,58,80,80,80,65,49,42,42,42,42,42,56,56,56,58,58,58,58,58,60,60,60,62,59,59,59,71,71,73,73,75,77,77,77,77,77,77,77,79,71],"gold":31,"neow_bonus":"THREE_ENEMY_KILL","is_prod":false,"is_daily":false,"chose_seed":false,"campfire_upgraded":5,"win_rate":0,"timestamp":1547112948,"path_taken":["M","?","$","?","?","R","E","M","T","E","?","E","?","M","R","BOSS","M","$","?","?","?","E","E","M","T","E","?","M","E","M","R","BOSS","M","?","?","M","?","E","R","E","T","E","$","M","E","?","R","BOSS","R","$","E","BOSS"],"build_version":"2019-01-09","purchased_purges":5,"victory":true,"max_hp_per_floor":[75,75,75,75,75,75,75,75,75,75,75,75,80,80,80,80,80,80,80,85,85,42,42,42,42,42,56,56,56,58,58,58,58,58,60,60,60,62,59,59,59,71,71,73,73,75,77,77,77,77,77,77,77,79,79],"card_choices":[{"not_picked":["Gash","Leap"],"picked":"Darkness","floor":1.0},{"not_picked":["Steam","Redo"],"picked":"Multi-Cast","floor":7.0},{"not_picked":["Ball Lightning","FTL","Storm"],"picked":"SKIP","floor":8.0},{"not_picked":["Stack","Rip and Tear"],"picked":"Hologram","floor":10.0},{"not_picked":["Ball Lightning","Rebound"],"picked":"Leap","floor":11.0},{"not_picked":["Leap","Barrage"],"picked":"Consume","floor":12.0},{"not_picked":["Storm","Compile Driver","Streamline"],"picked":"SKIP","floor":14.0},{"not_picked":["Storm","Compile Driver","Streamline"],"picked":"SKIP","floor":14.0},{"not_picked":["Machine Learning","Meteor Strike"],"picked":"Echo Form","floor":16.0},{"not_picked":["Streamline","Sweeping Beam"],"picked":"Coolheaded","floor":18.0},{"not_picked":["Blizzard","Lockon+1","Doom and Gloom"],"picked":"SKIP","floor":23.0},{"not_picked":["Ball Lightning+1","Redo","Conserve Battery+1"],"picked":"SKIP","floor":24.0},{"not_picked":["Cold Snap","Barrage","Rip and Tear+1"],"picked":"SKIP","floor":25.0},{"not_picked":["FTL+1","Beam Cell"],"picked":"Seek","floor":27.0},{"not_picked":["Leap","Auto Shields+1","Rebound"],"picked":"SKIP","floor":29.0},{"not_picked":["Barrage","Darkness+1","Go for the Eyes"],"picked":"Singing Bowl","floor":30.0},{"not_picked":["Conserve Battery","Aggregate"],"picked":"Capacitor","floor":31.0},{"not_picked":["Buffer","Amplify"],"picked":"Creative AI","floor":33},{"not_picked":["Steam","Chill","Blizzard+1"],"picked":"Singing Bowl","floor":35},{"not_picked":["Double Energy","White Noise+1","Compile Driver"],"picked":"Singing Bowl","floor":38},{"not_picked":["Recycle+1","Redo+1"],"picked":"Defragment+1","floor":40},{"not_picked":["Multi-Cast","Rebound","Hologram+1"],"picked":"Singing Bowl","floor":42},{"not_picked":["Leap+1","Heatsinks+1","Aggregate+1"],"picked":"Singing Bowl","floor":44},{"not_picked":["Leap","Conserve Battery+1","Blizzard+1"],"picked":"Singing Bowl","floor":46},{"not_picked":["Rebound","Go for the Eyes","Steam+1"],"picked":"Singing Bowl","floor":47},{"not_picked":["Static Discharge+1","Sunder+1","Turbo"],"picked":"Singing Bowl","floor":54}],"player_experience":1236107,"relics_obtained":[{"floor":5.0,"key":"PreservedInsect"},{"floor":7.0,"key":"Thread and Needle"},{"floor":9.0,"key":"WingedGreaves"},{"floor":10.0,"key":"Ginger"},{"floor":12.0,"key":"Mummified Hand"},{"floor":21.0,"key":"Enchiridion"},{"floor":23.0,"key":"Cables"},{"floor":24.0,"key":"Bird Faced Urn"},{"floor":26.0,"key":"Happy Flower"},{"floor":27.0,"key":"Mango"},{"floor":30.0,"key":"Singing Bowl"},{"floor":40,"key":"Dream Catcher"},{"floor":42,"key":"Pear"},{"floor":44,"key":"Incense Burner"},{"floor":47,"key":"Vajra"},{"floor":54,"key":"Pen Nib"}],"event_choices":[{"damage_healed":0.0,"max_hp_gain":0.0,"max_hp_loss":0.0,"gold_gain":0.0,"event_name":"Shining Light","player_choice":"Entered Light","floor":2.0,"gold_loss":0.0,"damage_taken":15.0,"cards_upgraded":["Defend_B","Strike_B"]},{"cards_removed":["Defend_B"],"damage_healed":0.0,"max_hp_gain":0.0,"max_hp_loss":0.0,"gold_gain":0.0,"event_name":"Golden Wing","player_choice":"Card Removal","floor":4.0,"gold_loss":0.0,"damage_taken":7.0},{"damage_healed":0.0,"max_hp_gain":5.0,"max_hp_loss":0.0,"gold_gain":0.0,"event_name":"Big Fish","player_choice":"Donut","floor":13.0,"gold_loss":0.0,"damage_taken":0.0},{"damage_healed":0.0,"max_hp_gain":5.0,"max_hp_loss":0.0,"gold_gain":0.0,"event_name":"Forgotten Altar","player_choice":"Shed Blood","floor":20.0,"gold_loss":0.0,"damage_taken":20.0},{"damage_healed":0.0,"max_hp_gain":0.0,"max_hp_loss":0.0,"gold_gain":0.0,"event_name":"Cursed Tome","player_choice":"Obtained Book","floor":21.0,"gold_loss":0.0,"damage_taken":16.0},{"damage_healed":0.0,"max_hp_gain":0.0,"max_hp_loss":43.0,"gold_gain":0.0,"event_name":"Ghosts","player_choice":"Became a Ghost","floor":22.0,"gold_loss":0.0,"damage_taken":0.0,"cards_obtained":["Ghostly","Ghostly","Ghostly","Ghostly","Ghostly"]},{"damage_healed":0.0,"max_hp_gain":0.0,"max_hp_loss":0.0,"gold_gain":0.0,"event_name":"Duplicator","player_choice":"Copied","floor":28.0,"gold_loss":0.0,"damage_taken":0.0,"cards_obtained":["Ghostly"]},{"damage_healed":0,"gold_gain":0,"player_choice":"Got Potions","damage_taken":0,"max_hp_gain":0,"max_hp_loss":0,"event_name":"Lab","floor":36,"gold_loss":0},{"damage_healed":0,"gold_gain":0,"player_choice":"Max HP","damage_taken":0,"max_hp_gain":0,"max_hp_loss":3,"event_name":"Winding Halls","floor":39,"gold_loss":0},{"damage_healed":0,"gold_gain":0,"player_choice":"Ignored","damage_taken":0,"max_hp_gain":0,"max_hp_loss":0,"event_name":"Tomb of Lord Red Mask","floor":48,"gold_loss":0}],"is_beta":true,"boss_relics":[{"not_picked":["Snecko Eye","Astrolabe"],"picked":"Velvet Choker"},{"not_picked":["Runic Pyramid","Orrery"],"picked":"Inserter"}],"items_purged_floors":[3,19,37,45,53],"is_endless":false,"potions_floor_spawned":[1,7,11,16,18,25,31,35,38,42,46],"ascension_level":1}