{"gold_per_floor":[111,111,123,139,32,32,60,60,111,141,141,152,202,216,216,294,294,294,68,68,68,68,68,68,68,68,68,68,68,68,68,68,68,68,68,68,0,0,0,0,0,0,0,0,0,0,0,0,0,0],"floor_reached":51,"playtime":3426,"items_purged":[],"score":1412,"play_id":"5e7beaa8-8a4a-4012-af5f-b66a4b869435","local_time":"20180829125001","is_ascension_mode":true,"campfire_choices":[{"data":"Footwork","floor":6.0,"key":"SMITH"},{"data":"Cloak And Dagger","floor":8.0,"key":"SMITH"},{"data":"Terror","floor":15.0,"key":"SMITH"},{"floor":24,"key":"REST"},{"floor":27,"key":"REST"},{"floor":32,"key":"REST"},{"floor":40,"key":"REST"},{"floor":42,"key":"REST"},{"data":"Neutralize","floor":45,"key":"SMITH"},{"data":"Leg Sweep","floor":47,"key":"SMITH"},{"data":"Noxious Fumes","floor":49,"key":"SMITH"}],"neow_cost":"NONE","seed_source_timestamp":0,"circlet_count":0,"master_deck":["Defend_G","Defend_G","Defend_G+1","Defend_G","Strike_G","Strike_G","Strike_G","Survivor","Neutralize+1","AscendersBane","Leg Sweep+1","Flying Knee","Malaise+1","Sucker Punch","Footwork+1","Masterful Stab","Cloak And Dagger+1","Dagger Spray","Terror+1","After Image","Backflip","Well Laid Plans","Decay","Dagger Spray","Noxious Fumes+1","Cloak And Dagger","Deadly Poison+1","Footwork+1","Dash","Backstab+1","Backflip+1","After Image+1"],"special_seed":0,"relics":["Ring of the Snake","Centennial Puzzle","Strawberry","Question Card","Ectoplasm","War Paint","Darkstone Periapt","Ornamental Fan","Paper Crane","Bag of Preparation","Frozen Egg 2","Empty Cage","Mango","Blue Candle","Smiling Mask","Singing Bowl","Incense Burner"],"potions_floor_usage":[23,25,33,50],"damage_taken":[{"damage":0.0,"enemies":"2 Louse","floor":1.0,"turns":4.0},{"damage":1.0,"enemies":"Cultist","floor":3.0,"turns":5.0},{"damage":11.0,"enemies":"Jaw Worm","floor":4.0,"turns":6.0},{"damage":14.0,"enemies":"3 Sentries","floor":7.0,"turns":11.0},{"damage":16.0,"enemies":"Gremlin Nob","floor":10.0,"turns":5.0},{"damage":1.0,"enemies":"2 Fungi Beasts","floor":12.0,"turns":4.0},{"damage":0.0,"enemies":"Blue Slaver","floor":14.0,"turns":5.0},{"damage":20.0,"enemies":"Slime Boss","floor":16.0,"turns":10.0},{"damage":0.0,"enemies":"Shell Parasite","floor":18.0,"turns":5.0},{"damage":14.0,"enemies":"Spheric Guardian","floor":21.0,"turns":5.0},{"damage":23,"enemies":"Slavers","floor":23,"turns":11},{"damage":8,"enemies":"Book of Stabbing","floor":25,"turns":6},{"damage":0,"enemies":"Chosen and Byrds","floor":28,"turns":9},{"damage":11,"enemies":"3 Cultists","floor":29,"turns":6},{"damage":16,"enemies":"Gremlin Leader","floor":30,"turns":10},{"damage":2,"enemies":"Snake Plant","floor":31,"turns":5},{"damage":13,"enemies":"Collector","floor":33,"turns":14},{"damage":16,"enemies":"Flame Bruiser 1 Orb","floor":35,"turns":10},{"damage":0,"enemies":"Orb Walker","floor":36,"turns":5},{"damage":0,"enemies":"Mind Bloom Boss Battle","floor":38,"turns":9},{"damage":13,"enemies":"3 Darklings","floor":39,"turns":5},{"damage":16,"enemies":"Sphere and 2 Shapes","floor":41,"turns":8},{"damage":12,"enemies":"2 Orb Walkers","floor":44,"turns":9},{"damage":0,"enemies":"Nemesis","floor":46,"turns":11},{"damage":8,"enemies":"Giant Head","floor":48,"turns":12},{"damage":40,"enemies":"Time Eater","floor":50,"turns":23}],"seed_played":"-1096134939172483400","potions_obtained":[{"floor":4.0,"key":"Dexterity Potion"},{"floor":7.0,"key":"SpeedPotion"},{"floor":14.0,"key":"Poison Potion"},{"floor":23,"key":"Strength Potion"},{"floor":25,"key":"SneckoOil"},{"floor":28,"key":"Weak Potion"},{"floor":30,"key":"Ancient Potion"},{"floor":31,"key":"PowerPotion"},{"floor":35,"key":"LiquidBronze"},{"floor":44,"key":"SpeedPotion"},{"floor":48,"key":"Dexterity Potion"}],"is_trial":false,"path_per_floor":["M","?","M","M","$","R","E","R","T","E","?","M","?","M","R","B",null,"M","$","?","M","T","E","R","E","T","R","M","M","E","M","R","B",null,"M","M","$","?","M","R","M","R","T","E","R","E","R","E","R","B"],"character_chosen":"THE_SILENT","items_purchased":["Footwork","Masterful Stab","Well Laid Plans","War Paint","Footwork+1"],"campfire_rested":5,"item_purchase_floors":[5,5,19,19,37],"current_hp_per_floor":[59,59,58,47,47,47,33,33,40,24,24,23,23,23,23,3,56,56,56,56,42,42,19,40,32,32,53,53,42,26,24,45,32,63,47,47,47,61,48,74,58,84,84,72,72,74,74,66,66,26],"gold":0,"neow_bonus":"THREE_CARDS","is_prod":false,"is_daily":false,"chose_seed":false,"campfire_upgraded":6,"win_rate":0,"timestamp":1535572201,"path_taken":["M","?","M","M","$","R","E","R","T","E","?","M","?","M","R","BOSS","M","$","?","?","?","E","R","E","T","R","M","M","E","M","R","BOSS","M","M","$","?","M","R","M","R","T","E","R","E","R","E","R","BOSS"],"build_version":"2018-08-23v2","purchased_purges":0,"victory":true,"max_hp_per_floor":[66,66,66,66,66,66,66,66,73,73,73,73,73,73,73,73,73,73,73,73,73,73,73,73,73,73,73,73,73,73,73,73,73,73,73,73,73,87,87,87,87,87,87,87,87,89,89,89,89,89],"card_choices":[{"not_picked":["Flying Knee","PiercingWail"],"picked":"Leg Sweep","floor":0.0},{"not_picked":["Prepared","Finisher"],"picked":"Flying Knee","floor":1.0},{"not_picked":["PiercingWail","Acrobatics","Bane"],"picked":"SKIP","floor":3.0},{"not_picked":["Prepared","Acrobatics"],"picked":"Sucker Punch","floor":4.0},{"not_picked":["Riddle With Holes","Flying Knee"],"picked":"Cloak And Dagger","floor":7.0},{"not_picked":["Concentrate","Backflip"],"picked":"Dagger Spray","floor":10.0},{"not_picked":["Quick Slash","Backflip","Malaise"],"picked":"Terror","floor":12.0},{"not_picked":["Masterful Stab","Quick Slash","Sucker Punch","Deadly Poison"],"picked":"SKIP","floor":14.0},{"not_picked":["Storm of Steel","Doppelganger","Envenom"],"picked":"After Image","floor":16.0},{"not_picked":["Deflect","All Out Attack","Flying Knee"],"picked":"Backflip","floor":18.0},{"not_picked":["All Out Attack","Slice+1","Infinite Blades"],"picked":"Dagger Spray","floor":21.0},{"not_picked":["Distraction","All Out Attack","Dagger Throw"],"picked":"Noxious Fumes","floor":23},{"not_picked":["Setup","Underhanded Strike","Blade Dance","All Out Attack"],"picked":"SKIP","floor":25},{"not_picked":["Slice","Flying Knee","Deadly Poison+1","Underhanded Strike"],"picked":"SKIP","floor":28},{"not_picked":["Doppelganger","Heel Hook","Poisoned Stab"],"picked":"Cloak And Dagger","floor":29},{"not_picked":["Underhanded Strike","Glass Knife","Quick Slash","Deadly Poison+1"],"picked":"SKIP","floor":30},{"not_picked":["Dagger Spray","Concentrate","Accuracy+1","Prepared"],"picked":"SKIP","floor":31},{"not_picked":["Bouncing Flask","Acrobatics","Heel Hook"],"picked":"Deadly Poison+1","floor":35},{"not_picked":["Flying Knee","Slice","Dagger Throw","Distraction"],"picked":"SKIP","floor":36},{"not_picked":["Distraction","Dagger Throw","Slice"],"picked":"Dash","floor":38},{"not_picked":["Deadly Poison","Riddle With Holes","Dagger Spray"],"picked":"Backstab+1","floor":39},{"not_picked":["Deflect","Finisher+1","Eviscerate","Deadly Poison+1"],"picked":"SKIP","floor":41},{"not_picked":["Backstab+1","Dodge and Roll+1","Deflect"],"picked":"Backflip+1","floor":44},{"not_picked":["Corpse Explosion","Heel Hook","Slice","Blade Dance"],"picked":"Singing Bowl","floor":46},{"not_picked":["PiercingWail","Poisoned Stab","Outmaneuver"],"picked":"After Image+1","floor":48}],"player_experience":1047353,"relics_obtained":[{"floor":7.0,"key":"Centennial Puzzle"},{"floor":9.0,"key":"Strawberry"},{"floor":10.0,"key":"Question Card"},{"floor":22.0,"key":"Darkstone Periapt"},{"floor":23,"key":"Ornamental Fan"},{"floor":25,"key":"Paper Crane"},{"floor":26,"key":"Bag of Preparation"},{"floor":30,"key":"Frozen Egg 2"},{"floor":38,"key":"Mango"},{"floor":43,"key":"Blue Candle"},{"floor":44,"key":"Smiling Mask"},{"floor":46,"key":"Singing Bowl"},{"floor":48,"key":"Incense Burner"}],"event_choices":[{"event_name":"Transmorgrifier","player_choice":"Transform","floor":2.0,"damage_taken":0.0},{"event_name":"Shining Light","player_choice":"Ignored","floor":11.0,"damage_taken":0.0},{"event_name":"Golden Shrine","player_choice":"Pray","floor":13.0,"damage_taken":0.0},{"event_name":"Forgotten Altar","player_choice":"Smashed Altar","floor":20.0,"damage_taken":0.0},{"event_name":"MindBloom","player_choice":"Fight","floor":38,"damage_taken":0}],"is_beta":false,"boss_relics":[{"not_picked":["Velvet Choker","HoveringKite"],"picked":"Ectoplasm"},{"not_picked":["White Beast Statue","Coffee Dripper"],"picked":"Empty Cage"}],"items_purged_floors":[],"is_endless":false,"potions_floor_spawned":[4,7,14,23,25,28,30,31,35,44,46,48],"ascension_level":15}