{"gold_per_floor":[216,4,24,24,24,24,49,61,73,112,143,37,51,68,68,145,145,155,188,188,38,57,57,86,44,44,70,84,84,101,115,115,191,191,211,225,245,245,245,245,101,101,179,54,54,74,91,101,101,101,101],"floor_reached":51,"playtime":4976,"items_purged":["Strike_R","Strike_R","Strike_R"],"score":1344,"play_id":"37347cf4-029d-4754-8581-a9da2a11c42a","local_time":"20190506163725","is_ascension_mode":true,"campfire_choices":[{"data":"Bash","floor":6,"key":"SMITH"},{"data":"Anger","floor":8,"key":"SMITH"},{"data":"Heavy Blade","floor":15,"key":"SMITH"},{"floor":23,"key":"REST"},{"data":"True Grit","floor":29,"key":"SMITH"},{"data":"Shrug It Off","floor":32,"key":"SMITH"},{"data":"True Grit","floor":40,"key":"SMITH"},{"floor":42,"key":"RECALL"},{"data":"True Grit","floor":45,"key":"SMITH"},{"data":"Feel No Pain","floor":49,"key":"SMITH"}],"neow_cost":"NONE","seed_source_timestamp":375599026082600,"circlet_count":0,"master_deck":["AscendersBane","Strike_R","Strike_R","Defend_R","Defend_R","Defend_R","Defend_R","Bash+1","Heavy Blade+1","Rage","Wild Strike","Anger+1","Thunderclap","Pommel Strike","Spot Weakness","Fiend Fire","True Grit+1","Flex","Reaper","Perfected Strike+1","Armaments+1","Feel No Pain+1","Shrug It Off+1","Shrug It Off+1","Demon Form+1","True Grit+1","True Grit+1","Inflame+1"],"relics":["Burning Blood","Pen Nib","Regal Pillow","MawBank","FossilizedHelix","Unceasing Top","Runic Pyramid","Red Mask","Sundial","Frozen Egg 2","Nunchaku","Mark of Pain"],"potions_floor_usage":[10,19,20,20,31,33,33,50,51],"damage_taken":[{"damage":2,"enemies":"Cultist","floor":1,"turns":4},{"damage":8,"enemies":"Jaw Worm","floor":3,"turns":4},{"damage":8,"enemies":"Gremlin Nob","floor":7,"turns":3},{"damage":30,"enemies":"3 Sentries","floor":10,"turns":9},{"damage":0,"enemies":"2 Louse","floor":11,"turns":3},{"damage":3,"enemies":"Blue Slaver","floor":13,"turns":3},{"damage":4,"enemies":"Exordium Wildlife","floor":14,"turns":5},{"damage":14,"enemies":"Slime Boss","floor":16,"turns":9},{"damage":19,"enemies":"2 Thieves","floor":18,"turns":3},{"damage":27,"enemies":"Masked Bandits","floor":19,"turns":5},{"damage":21,"enemies":"Colosseum Slavers","floor":20,"turns":4},{"damage":0,"enemies":"Spheric Guardian","floor":22,"turns":3},{"damage":16,"enemies":"Gremlin Leader","floor":24,"turns":6},{"damage":24,"enemies":"Slavers","floor":27,"turns":5},{"damage":7,"enemies":"Cultist and Chosen","floor":28,"turns":6},{"damage":0,"enemies":"Centurion and Healer","floor":30,"turns":11},{"damage":16,"enemies":"Snake Plant","floor":31,"turns":4},{"damage":46,"enemies":"Champ","floor":33,"turns":15},{"damage":15,"enemies":"3 Shapes","floor":35,"turns":10},{"damage":55,"enemies":"3 Darklings","floor":36,"turns":8},{"damage":37,"enemies":"Jaw Worm Horde","floor":37,"turns":6},{"damage":15,"enemies":"Spire Growth","floor":46,"turns":5},{"damage":48,"enemies":"Sphere and 2 Shapes","floor":47,"turns":8},{"damage":14,"enemies":"Maw","floor":48,"turns":7},{"damage":68,"enemies":"Time Eater","floor":50,"turns":13},{"damage":24,"enemies":"Awakened One","floor":51,"turns":2}],"seed_played":"-6883391863064090039","potions_obtained":[{"floor":3,"key":"Regen Potion"},{"floor":7,"key":"Explosive Potion"},{"floor":16,"key":"SkillPotion"},{"floor":18,"key":"BloodPotion"},{"floor":19,"key":"FearPotion"},{"floor":24,"key":"SpeedPotion"},{"floor":30,"key":"SkillPotion"},{"floor":31,"key":"Block Potion"},{"floor":33,"key":"Fire Potion"},{"floor":36,"key":"SkillPotion"}],"is_trial":false,"path_per_floor":["M","$","M","$","?","R","E","R","T","E","M","$","M","M","R","B",null,"M","?","?","$","M","R","E","$","T","E","M","R","M","M","R","B",null,"M","M","M","?","?","R","$","R","T","$","R","M","M","M","R","B","B"],"character_chosen":"IRONCLAD","items_purchased":["Pen Nib","Rage","Evolve","Reaper","Feel No Pain","Inflame+1"],"campfire_rested":1,"item_purchase_floors":[2,2,12,21,25,41],"current_hp_per_floor":[72,72,70,70,70,70,68,68,68,44,50,50,53,55,55,47,68,55,34,26,26,32,69,59,59,59,46,45,45,71,61,61,21,62,53,65,68,68,68,68,68,68,68,68,68,59,49,75,75,13,0],"gold":101,"neow_bonus":"HUNDRED_GOLD","is_prod":false,"is_daily":false,"chose_seed":false,"campfire_upgraded":8,"win_rate":0,"timestamp":1557157045,"path_taken":["M","$","M","?","?","R","E","R","T","E","M","$","M","?","R","BOSS","M","?","?","?","M","R","E","$","T","E","M","R","M","M","R","BOSS","M","M","M","?","?","R","$","R","T","?","R","M","?","M","R","BOSS","BOSS"],"build_version":"2019-01-23","purchased_purges":3,"victory":false,"max_hp_per_floor":[75,75,75,75,75,75,75,75,75,75,75,75,75,75,75,75,75,75,75,75,75,75,75,75,75,75,75,75,75,75,75,75,75,75,75,75,75,75,75,75,75,75,75,75,75,75,75,75,75,75,75],"card_choices":[{"not_picked":["Havoc","Clash"],"picked":"Heavy Blade","floor":1},{"not_picked":["Clash","Entrench"],"picked":"Wild Strike","floor":3},{"not_picked":["Searing Blow","Dual Wield"],"picked":"Anger","floor":7},{"not_picked":["Metallicize","Body Slam"],"picked":"Thunderclap","floor":10},{"not_picked":["Thunderclap","Sword Boomerang"],"picked":"Pommel Strike","floor":11},{"not_picked":["Thunderclap","Barricade","Entrench"],"picked":"SKIP","floor":13},{"not_picked":["Twin Strike","Iron Wave"],"picked":"Spot Weakness","floor":14},{"not_picked":["Reaper","Exhume"],"picked":"Fiend Fire","floor":16},{"not_picked":["Sentinel","Whirlwind"],"picked":"True Grit","floor":18},{"not_picked":["Perfected Strike","Bloodletting"],"picked":"Flex","floor":19},{"not_picked":["Cleave","Fire Breathing"],"picked":"Perfected Strike+1","floor":22},{"not_picked":["Clothesline","Heavy Blade"],"picked":"Armaments+1","floor":24},{"not_picked":["Flex","Searing Blow","Heavy Blade+1"],"picked":"SKIP","floor":27},{"not_picked":["Havoc","Barricade+1"],"picked":"Shrug It Off+1","floor":28},{"not_picked":["Pommel Strike","Anger"],"picked":"Shrug It Off","floor":30},{"not_picked":["Blood for Blood","Perfected Strike","Wild Strike"],"picked":"SKIP","floor":31},{"not_picked":["Immolate","Limit Break"],"picked":"Demon Form+1","floor":33},{"not_picked":["Wild Strike","Shrug It Off","Cleave"],"picked":"SKIP","floor":35},{"not_picked":["Pommel Strike+1","Ghostly Armor+1"],"picked":"True Grit","floor":36},{"not_picked":["Sentinel+1","Wild Strike"],"picked":"True Grit","floor":37},{"not_picked":["Bloodletting","Havoc","Clash"],"picked":"SKIP","floor":46},{"not_picked":["Headbutt","Iron Wave","Anger"],"picked":"SKIP","floor":47},{"not_picked":["Flex","Shrug It Off","Clash"],"picked":"SKIP","floor":48}],"player_experience":2984663,"relics_obtained":[{"floor":7,"key":"MawBank"},{"floor":9,"key":"FossilizedHelix"},{"floor":10,"key":"Unceasing Top"},{"floor":19,"key":"Red Mask"},{"floor":24,"key":"Sundial"},{"floor":26,"key":"Frozen Egg 2"},{"floor":27,"key":"Nunchaku"}],"event_choices":[{"damage_healed":0,"gold_gain":0,"player_choice":"Gave Potion","damage_taken":0,"relics_obtained":["Regal Pillow"],"max_hp_gain":0,"max_hp_loss":0,"event_name":"WeMeetAgain","floor":5,"gold_loss":0},{"damage_healed":0,"gold_gain":0,"player_choice":"Fought Bandits","damage_taken":0,"max_hp_gain":0,"max_hp_loss":0,"event_name":"Masked Bandits","floor":19,"gold_loss":0},{"damage_healed":0,"gold_gain":0,"player_choice":"Fight","damage_taken":0,"max_hp_gain":0,"max_hp_loss":0,"event_name":"Colosseum","floor":20,"gold_loss":0},{"damage_healed":0,"gold_gain":0,"player_choice":"Fled From Nobs","damage_taken":0,"max_hp_gain":0,"max_hp_loss":0,"event_name":"Colosseum","floor":20,"gold_loss":0},{"damage_healed":0,"gold_gain":0,"player_choice":"Ignored","damage_taken":0,"max_hp_gain":0,"max_hp_loss":0,"event_name":"Mysterious Sphere","floor":38,"gold_loss":0},{"cards_removed":["Evolve"],"damage_healed":0,"gold_gain":0,"player_choice":"Removed Power","damage_taken":0,"max_hp_gain":0,"max_hp_loss":0,"event_name":"Falling","floor":39,"gold_loss":0}],"is_beta":false,"boss_relics":[{"not_picked":["Tiny House","Black Blood"],"picked":"Runic Pyramid"},{"not_picked":["Lizard Tail","Orrery"],"picked":"Mark of Pain"}],"items_purged_floors":[12,41,44],"is_endless":false,"potions_floor_spawned":[3,7,16,18,19,24,30,31,33,36,37],"killed_by":"Awakened One","ascension_level":20}