{"gold_per_floor":[114,114,129,38,38,68,68,98,123,138,153,153,183,198,198,298,298,298,298,253,253,253,253,253,33,33,33,33,33,33,33,33,33,33,33,33,33,33,33,33,33,33,33,33],"floor_reached":44,"playtime":3857,"items_purged":[],"score":550,"play_id":"51d7dfc5-7fc6-4dae-af02-9282057350c3","local_time":"20190504185900","daily_mods":["Shiny","Time Dilation","Terminal"],"is_ascension_mode":false,"campfire_choices":[{"data":"Barricade","floor":15,"key":"SMITH"},{"data":"Exhume","floor":32,"key":"SMITH"}],"neow_cost":"","seed_source_timestamp":0,"circlet_count":0,"master_deck":["Double Tap","Demon Form","Bludgeon","Feed","Limit Break","Barricade+1","Fiend Fire","Dark Embrace","Berserk","Impervious","Juggernaut","Brutality","Exhume+1","Offering","Immolate","Second Wind+1","Dual Wield","PanicButton","Body Slam","Fiend Fire","Seeing Red","Berserk","Metallicize","Blood for Blood","Exhume+1","Bloodletting","Spot Weakness+1","Evolve+1","Flex","Juggernaut+1","Corruption","Rupture","Normality","Rupture","Dramatic Entrance","Thinking Ahead","Panacea"],"special_seed":18020,"relics":["Burning Blood","Centennial Puzzle","Blood Vial","Orichalcum","Lantern","Champion Belt","Ectoplasm","MawBank","Meat on the Bone","Bag of Marbles","Bag of Preparation","Tiny House","StoneCalendar","Art of War"],"potions_floor_usage":[],"damage_taken":[{"damage":0,"enemies":"Jaw Worm","floor":1,"turns":1},{"damage":0,"enemies":"Small Slimes","floor":3,"turns":3},{"damage":16,"enemies":"Gremlin Nob","floor":6,"turns":4},{"damage":26,"enemies":"3 Sentries","floor":8,"turns":7},{"damage":3,"enemies":"2 Louse","floor":10,"turns":3},{"damage":11,"enemies":"Exordium Wildlife","floor":11,"turns":3},{"damage":14,"enemies":"Lagavulin","floor":13,"turns":3},{"damage":0,"enemies":"Looter","floor":14,"turns":2},{"damage":7,"enemies":"Slime Boss","floor":16,"turns":3},{"damage":12,"enemies":"Shell Parasite","floor":18,"turns":1},{"damage":14,"enemies":"2 Thieves","floor":20,"turns":3},{"damage":6,"enemies":"Snake Plant","floor":21,"turns":1},{"damage":40,"enemies":"Gremlin Leader","floor":23,"turns":3},{"damage":12,"enemies":"Centurion and Healer","floor":24,"turns":1},{"damage":0,"enemies":"Cultist and Chosen","floor":27,"turns":3},{"damage":0,"enemies":"Snecko","floor":28,"turns":2},{"damage":2,"enemies":"Snake Plant","floor":30,"turns":3},{"damage":13,"enemies":"Automaton","floor":33,"turns":5},{"damage":7,"enemies":"Orb Walker","floor":35,"turns":4},{"damage":15,"enemies":"2 Orb Walkers","floor":36,"turns":4},{"damage":12,"enemies":"3 Darklings","floor":38,"turns":5},{"damage":22,"enemies":"Sphere and 2 Shapes","floor":39,"turns":5},{"damage":55,"enemies":"Writhing Mass","floor":44,"turns":3}],"seed_played":"-8048916062082781119","potions_obtained":[{"floor":1,"key":"Fire Potion"},{"floor":3,"key":"SkillPotion"},{"floor":6,"key":"SteroidPotion"},{"floor":14,"key":"Regen Potion"},{"floor":22,"key":"Regen Potion"},{"floor":36,"key":"SteroidPotion"}],"is_trial":false,"path_per_floor":["M","?","M","$","?","E","?","E","T","M","M","?","E","M","R","B",null,"M","?","M","M","?","E","M","$","T","M","M","?","M","?","R","B",null,"M","?","?","M","M","?","?","$","T","M"],"character_chosen":"IRONCLAD","items_purchased":["PanicButton","Bag of Marbles","Bloodletting"],"campfire_rested":0,"item_purchase_floors":[4,25,25],"current_hp_per_floor":[78,77,79,78,62,69,69,51,51,64,61,61,55,66,66,67,68,62,62,56,63,63,32,40,40,40,58,60,50,62,62,61,54,64,63,57,57,53,53,43,43,43,43,0],"gold":33,"neow_bonus":"","is_prod":false,"is_daily":true,"chose_seed":false,"campfire_upgraded":2,"win_rate":0,"timestamp":1556989140,"path_taken":["M","?","M","$","?","E","?","E","T","M","M","?","E","M","R","BOSS","M","?","M","M","?","E","?","$","T","M","M","?","M","?","R","BOSS","M","?","?","?","M","?","?","$","T","M"],"build_version":"2019-01-23","purchased_purges":0,"victory":false,"max_hp_per_floor":[78,77,79,78,77,76,75,74,73,72,71,70,69,71,70,69,68,67,66,65,64,63,65,64,63,62,61,60,64,63,62,61,60,64,63,65,64,63,62,61,60,59,58,58],"card_choices":[{"not_picked":["Shrug It Off","Shockwave"],"picked":"Second Wind","floor":1},{"not_picked":["Wild Strike","Shrug It Off"],"picked":"Dual Wield","floor":3},{"not_picked":["Pummel","Clothesline"],"picked":"Body Slam","floor":6},{"not_picked":["Iron Wave","Cleave","Shrug It Off"],"picked":"SKIP","floor":8},{"not_picked":["Flex","Wild Strike","Perfected Strike"],"picked":"SKIP","floor":10},{"not_picked":["Sever Soul","Wild Strike"],"picked":"Fiend Fire","floor":11},{"not_picked":["Shrug It Off","Searing Blow"],"picked":"Seeing Red","floor":13},{"not_picked":["Perfected Strike","Armaments","Pommel Strike"],"picked":"SKIP","floor":14},{"not_picked":["Immolate","Barricade"],"picked":"Berserk","floor":16},{"not_picked":["Clothesline","Cleave"],"picked":"Metallicize","floor":18},{"not_picked":["Armaments","Rampage","Searing Blow"],"picked":"SKIP","floor":20},{"not_picked":["Spot Weakness","Disarm"],"picked":"Blood for Blood","floor":21},{"not_picked":["Pommel Strike","Disarm+1"],"picked":"Exhume","floor":23},{"not_picked":["Pommel Strike","Armaments","Headbutt"],"picked":"SKIP","floor":24},{"not_picked":["Havoc","Shrug It Off"],"picked":"Spot Weakness+1","floor":27},{"not_picked":["Anger","Reckless Charge+1"],"picked":"Evolve+1","floor":28},{"not_picked":["Armaments","Anger","Pommel Strike"],"picked":"SKIP","floor":30},{"not_picked":["Limit Break","Brutality"],"picked":"Juggernaut","floor":33},{"not_picked":["Power Through","Pommel Strike+1"],"picked":"Corruption","floor":35},{"not_picked":["Twin Strike+1","Warcry+1"],"picked":"Rupture","floor":36},{"not_picked":["Perfected Strike+1","Sword Boomerang","Body Slam"],"picked":"SKIP","floor":38},{"not_picked":["Perfected Strike","Sword Boomerang"],"picked":"Rupture","floor":39},{"not_picked":["Forethought","Blind"],"picked":"Dramatic Entrance","floor":40},{"not_picked":["Flash of Steel","Violence"],"picked":"Thinking Ahead","floor":40},{"not_picked":["PanicButton","Secret Technique"],"picked":"Panacea","floor":40}],"player_experience":42000,"relics_obtained":[{"floor":6,"key":"Centennial Puzzle"},{"floor":8,"key":"Orichalcum"},{"floor":9,"key":"Lantern"},{"floor":13,"key":"Champion Belt"},{"floor":23,"key":"Meat on the Bone"},{"floor":26,"key":"Bag of Preparation"},{"floor":36,"key":"StoneCalendar"},{"floor":43,"key":"Art of War"}],"event_choices":[{"damage_healed":0,"gold_gain":0,"player_choice":"Ignored","damage_taken":0,"max_hp_gain":0,"max_hp_loss":0,"event_name":"Liars Game","floor":2,"gold_loss":0},{"damage_healed":0,"gold_gain":0,"player_choice":"Entered Light","damage_taken":16,"max_hp_gain":0,"max_hp_loss":0,"event_name":"Shining Light","floor":5,"gold_loss":0,"cards_upgraded":["Second Wind","Exhume"]},{"damage_healed":0,"gold_gain":0,"player_choice":"Box","damage_taken":0,"relics_obtained":["Blood Vial"],"max_hp_gain":0,"max_hp_loss":0,"event_name":"Big Fish","floor":7,"gold_loss":0,"cards_obtained":["Regret"]},{"cards_removed":["Regret"],"damage_healed":0,"gold_gain":0,"player_choice":"Forget","damage_taken":0,"max_hp_gain":0,"max_hp_loss":0,"event_name":"Living Wall","floor":12,"gold_loss":0},{"damage_healed":0,"gold_gain":0,"player_choice":"Opened","damage_taken":0,"relics_obtained":["MawBank"],"max_hp_gain":0,"max_hp_loss":0,"event_name":"The Mausoleum","floor":19,"gold_loss":0},{"damage_healed":0,"gold_gain":0,"player_choice":"Got Potions","damage_taken":0,"max_hp_gain":0,"max_hp_loss":0,"event_name":"Lab","floor":22,"gold_loss":0},{"damage_healed":0,"gold_gain":0,"player_choice":"Shed Blood","damage_taken":15,"max_hp_gain":5,"max_hp_loss":0,"event_name":"Forgotten Altar","floor":29,"gold_loss":0},{"damage_healed":0,"gold_gain":0,"player_choice":"Read","damage_taken":0,"max_hp_gain":0,"max_hp_loss":0,"event_name":"The Library","floor":31,"gold_loss":0,"cards_obtained":["Flex"]},{"damage_healed":0,"gold_gain":0,"player_choice":"Fight","damage_taken":0,"max_hp_gain":0,"max_hp_loss":0,"event_name":"Mysterious Sphere","floor":36,"gold_loss":0},{"damage_healed":0,"gold_gain":0,"player_choice":"1 cards matched","damage_taken":0,"max_hp_gain":0,"max_hp_loss":0,"event_name":"Match and Keep!","floor":37,"gold_loss":0,"cards_obtained":["Normality"]},{"damage_healed":0,"gold_gain":0,"player_choice":"Memory 3","damage_taken":10,"max_hp_gain":0,"max_hp_loss":0,"event_name":"SensoryStone","floor":40,"gold_loss":0},{"cards_removed":["Reaper"],"damage_healed":0,"gold_gain":0,"player_choice":"Removed Attack","damage_taken":0,"max_hp_gain":0,"max_hp_loss":0,"event_name":"Falling","floor":41,"gold_loss":0}],"is_beta":false,"boss_relics":[{"not_picked":["Astrolabe","Empty Cage"],"picked":"Ectoplasm"},{"not_picked":["White Beast Statue","Eternal Feather"],"picked":"Tiny House"}],"items_purged_floors":[],"is_endless":false,"potions_floor_spawned":[1,3,6,10,14,21,27,30,36,38],"killed_by":"Writhing Mass","ascension_level":0}