{"gold_per_floor":[109,124,144,219,100,100,128,128,182,182,199,232,51,66,66,139,139,153,153,203,203,203,203,218,250,330,230,230,246,256,270,270,341,341,351,351,141,160,160,160,185,185,185,185,202,202,89,105,105,105],"floor_reached":51,"playtime":2492,"items_purged":["Strike_G","Shame","Strike_G"],"score":1319,"play_id":"4bd9c351-56ff-48e6-a604-6b4144e588ea","local_time":"20180910231556","is_ascension_mode":true,"campfire_choices":[{"data":"Bouncing Flask","floor":6.0,"key":"SMITH"},{"floor":8.0,"key":"REST"},{"data":"Neutralize","floor":10.0,"key":"SMITH"},{"floor":15.0,"key":"DIG"},{"floor":23.0,"key":"REST"},{"floor":32.0,"key":"REST"},{"data":"Footwork","floor":40.0,"key":"SMITH"},{"floor":42.0,"key":"REST"},{"data":"Wraith Form v2","floor":49,"key":"SMITH"}],"neow_cost":"NONE","seed_source_timestamp":69322865376807,"circlet_count":0,"master_deck":["Defend_G","Defend_G","Defend_G","Defend_G","Defend_G","Strike_G+1","Survivor","Neutralize+1","AscendersBane","Burst","Bouncing Flask+1","Blur","Footwork+1","Deadly Poison","Caltrops","Noxious Fumes","Bane+1","Corpse Explosion","Crippling Poison","Wraith Form v2+1","Backflip","Dagger Spray+1","Acrobatics","Night Terror","Acrobatics+1","Well Laid Plans","Writhe","Injury"],"special_seed":0,"relics":["Ring of the Snake","Odd Mushroom","PreservedInsect","Shovel","Art of War","Omamori","Cursed Key","Gremlin Horn","Happy Flower","Juzu Bracelet","Molten Egg 2","Eternal Feather","Letter Opener","Whetstone"],"potions_floor_usage":[50,50],"damage_taken":[{"damage":1.0,"enemies":"2 Louse","floor":1.0,"turns":3.0},{"damage":0.0,"enemies":"Jaw Worm","floor":2.0,"turns":5.0},{"damage":2.0,"enemies":"Small Slimes","floor":3.0,"turns":3.0},{"damage":23.0,"enemies":"The Mushroom Lair","floor":7.0,"turns":6.0},{"damage":11.0,"enemies":"Exordium Thugs","floor":11.0,"turns":10.0},{"damage":15.0,"enemies":"Lagavulin","floor":12.0,"turns":3.0},{"damage":10.0,"enemies":"Large Slime","floor":14.0,"turns":4.0},{"damage":33.0,"enemies":"Slime Boss","floor":16.0,"turns":10.0},{"damage":18.0,"enemies":"Shell Parasite","floor":18.0,"turns":5.0},{"damage":11.0,"enemies":"2 Thieves","floor":24.0,"turns":4.0},{"damage":17.0,"enemies":"Slavers","floor":25.0,"turns":4.0},{"damage":2.0,"enemies":"3 Cultists","floor":29.0,"turns":3.0},{"damage":1.0,"enemies":"Centurion and Healer","floor":30.0,"turns":5.0},{"damage":22.0,"enemies":"Snake Plant","floor":31.0,"turns":4.0},{"damage":28.0,"enemies":"Collector","floor":33.0,"turns":11.0},{"damage":10.0,"enemies":"3 Shapes","floor":35.0,"turns":6.0},{"damage":26.0,"enemies":"3 Darklings","floor":38.0,"turns":3.0},{"damage":78.0,"enemies":"Giant Head","floor":41.0,"turns":9.0},{"damage":2,"enemies":"Reptomancer","floor":45,"turns":6},{"damage":1,"enemies":"Maw","floor":48,"turns":9},{"damage":21,"enemies":"Time Eater","floor":50,"turns":17}],"seed_played":"3209977040215675761","potions_obtained":[{"floor":1.0,"key":"SteroidPotion"},{"floor":3.0,"key":"Regen Potion"},{"floor":11.0,"key":"SpeedPotion"},{"floor":12.0,"key":"Regen Potion"},{"floor":16.0,"key":"FairyPotion"},{"floor":18.0,"key":"SpeedPotion"},{"floor":25.0,"key":"Regen Potion"},{"floor":29.0,"key":"Weak Potion"},{"floor":33.0,"key":"Regen Potion"}],"is_trial":false,"path_per_floor":["M","M","M","?","$","R","?","R","T","R","M","E","$","M","R","B",null,"M","?","?","?","?","R","M","E","T","$","?","M","M","M","R","B",null,"M","?","$","M","?","R","E","R","T","?","M","T","$","M","R","B"],"character_chosen":"THE_SILENT","items_purchased":["Footwork","Art of War","Well Laid Plans","PowerPotion","Dexterity Potion"],"campfire_rested":4,"item_purchase_floors":[5,13,37,47,47],"current_hp_per_floor":[58,58,56,45,45,45,22,41,41,41,30,15,15,5,5,27,56,38,38,38,38,38,57,46,29,29,29,29,39,38,16,35,7,51,41,41,41,15,28,43,6,40,40,40,38,38,38,37,52,31],"gold":105,"neow_bonus":"ONE_RANDOM_RARE_CARD","is_prod":false,"is_daily":false,"chose_seed":false,"campfire_upgraded":4,"win_rate":0,"timestamp":1536646556,"path_taken":["M","M","M","?","?","R","?","R","T","R","M","E","$","M","R","BOSS","M","?","?","?","?","R","M","E","T","?","?","M","M","M","R","BOSS","M","?","$","M","?","R","E","R","T","?","M","?","$","M","R","BOSS"],"build_version":"2018-09-06","purchased_purges":3,"victory":true,"max_hp_per_floor":[66,66,66,66,66,66,66,66,66,66,66,66,66,66,66,66,66,66,66,66,66,66,66,66,66,66,66,66,66,66,66,66,66,66,66,66,66,66,66,66,66,66,66,66,66,66,66,66,66,66],"card_choices":[{"not_picked":["Underhanded Strike","Tactician"],"picked":"Bouncing Flask","floor":1.0},{"not_picked":["Backflip","Leg Sweep"],"picked":"Dagger Throw","floor":2.0},{"not_picked":["Dodge and Roll","Caltrops"],"picked":"Blur","floor":3.0},{"not_picked":["Leg Sweep","Flying Knee"],"picked":"Deadly Poison","floor":7.0},{"not_picked":["Slice","Calculated Gamble"],"picked":"Caltrops","floor":11.0},{"not_picked":["Acrobatics","Slice"],"picked":"Noxious Fumes","floor":12.0},{"not_picked":["Sucker Punch","Deflect"],"picked":"Bane","floor":14.0},{"not_picked":["Unload","Grand Finale"],"picked":"Corpse Explosion","floor":16.0},{"not_picked":["Sucker Punch","Deadly Poison"],"picked":"Crippling Poison","floor":18.0},{"not_picked":["Prepared","Masterful Stab+1","Choke+1"],"picked":"SKIP","floor":24.0},{"not_picked":["Footwork","Deadly Poison"],"picked":"Backflip","floor":25.0},{"not_picked":["Cloak And Dagger","Riddle With Holes+1"],"picked":"Dagger Spray+1","floor":29.0},{"not_picked":["Dagger Spray+1","Outmaneuver","Prepared"],"picked":"SKIP","floor":30.0},{"not_picked":["Outmaneuver","Prepared"],"picked":"Acrobatics","floor":31.0},{"not_picked":["Venomology","Tools of the Trade"],"picked":"Night Terror","floor":33.0},{"not_picked":["Tactician","Blade Dance+1"],"picked":"Acrobatics+1","floor":35.0},{"not_picked":["Distraction","Predator+1","Dagger Spray+1"],"picked":"SKIP","floor":38.0},{"not_picked":["Corpse Explosion","Well Laid Plans+1","Cloak And Dagger"],"picked":"SKIP","floor":41.0},{"not_picked":["Blade Dance","Choke+1","Slice+1"],"picked":"SKIP","floor":45},{"not_picked":["Predator+1","Slice+1","Prepared+1"],"picked":"SKIP","floor":48}],"player_experience":1101154,"relics_obtained":[{"floor":7.0,"key":"Odd Mushroom"},{"floor":9.0,"key":"PreservedInsect"},{"floor":12.0,"key":"Shovel"},{"floor":15.0,"key":"Omamori"},{"floor":25.0,"key":"Juzu Bracelet"},{"floor":26.0,"key":"Molten Egg 2"},{"floor":41.0,"key":"Letter Opener"},{"floor":46,"key":"Whetstone"}],"event_choices":[{"event_name":"World of Goop","player_choice":"Gather Gold","floor":4.0,"damage_taken":0.0},{"event_name":"Mushrooms","player_choice":"Fought Mushrooms","floor":7.0,"damage_taken":0.0},{"event_name":"Transmorgrifier","player_choice":"Transform","floor":19.0,"damage_taken":0.0},{"event_name":"Nest","player_choice":"Stole From Cult","floor":20.0,"damage_taken":0.0},{"event_name":"The Mausoleum","player_choice":"Yes","floor":21.0,"damage_taken":0.0},{"event_name":"Addict","player_choice":"Stole Relic","floor":22.0,"damage_taken":0.0},{"event_name":"Purifier","player_choice":"One Purge","floor":28.0,"damage_taken":0.0},{"event_name":"Tomb of Lord Red Mask","player_choice":"Ignored","floor":36.0,"damage_taken":0.0},{"event_name":"Winding Halls","player_choice":"Writhe","floor":39.0,"damage_taken":0.0},{"event_name":"Falling","player_choice":"Removed Attack","floor":44,"damage_taken":0}],"is_beta":false,"boss_relics":[{"not_picked":["Pandora\u0027s Box","Calling Bell"],"picked":"Cursed Key"},{"not_picked":["White Beast Statue","HoveringKite"],"picked":"Eternal Feather"}],"items_purged_floors":[5,27,37],"is_endless":false,"potions_floor_spawned":[1,3,11,12,16,18,25,29,33,35,38],"ascension_level":18}