{"gold_per_floor":[110,129,6,6,26,55,55,66,118,118,130,51,64,80,80,179,179,192,210,42,42,69,97,97,112,166,166,192,117,117,17,17,121,121,137,152,152,205,50,50,67,67,67,100,100,125,125,156,156,156],"floor_reached":51,"playtime":1583,"items_purged":["Defend_R","Defend_R"],"score":846,"play_id":"2d1710cf-052b-4ce6-aa91-66976d129455","local_time":"20181115011019","is_ascension_mode":false,"campfire_choices":[{"data":"Inflame","floor":7,"key":"SMITH"},{"data":"Shockwave","floor":10,"key":"SMITH"},{"data":"Inflame","floor":15,"key":"SMITH"},{"data":"Metallicize","floor":24,"key":"SMITH"},{"data":"Mayhem","floor":27,"key":"SMITH"},{"data":"J.A.X.","floor":32,"key":"SMITH"},{"data":"Demon Form","floor":40,"key":"SMITH"},{"data":"Pummel","floor":49,"key":"SMITH"}],"neow_cost":"NONE","seed_source_timestamp":61570692500308,"circlet_count":0,"master_deck":["Strike_R","Strike_R","Strike_R","Strike_R","Strike_R","Defend_R","Defend_R","Bash","Thunderclap","Inflame+1","Heavy Blade","Pummel","Shockwave+1","Sword Boomerang","Inflame+1","Warcry","Reaper","Mayhem+1","Pummel+1","Heavy Blade","Metallicize+1","Cleave+1","Intimidate","J.A.X.+1","Demon Form+1","Exhume+1","Discovery","Violence+1","Finesse","Madness","Madness","Injury","Battle Trance+1","Pain","Flame Barrier+1"],"relics":["Burning Blood","Happy Flower","Letter Opener","Pen Nib","Centennial Puzzle","Coffee Dripper","Red Mask","Anchor","Orichalcum","Regal Pillow","Cursed Key","Peace Pipe","War Paint","Thread and Needle","Paper Frog","Unceasing Top","Blue Candle","Omamori"],"potions_floor_usage":[25,33,38,50,50],"damage_taken":[{"damage":0,"enemies":"2 Louse","floor":1,"turns":3},{"damage":1,"enemies":"Cultist","floor":2,"turns":3},{"damage":1,"enemies":"Jaw Worm","floor":5,"turns":3},{"damage":20,"enemies":"Gremlin Nob","floor":6,"turns":4},{"damage":0,"enemies":"2 Fungi Beasts","floor":8,"turns":2},{"damage":11,"enemies":"3 Louse","floor":11,"turns":3},{"damage":0,"enemies":"Large Slime","floor":13,"turns":2},{"damage":16,"enemies":"2 Fungi Beasts","floor":14,"turns":3},{"damage":28,"enemies":"Hexaghost","floor":16,"turns":4},{"damage":5,"enemies":"Spheric Guardian","floor":18,"turns":3},{"damage":9,"enemies":"3 Byrds","floor":19,"turns":4},{"damage":11,"enemies":"Masked Bandits","floor":22,"turns":3},{"damage":34,"enemies":"Gremlin Leader","floor":23,"turns":4},{"damage":8,"enemies":"3 Cultists","floor":25,"turns":3},{"damage":13,"enemies":"Slavers","floor":28,"turns":4},{"damage":30,"enemies":"Automaton","floor":33,"turns":5},{"damage":0,"enemies":"3 Shapes","floor":35,"turns":3},{"damage":3,"enemies":"Orb Walker","floor":36,"turns":2},{"damage":26,"enemies":"2 Orb Walkers","floor":38,"turns":3},{"damage":10,"enemies":"Jaw Worm Horde","floor":41,"turns":4},{"damage":3,"enemies":"Giant Head","floor":44,"turns":4},{"damage":63,"enemies":"Nemesis","floor":46,"turns":5},{"damage":51,"enemies":"Reptomancer","floor":48,"turns":4},{"damage":42,"enemies":"Donu and Deca","floor":50,"turns":12}],"seed_played":"3487428017646070771","potions_obtained":[{"floor":5,"key":"Regen Potion"},{"floor":8,"key":"BloodPotion"},{"floor":16,"key":"Poison Potion"},{"floor":33,"key":"Block Potion"},{"floor":35,"key":"Ancient Potion"},{"floor":38,"key":"FairyPotion"}],"is_trial":false,"path_per_floor":["M","M","$","?","M","E","R","M","T","R","M","$","M","M","R","B",null,"M","M","$","?","?","E","R","M","T","R","E","$","?","$","R","B",null,"M","M","?","?","$","R","M","?","T","E","?","E","T","E","R","B",null],"character_chosen":"IRONCLAD","items_purchased":["Inflame","Heavy Blade","Inflame","Mayhem","War Paint"],"campfire_rested":0,"item_purchase_floors":[3,3,12,20,39],"current_hp_per_floor":[80,80,80,80,80,66,66,72,72,72,67,67,73,63,63,41,80,80,80,80,80,75,47,47,53,53,53,60,60,60,60,60,76,80,80,80,70,80,80,80,76,66,66,80,80,39,39,41,41,39],"gold":156,"neow_bonus":"RANDOM_COMMON_RELIC","is_prod":false,"is_daily":false,"chose_seed":false,"campfire_upgraded":8,"win_rate":0,"timestamp":1542240619,"path_taken":["M","M","$","?","M","E","R","?","T","R","M","$","M","M","R","BOSS","M","M","$","?","?","E","R","M","T","R","E","$","?","?","R","BOSS","M","M","?","?","?","R","M","?","T","E","?","E","?","E","R","BOSS"],"build_version":"2018-11-08","purchased_purges":2,"victory":true,"max_hp_per_floor":[80,80,80,80,80,80,80,80,80,80,80,80,80,80,80,80,80,80,80,80,80,80,80,80,80,80,80,80,80,80,80,80,80,80,80,80,80,80,80,80,80,80,80,80,80,80,80,80,80,80],"card_choices":[{"not_picked":["Wild Strike","Rage"],"picked":"Iron Wave","floor":1},{"not_picked":["True Grit","Power Through"],"picked":"Thunderclap","floor":2},{"not_picked":["Headbutt","Uppercut"],"picked":"Pummel","floor":5},{"not_picked":["Pommel Strike","Perfected Strike"],"picked":"Shockwave","floor":6},{"not_picked":["Perfected Strike","Twin Strike"],"picked":"Sword Boomerang","floor":8},{"not_picked":["Evolve","Body Slam","Anger"],"picked":"SKIP","floor":11},{"not_picked":["Perfected Strike","Clothesline","Ghostly Armor"],"picked":"SKIP","floor":13},{"not_picked":["Cleave","Rampage"],"picked":"Warcry","floor":14},{"not_picked":["Bludgeon","Juggernaut"],"picked":"Reaper","floor":16},{"not_picked":["Rage","Wild Strike","Perfected Strike"],"picked":"SKIP","floor":18},{"not_picked":["Pommel Strike","Searing Blow+1","Fire Breathing"],"picked":"SKIP","floor":19},{"not_picked":["Searing Blow+1","Bloodletting"],"picked":"Heavy Blade","floor":22},{"not_picked":["Havoc","Thunderclap"],"picked":"Metallicize","floor":23},{"not_picked":["Infernal Blade","Flame Barrier"],"picked":"Cleave+1","floor":25},{"not_picked":["Havoc+1","Twin Strike"],"picked":"Intimidate","floor":28},{"not_picked":["Dark Embrace","Double Tap"],"picked":"Demon Form","floor":33},{"not_picked":["Body Slam","Shrug It Off","Twin Strike"],"picked":"SKIP","floor":35},{"not_picked":["Headbutt","Cleave+1"],"picked":"Exhume","floor":36},{"not_picked":["Bandage Up","Sadistic Nature"],"picked":"Discovery","floor":37},{"not_picked":["Magnetism","Enlightenment"],"picked":"Violence","floor":37},{"not_picked":["Mayhem","Purity"],"picked":"Finesse","floor":37},{"not_picked":["Thunderclap+1","Armaments","Body Slam"],"picked":"SKIP","floor":41},{"not_picked":["Fire Breathing","Brutality","True Grit+1"],"picked":"SKIP","floor":44},{"not_picked":["Entrench","Power Through"],"picked":"Battle Trance+1","floor":46},{"not_picked":["Seeing Red","Burning Pact"],"picked":"Flame Barrier+1","floor":48}],"player_experience":332306,"relics_obtained":[{"floor":6,"key":"Pen Nib"},{"floor":9,"key":"Centennial Puzzle"},{"floor":22,"key":"Red Mask"},{"floor":23,"key":"Anchor"},{"floor":26,"key":"Orichalcum"},{"floor":28,"key":"Regal Pillow"},{"floor":38,"key":"Peace Pipe"},{"floor":43,"key":"Thread and Needle"},{"floor":44,"key":"Paper Frog"},{"floor":46,"key":"Unceasing Top"},{"floor":47,"key":"Blue Candle"},{"floor":48,"key":"Omamori"}],"event_choices":[{"cards_removed":["Iron Wave"],"damage_healed":0,"gold_gain":0,"player_choice":"Gave Card","damage_taken":0,"relics_obtained":["Letter Opener"],"max_hp_gain":0,"max_hp_loss":0,"event_name":"WeMeetAgain","floor":4,"gold_loss":0},{"damage_healed":0,"gold_gain":0,"player_choice":"Read","damage_taken":0,"max_hp_gain":0,"max_hp_loss":0,"event_name":"The Library","floor":21,"gold_loss":0,"cards_obtained":["Pummel"]},{"damage_healed":0,"gold_gain":0,"player_choice":"Fought Bandits","damage_taken":0,"max_hp_gain":0,"max_hp_loss":0,"event_name":"Masked Bandits","floor":22,"gold_loss":0},{"damage_healed":0,"gold_gain":0,"player_choice":"Obtain J.A.X.","damage_taken":0,"max_hp_gain":0,"max_hp_loss":0,"event_name":"Drug Dealer","floor":30,"gold_loss":0,"cards_obtained":["J.A.X."]},{"damage_healed":0,"gold_gain":0,"player_choice":"Memory 3","damage_taken":10,"max_hp_gain":0,"max_hp_loss":0,"event_name":"SensoryStone","floor":37,"gold_loss":0},{"damage_healed":0,"gold_gain":0,"player_choice":"Fight","damage_taken":0,"max_hp_gain":0,"max_hp_loss":0,"event_name":"Mysterious Sphere","floor":38,"gold_loss":0},{"damage_healed":0,"gold_gain":0,"player_choice":"Embrace Madness","damage_taken":10,"max_hp_gain":0,"max_hp_loss":0,"event_name":"Winding Halls","floor":42,"gold_loss":0,"cards_obtained":["Madness","Madness"]},{"damage_healed":0,"gold_gain":0,"player_choice":"Ignored","damage_taken":0,"max_hp_gain":0,"max_hp_loss":0,"event_name":"Tomb of Lord Red Mask","floor":45,"gold_loss":0}],"is_beta":false,"boss_relics":[{"not_picked":["Astrolabe","Orrery"],"picked":"Coffee Dripper"},{"not_picked":["Runic Cube","Velvet Choker"],"picked":"Cursed Key"}],"items_purged_floors":[29,31],"is_endless":false,"potions_floor_spawned":[5,8,16,23,33,35,38,41],"ascension_level":0}