{"gold_per_floor":[110,128,197,207,207,238,238,238,238,249,249,260,279,290,290,290],"floor_reached":16,"playtime":497,"items_purged":[],"score":187,"play_id":"679b9525-6449-4f48-a27f-589754cf2a20","local_time":"25611130200016","is_ascension_mode":true,"campfire_choices":[{"data":"Iron Wave","floor":8,"key":"SMITH"},{"floor":15,"key":"REST"}],"neow_cost":"NONE","seed_source_timestamp":19741262798719,"circlet_count":0,"master_deck":["AscendersBane","Strike_R","Strike_R","Strike_R","Strike_R","Strike_R","Defend_R","Defend_R","Defend_R","Defend_R","Bash+1","Cleave","Iron Wave+1","Iron Wave+1","Decay","Armaments","Corruption","Uppercut"],"special_seed":0,"relics":["Burning Blood","Question Card","Bottled Lightning","Orichalcum"],"potions_floor_usage":[16,16],"damage_taken":[{"damage":6.0,"enemies":"Cultist","floor":1.0,"turns":4.0},{"damage":5.0,"enemies":"Small Slimes","floor":2.0,"turns":4.0},{"damage":3.0,"enemies":"Jaw Worm","floor":4.0,"turns":4.0},{"damage":33.0,"enemies":"Lagavulin","floor":6.0,"turns":6.0},{"damage":12,"enemies":"3 Louse","floor":10,"turns":4},{"damage":17,"enemies":"Lots of Slimes","floor":12,"turns":4},{"damage":0,"enemies":"Blue Slaver","floor":13,"turns":5},{"damage":23,"enemies":"Large Slime","floor":14,"turns":7},{"damage":55,"enemies":"Slime Boss","floor":16,"turns":9}],"seed_played":"-7364707661785883766","potions_obtained":[{"floor":1.0,"key":"BloodPotion"},{"floor":13,"key":"Poison Potion"},{"floor":14,"key":"FearPotion"}],"is_trial":false,"path_per_floor":["M","M","T","M","?","E","E","?","R","T","M","?","M","M","M","R","B"],"character_chosen":"IRONCLAD","items_purchased":[],"campfire_rested":1,"item_purchase_floors":[],"current_hp_per_floor":[75,76,76,79,54,27,54,54,54,48,48,37,43,26,50,3],"gold":290,"neow_bonus":"TEN_PERCENT_HP_BONUS","is_prod":false,"is_daily":false,"chose_seed":false,"campfire_upgraded":1,"win_rate":0,"timestamp":1543582816,"path_taken":["M","M","?","M","?","E","?","R","T","M","?","M","M","M","R","BOSS"],"build_version":"2018-11-15","purchased_purges":0,"victory":false,"max_hp_per_floor":[82,82,82,82,82,82,82,82,82,82,82,82,82,82,82,82],"card_choices":[{"not_picked":["Shrug It Off","Warcry"],"picked":"Cleave","floor":1.0},{"not_picked":["Clash","Dual Wield"],"picked":"Iron Wave","floor":2.0},{"not_picked":["Heavy Blade","Exhume","Sword Boomerang","Thunderclap"],"picked":"SKIP","floor":4.0},{"not_picked":["Sever Soul","Sword Boomerang","Dark Embrace"],"picked":"Iron Wave","floor":6},{"not_picked":["Evolve","Thunderclap","Pommel Strike","Whirlwind"],"picked":"SKIP","floor":10},{"not_picked":["Power Through","Searing Blow","Clash"],"picked":"Armaments","floor":12},{"not_picked":["True Grit","Cleave","Shockwave"],"picked":"Corruption","floor":13},{"not_picked":["Heavy Blade","Power Through","Anger"],"picked":"Uppercut","floor":14}],"player_experience":195328,"relics_obtained":[{"floor":3.0,"key":"Question Card"},{"floor":6,"key":"Bottled Lightning"},{"floor":9,"key":"Orichalcum"}],"event_choices":[{"damage_healed":0.0,"max_hp_gain":0.0,"max_hp_loss":0.0,"gold_gain":0.0,"event_name":"Shining Light","player_choice":"Entered Light","floor":5.0,"gold_loss":0.0,"damage_taken":25.0,"cards_upgraded":["Iron Wave","Bash"]},{"damage_healed":27,"gold_gain":0,"player_choice":"Banana","damage_taken":0,"max_hp_gain":0,"max_hp_loss":0,"event_name":"Big Fish","floor":7,"gold_loss":0},{"damage_healed":0,"gold_gain":0,"player_choice":"Cursed","damage_taken":0,"max_hp_gain":0,"max_hp_loss":0,"event_name":"Wheel of Change","floor":11,"gold_loss":0,"cards_obtained":["Decay"]}],"is_beta":false,"boss_relics":[],"items_purged_floors":[],"is_endless":false,"potions_floor_spawned":[1,13,14],"killed_by":"Slime Boss","ascension_level":16}