{"gold_per_floor":[110,35,210,227,240,240,259,273,322,322,341,373,392,392,392,497,497,514,532,545,644,234,234,247,247,247,266,266,281,293,325,325,424,424,440,440,440,456,456,456,467,467,467,342,342,342,115,128,128,128],"floor_reached":50,"playtime":2589,"items_purged":["Shame","Strike_B","Strike_B"],"score":516,"play_id":"1d30ba01-dd02-47c1-bb64-18b11f02d3e9","local_time":"20190209052000","is_ascension_mode":false,"campfire_choices":[{"data":"Defragment","floor":6.0,"key":"SMITH"},{"data":"Fission","floor":10.0,"key":"SMITH"},{"data":"White Noise","floor":15.0,"key":"SMITH"},{"data":"Defragment","floor":23.0,"key":"SMITH"},{"floor":25.0,"key":"REST"},{"floor":32.0,"key":"REST"},{"data":"Apotheosis","floor":40.0,"key":"SMITH"},{"data":"Consume","floor":42.0,"key":"SMITH"},{"data":"Buffer","floor":46.0,"key":"SMITH"},{"floor":49.0,"key":"REST"}],"neow_cost":"CURSE","seed_source_timestamp":382645169003551,"circlet_count":0,"master_deck":["Strike_B","Defend_B","Defend_B","Defend_B","Defend_B+1","Zap","Dualcast","Fission+1","Glacier+1","Sunder","Defragment+1","Darkness","Leap","Electrodynamics","Loop","White Noise+1","Amplify","Redo+1","Force Field","Defragment+1","Chill","Multi-Cast","Force Field+1","Buffer+1","Redo+1","Apotheosis+1","BootSequence+1","Consume+1","Defragment"],"special_seed":0,"relics":["FrozenCore","War Paint","Pantograph","Nuclear Battery","Mango","Pen Nib","Blood Vial","Juzu Bracelet","DataDisk"],"potions_floor_usage":[50,50],"damage_taken":[{"damage":3.0,"enemies":"Small Slimes","floor":1.0,"turns":3.0},{"damage":0.0,"enemies":"2 Louse","floor":4.0,"turns":3.0},{"damage":4.0,"enemies":"Cultist","floor":5.0,"turns":4.0},{"damage":10.0,"enemies":"Exordium Thugs","floor":7.0,"turns":4.0},{"damage":4.0,"enemies":"Blue Slaver","floor":8.0,"turns":4.0},{"damage":1.0,"enemies":"Looter","floor":11.0,"turns":3.0},{"damage":19.0,"enemies":"3 Sentries","floor":12.0,"turns":4.0},{"damage":0.0,"enemies":"Exordium Wildlife","floor":13.0,"turns":4.0},{"damage":0.0,"enemies":"The Guardian","floor":16.0,"turns":11.0},{"damage":15.0,"enemies":"2 Thieves","floor":18.0,"turns":3.0},{"damage":10.0,"enemies":"Chosen","floor":19.0,"turns":6.0},{"damage":26.0,"enemies":"Centurion and Healer","floor":20.0,"turns":3.0},{"damage":15.0,"enemies":"Snake Plant","floor":24.0,"turns":4.0},{"damage":0.0,"enemies":"3 Cultists","floor":27.0,"turns":4.0},{"damage":0.0,"enemies":"Centurion and Healer","floor":29.0,"turns":9.0},{"damage":25.0,"enemies":"Sentry and Sphere","floor":30.0,"turns":8.0},{"damage":22.0,"enemies":"Gremlin Leader","floor":31.0,"turns":9.0},{"damage":3.0,"enemies":"Champ","floor":33.0,"turns":13.0},{"damage":17.0,"enemies":"3 Shapes","floor":35.0,"turns":5.0},{"damage":4.0,"enemies":"Orb Walker","floor":38.0,"turns":7.0},{"damage":0.0,"enemies":"Jaw Worm Horde","floor":41.0,"turns":5.0},{"damage":23.0,"enemies":"Sphere and 2 Shapes","floor":48.0,"turns":8.0},{"damage":103,"enemies":"Time Eater","floor":50,"turns":16}],"seed_played":"-8986902864676198027","potions_obtained":[{"floor":4.0,"key":"SpeedPotion"},{"floor":5.0,"key":"SteroidPotion"},{"floor":7.0,"key":"SkillPotion"},{"floor":13.0,"key":"Regen Potion"},{"floor":27.0,"key":"LiquidBronze"},{"floor":30.0,"key":"Regen Potion"},{"floor":31.0,"key":"FocusPotion"}],"is_trial":false,"path_per_floor":["M","$","?","M","M","R","M","M","T","R","M","E","M","?","R","B",null,"M","M","M","?","$","R","M","R","T","M","?","M","M","E","R","B",null,"M","?","?","M","?","R","M","R","T","$","?","R","$","M","R","B"],"character_chosen":"DEFECT","items_purchased":["Mango","DataDisk","Defragment"],"campfire_rested":3,"item_purchase_floors":[22,47,47],"current_hp_per_floor":[72,72,72,72,68,68,58,54,54,54,53,34,34,34,34,59,75,60,50,33,33,47,47,32,58,58,58,58,58,33,11,37,61,89,72,72,67,65,65,65,67,67,67,67,67,67,67,46,71,0],"gold":128,"neow_bonus":"THREE_RARE_CARDS","is_prod":false,"is_daily":false,"chose_seed":false,"campfire_upgraded":7,"win_rate":0,"timestamp":1549686000,"path_taken":["M","$","?","M","M","R","M","M","T","R","M","E","M","?","R","BOSS","M","M","?","?","$","R","M","R","T","M","?","M","?","E","R","BOSS","M","?","?","M","?","R","M","R","T","$","?","R","$","M","R","BOSS"],"build_version":"2019-01-23","purchased_purges":3,"victory":false,"max_hp_per_floor":[75,75,75,75,75,75,75,75,75,75,75,75,75,75,75,75,75,75,75,75,75,89,89,89,89,89,89,89,89,89,89,89,89,89,89,85,85,85,85,85,85,85,85,85,85,85,85,85,85,85],"card_choices":[{"not_picked":["Seek","Core Surge"],"picked":"Fission","floor":0.0},{"not_picked":["Beam Cell","Turbo"],"picked":"Glacier","floor":1.0},{"not_picked":["Tempest","Lockon"],"picked":"Sunder","floor":4.0},{"not_picked":["Static Discharge","Beam Cell"],"picked":"Defragment","floor":5.0},{"not_picked":["Barrage","Storm"],"picked":"Darkness","floor":7.0},{"not_picked":["Static Discharge","Melter"],"picked":"Leap","floor":8.0},{"not_picked":["Turbo","Steam"],"picked":"Electrodynamics","floor":11.0},{"not_picked":["Double Energy","Gash"],"picked":"Loop","floor":12.0},{"not_picked":["Beam Cell","Coolheaded"],"picked":"White Noise","floor":13.0},{"not_picked":["Buffer","Hyperbeam"],"picked":"Amplify","floor":16.0},{"not_picked":["Lockon","Rebound"],"picked":"Redo+1","floor":18.0},{"not_picked":["Rebound","Storm"],"picked":"Force Field","floor":19.0},{"not_picked":["Go for the Eyes+1","White Noise"],"picked":"Defragment","floor":20.0},{"not_picked":["Go for the Eyes","Barrage+1"],"picked":"Chill","floor":24.0},{"not_picked":["Barrage+1","Turbo","Go for the Eyes"],"picked":"SKIP","floor":27.0},{"not_picked":["Recycle","Leap"],"picked":"Multi-Cast","floor":29.0},{"not_picked":["Rebound","Aggregate+1","Steam"],"picked":"SKIP","floor":30.0},{"not_picked":["Gash","Steam"],"picked":"Force Field+1","floor":31.0},{"not_picked":["Electrodynamics","Rainbow"],"picked":"Buffer","floor":33.0},{"not_picked":["Heatsinks","Cold Snap+1"],"picked":"Redo+1","floor":35.0},{"not_picked":["Magnetism","Master of Strategy"],"picked":"Apotheosis","floor":37.0},{"not_picked":["Stack+1","Steam"],"picked":"BootSequence+1","floor":38.0},{"not_picked":["Turbo","Gash+1"],"picked":"Consume","floor":41.0},{"not_picked":["Sweeping Beam+1","Streamline+1","Coolheaded+1"],"picked":"SKIP","floor":48.0}],"player_experience":557627,"relics_obtained":[{"floor":9.0,"key":"War Paint"},{"floor":12.0,"key":"Pantograph"},{"floor":26.0,"key":"Pen Nib"},{"floor":31.0,"key":"Blood Vial"},{"floor":43.0,"key":"Juzu Bracelet"}],"event_choices":[{"damage_healed":0.0,"max_hp_gain":0.0,"max_hp_loss":0.0,"gold_gain":175.0,"event_name":"Liars Game","player_choice":"AGREE","floor":3.0,"gold_loss":0.0,"damage_taken":0.0,"cards_obtained":["Doubt"]},{"cards_removed":["Doubt"],"damage_healed":0.0,"max_hp_gain":0.0,"max_hp_loss":0.0,"gold_gain":0.0,"event_name":"Wheel of Change","player_choice":"Card Removal","floor":14.0,"gold_loss":0.0,"damage_taken":0.0},{"damage_healed":0.0,"max_hp_gain":0.0,"max_hp_loss":0.0,"gold_gain":99.0,"event_name":"Nest","player_choice":"Stole From Cult","floor":21.0,"gold_loss":0.0,"damage_taken":0.0},{"damage_healed":0.0,"max_hp_gain":0.0,"max_hp_loss":0.0,"gold_gain":0.0,"event_name":"FaceTrader","player_choice":"Leave","floor":28.0,"gold_loss":0.0,"damage_taken":0.0},{"damage_healed":0.0,"max_hp_gain":0.0,"max_hp_loss":4.0,"gold_gain":0.0,"event_name":"Winding Halls","player_choice":"Max HP","floor":36.0,"gold_loss":0.0,"damage_taken":0.0},{"damage_healed":0.0,"max_hp_gain":0.0,"max_hp_loss":0.0,"gold_gain":0.0,"event_name":"SensoryStone","player_choice":"Memory 2","floor":37.0,"gold_loss":0.0,"damage_taken":5.0},{"cards_removed":["Strike_B"],"damage_healed":0.0,"max_hp_gain":0.0,"max_hp_loss":0.0,"gold_gain":0.0,"event_name":"Falling","player_choice":"Removed Attack","floor":39.0,"gold_loss":0.0,"damage_taken":0.0},{"damage_healed":0.0,"max_hp_gain":0.0,"max_hp_loss":0.0,"gold_gain":0.0,"event_name":"Mysterious Sphere","player_choice":"Ignored","floor":45.0,"gold_loss":0.0,"damage_taken":0.0}],"is_beta":false,"boss_relics":[{"not_picked":["Eternal Feather","Tiny House"],"picked":"Nuclear Battery"},{"not_picked":["Black Star","Snecko Eye"],"picked":"FrozenCore"}],"items_purged_floors":[2,22,44],"is_endless":false,"potions_floor_spawned":[4,5,7,11,13,18,19,27,30,31,35,41],"killed_by":"Time Eater","ascension_level":0}