{"gold_per_floor":[210,161,179,195,195,195,223,223,249,249,269,305,230,254,254,350,350,366,366,384,384,162,162,202,202,279,279,303,377,377,398,398,492,492,508,526,323,448,466,466,500,525,525,545,767,767,791,810,810,810],"floor_reached":50,"playtime":2310,"items_purged":["Strike_R","Strike_R"],"score":904,"play_id":"af85ec76-45f8-4de7-bfd1-8f72068abbb1","local_time":"20190227140500","is_ascension_mode":true,"campfire_choices":[{"data":"Bash","floor":6.0,"key":"SMITH"},{"data":"Inflame","floor":10.0,"key":"SMITH"},{"data":"Armaments","floor":15.0,"key":"SMITH"},{"floor":23.0,"key":"REST"},{"floor":25.0,"key":"REST"},{"data":"True Grit","floor":30.0,"key":"SMITH"},{"floor":32.0,"key":"REST"},{"floor":40.0,"key":"REST"},{"floor":49.0,"key":"REST"}],"neow_cost":"NONE","seed_source_timestamp":40787004734668,"circlet_count":0,"master_deck":["AscendersBane","Strike_R","Strike_R+1","Defend_R","Defend_R","Defend_R","Defend_R","Bash+1","Inflame+1","Clothesline+1","Metallicize","Armaments+1","Bludgeon","Anger","Spot Weakness","Shrug It Off","Double Tap","True Grit+1","Evolve","Power Through","Havoc","Offering","Whirlwind+1","Fiend Fire","Heavy Blade+1","Warcry+1","Battle Trance","True Grit+1","Ghostly Armor+1","Heavy Blade"],"special_seed":0,"relics":["Burning Blood","Whetstone","Golden Idol","Potion Belt","Darkstone Periapt","Mark of Pain","Nilry\u0027s Codex","Red Mask","Meat on the Bone","Tiny Chest","Lizard Tail","Turnip","The Courier","Boot"],"potions_floor_usage":[],"damage_taken":[{"damage":2.0,"enemies":"Jaw Worm","floor":1.0,"turns":3.0},{"damage":0.0,"enemies":"Small Slimes","floor":3.0,"turns":3.0},{"damage":0.0,"enemies":"2 Louse","floor":4.0,"turns":2.0},{"damage":19.0,"enemies":"Lagavulin","floor":7.0,"turns":7.0},{"damage":4.0,"enemies":"Blue Slaver","floor":11.0,"turns":3.0},{"damage":18.0,"enemies":"Gremlin Nob","floor":12.0,"turns":4.0},{"damage":12.0,"enemies":"2 Fungi Beasts","floor":14.0,"turns":3.0},{"damage":29.0,"enemies":"Slime Boss","floor":16.0,"turns":8.0},{"damage":34.0,"enemies":"2 Thieves","floor":18.0,"turns":5.0},{"damage":4.0,"enemies":"3 Byrds","floor":20.0,"turns":6.0},{"damage":46.0,"enemies":"Masked Bandits","floor":24.0,"turns":6.0},{"damage":6.0,"enemies":"Centurion and Healer","floor":28.0,"turns":5.0},{"damage":20.0,"enemies":"Book of Stabbing","floor":29.0,"turns":6.0},{"damage":15.0,"enemies":"Shelled Parasite and Fungi","floor":31.0,"turns":6.0},{"damage":28.0,"enemies":"Collector","floor":33.0,"turns":7.0},{"damage":12.0,"enemies":"Orb Walker","floor":35.0,"turns":5.0},{"damage":19.0,"enemies":"3 Darklings","floor":36.0,"turns":6.0},{"damage":13.0,"enemies":"Mind Bloom Boss Battle","floor":38.0,"turns":7.0},{"damage":21.0,"enemies":"4 Shapes","floor":39.0,"turns":9.0},{"damage":37.0,"enemies":"Nemesis","floor":41.0,"turns":11.0},{"damage":19.0,"enemies":"Transient","floor":42.0,"turns":5.0},{"damage":29.0,"enemies":"Maw","floor":44.0,"turns":8.0},{"damage":25.0,"enemies":"Spire Growth","floor":47.0,"turns":9.0},{"damage":21.0,"enemies":"Jaw Worm Horde","floor":48.0,"turns":4.0},{"damage":103,"enemies":"Awakened One","floor":50,"turns":7}],"seed_played":"-390340437322445485","potions_obtained":[{"floor":3.0,"key":"Strength Potion"},{"floor":4.0,"key":"BloodPotion"},{"floor":12.0,"key":"Explosive Potion"},{"floor":16.0,"key":"Regen Potion"},{"floor":24.0,"key":"EssenceOfSteel"},{"floor":28.0,"key":"LiquidBronze"},{"floor":29.0,"key":"Regen Potion"},{"floor":35.0,"key":"Swift Potion"},{"floor":38.0,"key":"FairyPotion"},{"floor":44.0,"key":"Poison Potion"},{"floor":48.0,"key":"SteroidPotion"}],"is_trial":false,"path_per_floor":["M","$","M","M","?","R","E","?","T","R","M","E","?","M","R","B",null,"M","?","M","?","$","R","?","R","T","?","M","E","R","M","R","B",null,"M","M","$","?","M","R","E","M","T","M","?","?","M","M","R","B"],"character_chosen":"IRONCLAD","items_purchased":["Clothesline","Evolve","Power Through","SteroidPotion","SkillPotion"],"campfire_rested":5,"item_purchase_floors":[2,22,22,37,37],"current_hp_per_floor":[72,72,75,75,80,80,75,72,72,72,72,60,60,54,54,31,62,34,13,30,30,30,51,11,32,32,32,44,42,42,48,69,47,66,60,47,47,52,49,70,51,50,50,39,39,39,32,29,50,0],"gold":810,"neow_bonus":"HUNDRED_GOLD","is_prod":false,"is_daily":false,"chose_seed":false,"campfire_upgraded":4,"win_rate":0,"timestamp":1551305100,"path_taken":["M","$","M","M","?","R","E","?","T","R","M","E","?","M","R","BOSS","M","?","M","?","$","R","?","R","T","?","M","E","R","M","R","BOSS","M","M","$","?","M","R","E","M","T","M","?","?","?","M","R","BOSS"],"build_version":"2019-01-23","purchased_purges":2,"victory":false,"max_hp_per_floor":[75,75,75,75,80,80,80,72,72,72,72,72,72,72,72,72,72,72,72,72,72,72,72,72,72,72,72,72,72,72,72,72,72,72,72,72,72,72,72,72,72,72,72,72,72,72,72,72,72,72],"card_choices":[{"not_picked":["Sword Boomerang","Hemokinesis"],"picked":"Inflame","floor":1.0},{"not_picked":["Evolve","Carnage"],"picked":"Metallicize","floor":3.0},{"not_picked":["Warcry","Clash"],"picked":"Armaments","floor":4.0},{"not_picked":["Burning Pact","Intimidate"],"picked":"Bludgeon","floor":7.0},{"not_picked":["Burning Pact","Hemokinesis"],"picked":"Anger","floor":11.0},{"not_picked":["Dual Wield","Twin Strike"],"picked":"Spot Weakness","floor":12.0},{"not_picked":["Anger","Twin Strike"],"picked":"Shrug It Off","floor":14.0},{"not_picked":["Demon Form","Bludgeon"],"picked":"Double Tap","floor":16.0},{"not_picked":["Warcry","Sword Boomerang","Armaments"],"picked":"SKIP","floor":18.0},{"not_picked":["Power Through","Pommel Strike"],"picked":"True Grit","floor":20.0},{"not_picked":["Infernal Blade","Cleave"],"picked":"Havoc","floor":28.0},{"not_picked":["Inflame","Twin Strike"],"picked":"Offering","floor":29.0},{"not_picked":["Flex","Burning Pact"],"picked":"Whirlwind+1","floor":31.0},{"not_picked":["Immolate","Bludgeon"],"picked":"Fiend Fire","floor":33.0},{"not_picked":["Perfected Strike","Armaments"],"picked":"Heavy Blade+1","floor":35.0},{"not_picked":["Anger","Clash","Armaments"],"picked":"SKIP","floor":36.0},{"not_picked":["Headbutt+1","Carnage"],"picked":"Warcry+1","floor":39.0},{"not_picked":["Iron Wave","Metallicize+1"],"picked":"Battle Trance","floor":41.0},{"not_picked":["Rage","Sword Boomerang"],"picked":"True Grit+1","floor":42.0},{"not_picked":["Feed","Anger+1","Wild Strike+1"],"picked":"SKIP","floor":44.0},{"not_picked":["Shockwave","Wild Strike"],"picked":"Ghostly Armor+1","floor":47.0},{"not_picked":["Havoc","Iron Wave"],"picked":"Heavy Blade","floor":48.0}],"player_experience":2279100,"relics_obtained":[{"floor":7.0,"key":"Whetstone"},{"floor":9.0,"key":"Potion Belt"},{"floor":12.0,"key":"Darkstone Periapt"},{"floor":19.0,"key":"Nilry\u0027s Codex"},{"floor":24.0,"key":"Red Mask"},{"floor":26.0,"key":"Meat on the Bone"},{"floor":29.0,"key":"Tiny Chest"},{"floor":38.0,"key":"Turnip"},{"floor":41.0,"key":"The Courier"},{"floor":43.0,"key":"Boot"}],"event_choices":[{"damage_healed":0.0,"max_hp_gain":5.0,"max_hp_loss":0.0,"gold_gain":0.0,"event_name":"Big Fish","player_choice":"Donut","floor":5.0,"gold_loss":0.0,"damage_taken":0.0},{"damage_healed":0.0,"max_hp_gain":0.0,"max_hp_loss":8.0,"gold_gain":0.0,"event_name":"Golden Idol","player_choice":"Lose Max HP","floor":8.0,"gold_loss":0.0,"damage_taken":0.0,"relics_obtained":["Golden Idol"]},{"cards_removed":["Strike_R"],"damage_healed":0.0,"max_hp_gain":0.0,"max_hp_loss":0.0,"gold_gain":0.0,"event_name":"The Cleric","player_choice":"Card Removal","floor":13.0,"gold_loss":75.0,"damage_taken":0.0},{"damage_healed":0.0,"max_hp_gain":0.0,"max_hp_loss":0.0,"gold_gain":0.0,"event_name":"Cursed Tome","player_choice":"Obtained Book","floor":19.0,"gold_loss":0.0,"damage_taken":21.0},{"damage_healed":0.0,"max_hp_gain":0.0,"max_hp_loss":0.0,"gold_gain":0.0,"event_name":"Ghosts","player_choice":"Ignored","floor":21.0,"gold_loss":0.0,"damage_taken":0.0},{"damage_healed":0.0,"max_hp_gain":0.0,"max_hp_loss":0.0,"gold_gain":0.0,"event_name":"Masked Bandits","player_choice":"Fought Bandits","floor":24.0,"gold_loss":0.0,"damage_taken":0.0},{"damage_healed":0.0,"max_hp_gain":0.0,"max_hp_loss":0.0,"gold_gain":0.0,"event_name":"FaceTrader","player_choice":"Leave","floor":27.0,"gold_loss":0.0,"damage_taken":0.0},{"damage_healed":0.0,"max_hp_gain":0.0,"max_hp_loss":0.0,"gold_gain":0.0,"event_name":"MindBloom","player_choice":"Fight","floor":38.0,"gold_loss":0.0,"damage_taken":0.0},{"damage_healed":0.0,"max_hp_gain":0.0,"max_hp_loss":0.0,"gold_gain":222.0,"event_name":"Tomb of Lord Red Mask","player_choice":"Wore Mask","floor":45.0,"gold_loss":0.0,"damage_taken":0.0},{"damage_healed":0.0,"max_hp_gain":0.0,"max_hp_loss":0.0,"gold_gain":0.0,"event_name":"SecretPortal","player_choice":"Ignored","floor":46.0,"gold_loss":0.0,"damage_taken":0.0}],"is_beta":false,"boss_relics":[{"not_picked":["Eternal Feather","Calling Bell"],"picked":"Mark of Pain"},{"not_picked":["Fusion Hammer","Velvet Choker"],"picked":"Lizard Tail"}],"items_purged_floors":[22,37],"is_endless":false,"potions_floor_spawned":[3,4,12,16,24,28,29,35,38,44,48],"killed_by":"Awakened One","ascension_level":15}