{"gold_per_floor":[118,136,136,154,165,200,200,256,282,320,332,344,375,415,427,510,522,544,566,503,531,561,573,619,631,643,688,700,747,771,797,809,894,906,932,774,793,810,410,410,423,423,423,443,468,468,500,516,516,516,516],"floor_reached":52,"playtime":3054,"items_purged":[],"score":2248,"play_id":"106e5a56-a415-471f-84f2-2033a4a27863","local_time":"20180912152852","daily_mods":["Draft"],"is_ascension_mode":true,"campfire_choices":[{"data":"Glass Knife","floor":7.0,"key":"SMITH"},{"data":"Terror","floor":11.0,"key":"SMITH"},{"data":"Cloak And Dagger","floor":15.0,"key":"SMITH"},{"floor":23.0,"key":"REST"},{"data":"Sucker Punch","floor":25.0,"key":"SMITH"},{"data":"Footwork","floor":28.0,"key":"SMITH"},{"floor":32.0,"key":"REST"},{"floor":40.0,"key":"REST"},{"floor":42,"key":"REST"},{"floor":49,"key":"REST"}],"neow_cost":"","seed_source_timestamp":0,"circlet_count":0,"master_deck":["AscendersBane","Slice","Backstab","Quick Slash","Leg Sweep+1","Dash","Deflect+1","Calculated Gamble","Skewer","Dodge and Roll","Dagger Throw","Slice","Dagger Spray","Footwork+1","Sucker Punch+1","Sucker Punch","Glass Knife+1","Well Laid Plans","Cloak And Dagger+1","Terror+1","Adrenaline","Backflip","Masterful Stab+1","Backstab","Backflip","Outmaneuver+1","Venomology","Malaise","Footwork","Cloak And Dagger+1","Backflip+1"],"special_seed":0,"relics":["Ring of the Snake","Centennial Puzzle","MawBank","Bag of Preparation","The Specimen","Black Star","Snake Skull","Pen Nib","Mummified Hand","Red Mask","Lantern","Blood Vial","Fusion Hammer","War Paint","Happy Flower","ClockworkSouvenir","Toxic Egg 2","Incense Burner","FossilizedHelix","Nunchaku","Juzu Bracelet","Dream Catcher"],"potions_floor_usage":[44,45,45,46,50,50,51],"damage_taken":[{"damage":0.0,"enemies":"Jaw Worm","floor":1.0,"turns":2.0},{"damage":0.0,"enemies":"2 Louse","floor":2.0,"turns":2.0},{"damage":0.0,"enemies":"Small Slimes","floor":4.0,"turns":2.0},{"damage":0.0,"enemies":"Blue Slaver","floor":5.0,"turns":3.0},{"damage":14.0,"enemies":"Lagavulin","floor":6.0,"turns":5.0},{"damage":0.0,"enemies":"3 Sentries","floor":10.0,"turns":4.0},{"damage":0.0,"enemies":"Exordium Thugs","floor":13.0,"turns":3.0},{"damage":0.0,"enemies":"Gremlin Nob","floor":14.0,"turns":3.0},{"damage":0.0,"enemies":"Slime Boss","floor":16.0,"turns":5.0},{"damage":4.0,"enemies":"Shell Parasite","floor":18.0,"turns":3.0},{"damage":0.0,"enemies":"2 Thieves","floor":19.0,"turns":3.0},{"damage":0.0,"enemies":"Snecko","floor":21.0,"turns":4.0},{"damage":14.0,"enemies":"Shelled Parasite and Fungi","floor":22.0,"turns":4.0},{"damage":0.0,"enemies":"Gremlin Leader","floor":24.0,"turns":4.0},{"damage":9.0,"enemies":"Masked Bandits","floor":27.0,"turns":3.0},{"damage":14.0,"enemies":"Slavers","floor":29.0,"turns":5.0},{"damage":2.0,"enemies":"3 Cultists","floor":30.0,"turns":3.0},{"damage":0.0,"enemies":"Centurion and Healer","floor":31.0,"turns":3.0},{"damage":37.0,"enemies":"Automaton","floor":33.0,"turns":10.0},{"damage":0.0,"enemies":"3 Darklings","floor":35.0,"turns":6.0},{"damage":0.0,"enemies":"Orb Walker","floor":37.0,"turns":2.0},{"damage":0.0,"enemies":"Maw","floor":38.0,"turns":6.0},{"damage":2.0,"enemies":"3 Darklings","floor":41.0,"turns":5.0},{"damage":1,"enemies":"Transient","floor":44,"turns":6},{"damage":7,"enemies":"Giant Head","floor":45,"turns":6},{"damage":0,"enemies":"Mind Bloom Boss Battle","floor":46,"turns":3},{"damage":10,"enemies":"2 Orb Walkers","floor":47,"turns":4},{"damage":6,"enemies":"Reptomancer","floor":48,"turns":4},{"damage":0,"enemies":"Donu and Deca","floor":50,"turns":18},{"damage":6,"enemies":"Awakened One","floor":51,"turns":35}],"seed_played":"-1245473455524127900","potions_obtained":[{"floor":2.0,"key":"AttackPotion"},{"floor":5.0,"key":"Explosive Potion"},{"floor":10.0,"key":"Swift Potion"},{"floor":18.0,"key":"SneckoOil"},{"floor":30.0,"key":"Poison Potion"},{"floor":44,"key":"AttackPotion"}],"is_trial":true,"path_per_floor":["M","M","?","M","M","E","R","?","T","E","R","$","M","E","R","B",null,"M","M","?","M","M","R","E","R","T","?","R","E","M","M","R","B",null,"M","$","M","M","$","R","M","R","T","M","E","?","E","M","R","B","B"],"character_chosen":"THE_SILENT","items_purchased":["War Paint","Happy Flower","ClockworkSouvenir"],"campfire_rested":5,"item_purchase_floors":[36,39,39],"current_hp_per_floor":[59,59,64,64,64,50,50,50,50,50,50,50,50,50,50,50,66,62,62,62,62,48,69,69,69,69,60,60,46,46,48,69,34,62,64,64,66,68,68,71,69,71,71,70,64,66,58,54,71,71,65],"gold":516,"neow_bonus":"","is_prod":false,"is_daily":false,"chose_seed":false,"campfire_upgraded":5,"win_rate":0,"timestamp":1536791332,"path_taken":["M","M","?","M","M","E","R","?","T","E","R","$","M","E","R","BOSS","M","M","?","M","?","R","E","R","T","?","R","E","?","M","R","BOSS","M","$","M","M","$","R","M","R","T","M","E","?","E","M","R","BOSS","BOSS"],"build_version":"2018-09-06","purchased_purges":0,"victory":true,"max_hp_per_floor":[66,66,71,71,71,71,71,71,71,71,71,71,71,71,71,71,71,71,71,71,71,71,71,71,71,71,71,71,71,71,71,71,71,71,71,71,71,71,71,71,71,71,71,71,71,71,71,71,71,71,71],"card_choices":[{"not_picked":["Sucker Punch","Poisoned Stab"],"picked":"Slice","floor":0.0},{"not_picked":["Deadly Poison","Prepared"],"picked":"Heel Hook","floor":0.0},{"not_picked":["Flying Knee","Endless Agony"],"picked":"Backstab","floor":0.0},{"not_picked":["Riddle With Holes","Blade Dance"],"picked":"Quick Slash","floor":0.0},{"not_picked":["Blade Dance","Flying Knee"],"picked":"Leg Sweep","floor":0.0},{"not_picked":["Cloak And Dagger","Deflect"],"picked":"Dash","floor":0.0},{"not_picked":["Acrobatics","Slice"],"picked":"Deflect","floor":0.0},{"not_picked":["Prepared","Blade Dance"],"picked":"Calculated Gamble","floor":0.0},{"not_picked":["Backflip","Prepared"],"picked":"Skewer","floor":0.0},{"not_picked":["Eviscerate","Concentrate"],"picked":"Dodge and Roll","floor":0.0},{"not_picked":["Underhanded Strike","Backflip"],"picked":"Dagger Throw","floor":0.0},{"not_picked":["Blade Dance","Underhanded Strike"],"picked":"Slice","floor":0.0},{"not_picked":["Distraction","All Out Attack"],"picked":"Dagger Spray","floor":0.0},{"not_picked":["Riddle With Holes","Quick Slash"],"picked":"Footwork","floor":0.0},{"not_picked":["PiercingWail","Finisher"],"picked":"Sucker Punch","floor":0.0},{"not_picked":["Deflect","Underhanded Strike"],"picked":"Sucker Punch","floor":1.0},{"not_picked":["Quick Slash","Blade Dance"],"picked":"Glass Knife","floor":2.0},{"not_picked":["Backflip","Calculated Gamble"],"picked":"Well Laid Plans","floor":4.0},{"not_picked":["Bane","Flying Knee","Dagger Throw"],"picked":"SKIP","floor":5.0},{"not_picked":["PiercingWail","Dodge and Roll"],"picked":"Cloak And Dagger","floor":6.0},{"not_picked":["Noxious Fumes","Quick Slash"],"picked":"Terror","floor":10.0},{"not_picked":["Dagger Throw","Well Laid Plans","Dagger Spray"],"picked":"SKIP","floor":13.0},{"not_picked":["Outmaneuver","Quick Slash","Choke"],"picked":"SKIP","floor":14.0},{"not_picked":["Envenom","Glass Knife"],"picked":"Adrenaline","floor":16.0},{"not_picked":["Underhanded Strike","Slice"],"picked":"Backflip","floor":18.0},{"not_picked":["Flying Knee","All Out Attack","Well Laid Plans"],"picked":"SKIP","floor":19.0},{"not_picked":["Leg Sweep","Poisoned Stab+1"],"picked":"Masterful Stab+1","floor":21.0},{"not_picked":["Acrobatics","Envenom"],"picked":"Backstab","floor":22.0},{"not_picked":["Eviscerate","Well Laid Plans"],"picked":"Backflip","floor":24.0},{"not_picked":["Accuracy","Acrobatics"],"picked":"Outmaneuver+1","floor":29.0},{"not_picked":["Flechettes","Sucker Punch","Underhanded Strike"],"picked":"SKIP","floor":30.0},{"not_picked":["Finisher","Poisoned Stab"],"picked":"Venomology","floor":31.0},{"not_picked":["Phantasmal Killer","After Image"],"picked":"Malaise","floor":33.0},{"not_picked":["PiercingWail","Backflip"],"picked":"Footwork","floor":35.0},{"not_picked":["Terror","All Out Attack","Bane"],"picked":"SKIP","floor":37.0},{"not_picked":["Footwork","Reflex","Blade Dance"],"picked":"SKIP","floor":38.0},{"not_picked":["Deflect","Dagger Throw","Sucker Punch+1"],"picked":"SKIP","floor":41.0},{"not_picked":["Storm of Steel+1","Dodge and Roll+1"],"picked":"Cloak And Dagger+1","floor":44},{"not_picked":["Underhanded Strike+1","Dagger Spray","Phantasmal Killer+1"],"picked":"SKIP","floor":45},{"not_picked":["Endless Agony+1","Bane","Flying Knee+1"],"picked":"SKIP","floor":47},{"not_picked":["Accuracy","Terror+1"],"picked":"Backflip+1","floor":48}],"player_experience":1113735,"relics_obtained":[{"floor":6.0,"key":"Centennial Puzzle"},{"floor":9.0,"key":"MawBank"},{"floor":10.0,"key":"Bag of Preparation"},{"floor":14.0,"key":"The Specimen"},{"floor":24.0,"key":"Snake Skull"},{"floor":24.0,"key":"Pen Nib"},{"floor":26.0,"key":"Mummified Hand"},{"floor":27.0,"key":"Red Mask"},{"floor":29.0,"key":"Lantern"},{"floor":29.0,"key":"Blood Vial"},{"floor":43,"key":"Toxic Egg 2"},{"floor":45,"key":"Incense Burner"},{"floor":45,"key":"FossilizedHelix"},{"floor":46,"key":"Nunchaku"},{"floor":47,"key":"Juzu Bracelet"},{"floor":47,"key":"Dream Catcher"}],"event_choices":[{"event_name":"Big Fish","player_choice":"Donut","floor":3.0,"damage_taken":0.0},{"event_name":"Golden Wing","player_choice":"Gained Gold","floor":8.0,"damage_taken":0.0},{"event_name":"Beggar","player_choice":"Gave Gold","floor":20.0,"damage_taken":0.0},{"event_name":"Masked Bandits","player_choice":"Fought Bandits","floor":27.0,"damage_taken":0.0},{"event_name":"MindBloom","player_choice":"Fight","floor":46,"damage_taken":0}],"is_beta":false,"boss_relics":[{"not_picked":["Calling Bell","HoveringKite"],"picked":"Black Star"},{"not_picked":["Lizard Tail","Sozu"],"picked":"Fusion Hammer"}],"items_purged_floors":[],"is_endless":false,"potions_floor_spawned":[2,5,6,10,18,19,21,30,37,44,47],"ascension_level":20}