{"gold_per_floor":[118,118,128,53,67,67,113,146,199,199,249,249,276,13,13,88,88,104,104,118,135,147,147,147],"floor_reached":24,"playtime":897,"items_purged":["Strike_G"],"score":408,"play_id":"501fd6fa-179a-4e58-bb02-ff0587c5e723","local_time":"20181208002718","is_ascension_mode":true,"campfire_choices":[{"data":"Quick Slash","floor":6.0,"key":"SMITH"},{"data":"Deadly Poison","floor":10.0,"key":"SMITH"},{"data":"Neutralize","floor":12.0,"key":"SMITH"},{"data":"Acrobatics","floor":15.0,"key":"SMITH"},{"data":"Survivor","floor":23,"key":"SMITH"}],"neow_cost":"NONE","seed_source_timestamp":8387063813333,"circlet_count":0,"master_deck":["AscendersBane","Defend_G","Defend_G","Defend_G","Defend_G","Defend_G","Strike_G","Strike_G+1","Strike_G","Strike_G+1","Survivor+1","Neutralize+1","Quick Slash+1","Deadly Poison+1","Leg Sweep","Acrobatics+1","Backflip+1","Catalyst+1","Deadly Poison+1"],"special_seed":0,"relics":["Ring of the Snake","NeowsBlessing","Whetstone","Juzu Bracelet","Lantern","Thread and Needle","Toxic Egg 2","Coffee Dripper"],"potions_floor_usage":[],"damage_taken":[{"damage":0.0,"enemies":"Jaw Worm","floor":1.0,"turns":1.0},{"damage":0.0,"enemies":"Cultist","floor":3.0,"turns":1.0},{"damage":0.0,"enemies":"2 Louse","floor":5.0,"turns":1.0},{"damage":15.0,"enemies":"Lagavulin","floor":8.0,"turns":7.0},{"damage":5.0,"enemies":"3 Sentries","floor":13.0,"turns":7.0},{"damage":25.0,"enemies":"Hexaghost","floor":16.0,"turns":10.0},{"damage":2.0,"enemies":"Shell Parasite","floor":18.0,"turns":5.0},{"damage":5.0,"enemies":"Colosseum Slavers","floor":19.0,"turns":6.0},{"damage":20.0,"enemies":"3 Byrds","floor":20.0,"turns":8.0},{"damage":7.0,"enemies":"Snecko","floor":21.0,"turns":6.0},{"damage":5.0,"enemies":"Snake Plant","floor":22.0,"turns":3.0},{"damage":13,"enemies":"Chosen and Byrds","floor":24,"turns":6}],"seed_played":"-3507020167500155670","potions_obtained":[{"floor":1.0,"key":"EssenceOfSteel"},{"floor":2.0,"key":"GamblersBrew"},{"floor":2.0,"key":"PowerPotion"},{"floor":8.0,"key":"Explosive Potion"},{"floor":13.0,"key":"LiquidBronze"},{"floor":20.0,"key":"GamblersBrew"},{"floor":22.0,"key":"FearPotion"}],"is_trial":false,"path_per_floor":["M","?","M","$","M","R","T","E","T","R","?","R","E","$","R","B",null,"M","?","M","M","M","R","M"],"character_chosen":"THE_SILENT","items_purchased":["Toxic Egg 2"],"campfire_rested":0,"item_purchase_floors":[14],"current_hp_per_floor":[59,59,59,59,59,59,59,44,44,44,38,38,33,33,33,8,52,50,45,25,18,13,13,0],"gold":147,"neow_bonus":"THREE_ENEMY_KILL","is_prod":false,"is_daily":false,"chose_seed":false,"campfire_upgraded":5,"win_rate":0,"timestamp":1544200038,"path_taken":["M","?","M","?","?","R","?","E","T","R","?","R","E","$","R","BOSS","M","?","M","M","M","R","M"],"build_version":"2018-12-06","purchased_purges":1,"victory":false,"max_hp_per_floor":[66,66,66,66,66,66,66,66,66,66,66,66,66,66,66,66,66,66,66,66,66,66,66,66],"card_choices":[{"not_picked":["Skewer","Setup"],"picked":"Quick Slash","floor":1.0},{"not_picked":["Underhanded Strike","Deflect"],"picked":"Deadly Poison","floor":3.0},{"not_picked":["Dodge and Roll","Tools of the Trade"],"picked":"Leg Sweep","floor":5.0},{"not_picked":["Flying Knee","Dagger Throw","Endless Agony"],"picked":"SKIP","floor":8.0},{"not_picked":["Infinite Blades","Quick Slash"],"picked":"Acrobatics","floor":13.0},{"not_picked":["Dagger Spray","Dodge and Roll+1","Dagger Throw"],"picked":"SKIP","floor":18.0},{"not_picked":["Acrobatics+1","Tools of the Trade"],"picked":"Backflip+1","floor":20.0},{"not_picked":["Outmaneuver+1","Accuracy"],"picked":"Catalyst+1","floor":21.0},{"not_picked":["Infinite Blades","Poisoned Stab"],"picked":"Deadly Poison+1","floor":22.0}],"player_experience":2303841,"relics_obtained":[{"floor":7.0,"key":"Whetstone"},{"floor":8.0,"key":"Juzu Bracelet"},{"floor":9.0,"key":"Lantern"},{"floor":13.0,"key":"Thread and Needle"}],"event_choices":[{"damage_healed":0.0,"max_hp_gain":0.0,"max_hp_loss":0.0,"gold_gain":0.0,"event_name":"Lab","player_choice":"Got Potions","floor":2.0,"gold_loss":0.0,"damage_taken":0.0},{"damage_healed":0.0,"max_hp_gain":0.0,"max_hp_loss":0.0,"gold_gain":50.0,"event_name":"FaceTrader","player_choice":"Touch","floor":11.0,"gold_loss":0.0,"damage_taken":6.0},{"damage_healed":0.0,"max_hp_gain":0.0,"max_hp_loss":0.0,"gold_gain":0.0,"event_name":"Colosseum","player_choice":"Fight","floor":19.0,"gold_loss":0.0,"damage_taken":0.0},{"damage_healed":0.0,"max_hp_gain":0.0,"max_hp_loss":0.0,"gold_gain":0.0,"event_name":"Colosseum","player_choice":"Fled From Nobs","floor":19.0,"gold_loss":0.0,"damage_taken":0.0}],"is_beta":false,"boss_relics":[{"not_picked":["Eternal Feather","Tiny House"],"picked":"Coffee Dripper"}],"items_purged_floors":[4],"is_endless":false,"potions_floor_spawned":[1,8,13,19,20,22],"killed_by":"Chosen and Byrds","ascension_level":20}