{"gold_per_floor":[112,123,135,149,149,149,176,146,146,146,173,173,190,190,190,266,266,277,293,312,59,72,72,91,120,120,120,153,165,256,286,298,384,396,427,439,246,262,124,124,149,149,172,191,191,226,240,240,240,240],"floor_reached":51,"playtime":1905,"items_purged":["Strike_B","Strike_B"],"score":1440,"play_id":"db405aca-56d0-496b-a8b4-39bb142e5809","local_time":"20181107120804","is_ascension_mode":true,"campfire_choices":[{"data":"Doom and Gloom","floor":6.0,"key":"SMITH"},{"data":"Buffer","floor":10.0,"key":"SMITH"},{"floor":12.0,"key":"REST"},{"data":"Sweeping Beam","floor":15.0,"key":"SMITH"},{"floor":23.0,"key":"REST"},{"data":"Capacitor","floor":29.0,"key":"SMITH"},{"floor":32.0,"key":"REST"},{"data":"Capacitor","floor":40,"key":"SMITH"},{"data":"Defragment","floor":42,"key":"SMITH"},{"data":"Barrage","floor":49,"key":"SMITH"}],"neow_cost":"NONE","seed_source_timestamp":11021369121358,"circlet_count":0,"master_deck":["AscendersBane","Strike_B","Defend_B","Defend_B+1","Defend_B+1","Defend_B","Zap+1","Dualcast","Defragment+1","FTL","Doom and Gloom+1","Steam","Buffer+1","Defragment+1","Sweeping Beam+1","All For One+1","Compile Driver+1","Auto Shields","Leap+1","Capacitor+1","Glacier","Ball Lightning","Steam+1","Seek+1","Stack+1","Rip and Tear","Electrodynamics","Conserve Battery+1","Hologram+1","Capacitor+1","Force Field+1","Barrage+1","Glacier+1","Fusion+1","Pain"],"special_seed":0,"relics":["Cracked Core","War Paint","Blue Candle","Ornamental Fan","Bottled Flame","Nuclear Battery","Whetstone","Strawberry","Letter Opener","MawBank","Toxic Egg 2","Sozu","Juzu Bracelet","Dream Catcher","Anchor","WarpedTongs"],"potions_floor_usage":[],"damage_taken":[{"damage":0.0,"enemies":"Cultist","floor":1.0,"turns":3.0},{"damage":0.0,"enemies":"2 Louse","floor":2.0,"turns":2.0},{"damage":0.0,"enemies":"Small Slimes","floor":3.0,"turns":3.0},{"damage":4.0,"enemies":"Gremlin Gang","floor":4.0,"turns":4.0},{"damage":8.0,"enemies":"Gremlin Nob","floor":7.0,"turns":3.0},{"damage":20.0,"enemies":"3 Sentries","floor":11.0,"turns":4.0},{"damage":0.0,"enemies":"Blue Slaver","floor":13.0,"turns":4.0},{"damage":31.0,"enemies":"Slime Boss","floor":16.0,"turns":9.0},{"damage":6.0,"enemies":"3 Byrds","floor":18.0,"turns":3.0},{"damage":14.0,"enemies":"2 Thieves","floor":19.0,"turns":4.0},{"damage":5.0,"enemies":"Snake Plant","floor":20.0,"turns":4.0},{"damage":19.0,"enemies":"Centurion and Healer","floor":22.0,"turns":8.0},{"damage":0.0,"enemies":"Shelled Parasite and Fungi","floor":24.0,"turns":5.0},{"damage":8.0,"enemies":"Book of Stabbing","floor":25.0,"turns":5.0},{"damage":5.0,"enemies":"Gremlin Leader","floor":28.0,"turns":7.0},{"damage":0.0,"enemies":"3 Cultists","floor":31.0,"turns":5.0},{"damage":11.0,"enemies":"Champ","floor":33.0,"turns":17.0},{"damage":0,"enemies":"Orb Walker","floor":35,"turns":3},{"damage":0,"enemies":"3 Shapes","floor":38,"turns":3},{"damage":0,"enemies":"Reptomancer","floor":41,"turns":6},{"damage":0,"enemies":"Jaw Worm Horde","floor":44,"turns":3},{"damage":0,"enemies":"Giant Head","floor":46,"turns":8},{"damage":0,"enemies":"Maw","floor":47,"turns":8},{"damage":11,"enemies":"Donu and Deca","floor":50,"turns":9}],"seed_played":"-356480766386665096","potions_obtained":[{"floor":1.0,"key":"FearPotion"},{"floor":3.0,"key":"SkillPotion"},{"floor":8.0,"key":"LiquidBronze"},{"floor":8.0,"key":"SkillPotion"},{"floor":16.0,"key":"EssenceOfSteel"},{"floor":18.0,"key":"Weak Potion"},{"floor":22.0,"key":"Strength Potion"},{"floor":25.0,"key":"Strength Potion"},{"floor":31.0,"key":"SpeedPotion"}],"is_trial":false,"path_per_floor":["M","M","M","M","?","R","E","?","T","R","E","R","M","?","R","B",null,"M","M","M","$","M","R","M","E","T","?","E","R","T","M","R","B",null,"M","?","$","M","$","R","E","R","T","M","?","E","M","?","R","B",null],"character_chosen":"DEFECT","items_purchased":["Capacitor","Whetstone","Electrodynamics","Conserve Battery+1","Capacitor"],"campfire_rested":3,"item_purchase_floors":[21,21,37,37,39],"current_hp_per_floor":[64,64,64,60,39,39,31,31,31,31,11,32,32,71,71,40,63,57,43,38,38,19,40,40,39,39,39,34,34,34,34,57,46,70,70,70,70,70,70,70,70,70,70,70,70,70,70,70,70,59],"gold":240,"neow_bonus":"RANDOM_COMMON_RELIC","is_prod":false,"is_daily":false,"chose_seed":false,"campfire_upgraded":7,"win_rate":0,"timestamp":1541621284,"path_taken":["M","M","M","M","?","R","E","?","T","R","E","R","?","?","R","BOSS","M","?","?","$","M","R","M","E","T","?","E","R","?","M","R","BOSS","M","?","$","?","$","R","E","R","T","M","?","E","M","?","R","BOSS"],"build_version":"2018-11-01","purchased_purges":2,"victory":true,"max_hp_per_floor":[71,71,71,71,71,71,71,71,71,71,71,71,71,71,71,71,71,71,71,71,71,71,71,71,78,78,78,78,78,78,78,78,78,78,78,78,78,78,78,78,78,78,78,78,78,78,78,78,78,78],"card_choices":[{"not_picked":["Recycle","Sweeping Beam"],"picked":"Defragment","floor":1.0},{"not_picked":["Hologram","Beam Cell"],"picked":"FTL","floor":2.0},{"not_picked":["Barrage","Fusion"],"picked":"Doom and Gloom","floor":3.0},{"not_picked":["Doom and Gloom","Rebound"],"picked":"Steam","floor":4.0},{"not_picked":["Blizzard","Scrape"],"picked":"Buffer","floor":7.0},{"not_picked":["Beam Cell","Leap"],"picked":"Defragment","floor":11.0},{"not_picked":["Self Repair","Beam Cell"],"picked":"Sweeping Beam","floor":13.0},{"not_picked":["Amplify","Hyperbeam"],"picked":"All For One","floor":16.0},{"not_picked":["Reprogram","Hologram"],"picked":"Compile Driver","floor":18.0},{"not_picked":["Rebound","Steam"],"picked":"Auto Shields","floor":19.0},{"not_picked":["Loop","Barrage"],"picked":"Leap+1","floor":20.0},{"not_picked":["Hologram","Force Field"],"picked":"Glacier","floor":22.0},{"not_picked":["Beam Cell","Reinforced Body"],"picked":"Ball Lightning","floor":24.0},{"not_picked":["Hologram","Darkness","Ball Lightning"],"picked":"SKIP","floor":25.0},{"not_picked":["Loop","Streamline","Leap+1"],"picked":"SKIP","floor":28.0},{"not_picked":["Gash","Chaos+1"],"picked":"Steam+1","floor":31.0},{"not_picked":["Core Surge","Meteor Strike"],"picked":"Seek+1","floor":33.0},{"not_picked":["Sunder","Steam Power+1"],"picked":"Stack+1","floor":35},{"not_picked":["Steam+1","Sweeping Beam"],"picked":"Hologram+1","floor":38},{"not_picked":["Scrape","Hello World"],"picked":"Force Field+1","floor":41},{"not_picked":["Static Discharge+1","Ball Lightning"],"picked":"Barrage","floor":44},{"not_picked":["Redo+1","Compile Driver"],"picked":"Fusion+1","floor":46},{"not_picked":["Hyperbeam","Rebound","Tempest+1"],"picked":"SKIP","floor":47}],"player_experience":1601148,"relics_obtained":[{"floor":7.0,"key":"Blue Candle"},{"floor":9.0,"key":"Ornamental Fan"},{"floor":11.0,"key":"Bottled Flame"},{"floor":25.0,"key":"Strawberry"},{"floor":26.0,"key":"Letter Opener"},{"floor":28.0,"key":"MawBank"},{"floor":30.0,"key":"Toxic Egg 2"},{"floor":41,"key":"Juzu Bracelet"},{"floor":43,"key":"Dream Catcher"},{"floor":46,"key":"Anchor"}],"event_choices":[{"damage_healed":0.0,"max_hp_gain":0.0,"max_hp_loss":0.0,"gold_gain":0.0,"event_name":"Shining Light","player_choice":"Entered Light","floor":5.0,"gold_loss":0.0,"damage_taken":21.0,"cards_upgraded":["Zap","Defragment"]},{"damage_healed":0.0,"max_hp_gain":0.0,"max_hp_loss":0.0,"gold_gain":0.0,"event_name":"The Woman in Blue","player_choice":"Bought 2 Potions","floor":8.0,"gold_loss":0.0,"damage_taken":0.0},{"damage_healed":39.0,"max_hp_gain":0.0,"max_hp_loss":0.0,"gold_gain":0.0,"event_name":"Wheel of Change","player_choice":"Full Heal","floor":14.0,"gold_loss":0.0,"damage_taken":0.0},{"damage_healed":0.0,"max_hp_gain":0.0,"max_hp_loss":0.0,"gold_gain":0.0,"event_name":"The Mausoleum","player_choice":"Ignored","floor":27.0,"gold_loss":0.0,"damage_taken":0.0},{"damage_healed":0,"gold_gain":0,"cards_transformed":["Strike_B"],"player_choice":"Transformed","damage_taken":0,"max_hp_gain":0,"max_hp_loss":0,"event_name":"Transmorgrifier","floor":36,"gold_loss":0,"cards_obtained":["Rip and Tear"]},{"damage_healed":0,"gold_gain":0,"player_choice":"Copied","damage_taken":0,"max_hp_gain":0,"max_hp_loss":0,"event_name":"Duplicator","floor":45,"gold_loss":0,"cards_obtained":["Glacier"]},{"damage_healed":0,"gold_gain":0,"player_choice":"Rummage","damage_taken":0,"relics_obtained":["WarpedTongs"],"max_hp_gain":0,"max_hp_loss":0,"event_name":"Accursed Blacksmith","floor":48,"gold_loss":0,"cards_obtained":["Pain"]}],"is_beta":false,"boss_relics":[{"not_picked":["Inserter","Coffee Dripper"],"picked":"Nuclear Battery"},{"not_picked":["Black Star","Pandora\u0027s Box"],"picked":"Sozu"}],"items_purged_floors":[21,39],"is_endless":false,"potions_floor_spawned":[1,3,11,16,18,19,22,25,31,44,47],"ascension_level":15}