{"gold_per_floor":[116,116,31,45,195,224,224,249,249,249,249,264,279,299,299,378,378,393,310,329,0,0,0,14,14],"floor_reached":25,"playtime":1685,"items_purged":[],"score":433,"play_id":"70aff9c9-d0ee-423d-bd8e-dcf4e516d07a","local_time":"20190303200955","is_ascension_mode":true,"campfire_choices":[{"data":"Defragment","floor":7.0,"key":"SMITH"},{"floor":10.0,"key":"REST"},{"data":"Recycle","floor":15.0,"key":"SMITH"},{"floor":23,"key":"REST"}],"neow_cost":"NONE","seed_source_timestamp":93964326905682,"circlet_count":0,"master_deck":["AscendersBane","Strike_B","Strike_B","Strike_B","Defend_B","Defend_B","Defend_B","Defend_B","Zap","Dualcast","Beam Cell","Self Repair","Doom and Gloom","Defragment+1","BootSequence","Genetic Algorithm","Go for the Eyes","Recycle+1","Hyperbeam","Redo","Sunder","Conserve Battery","Coolheaded","Consume","Capacitor","BootSequence","Loop"],"special_seed":0,"relics":["Cracked Core","NeowsBlessing","Pear","Dead Branch","Dodecahedron","Odd Mushroom","Orrery","Sundial"],"potions_floor_usage":[24,24,25],"damage_taken":[{"damage":0.0,"enemies":"Cultist","floor":1.0,"turns":1.0},{"damage":0.0,"enemies":"Jaw Worm","floor":4.0,"turns":1.0},{"damage":0.0,"enemies":"Gremlin Nob","floor":6.0,"turns":1.0},{"damage":50.0,"enemies":"3 Sentries","floor":8.0,"turns":6.0},{"damage":0.0,"enemies":"2 Louse","floor":12.0,"turns":3.0},{"damage":4.0,"enemies":"Red Slaver","floor":13.0,"turns":3.0},{"damage":17.0,"enemies":"The Mushroom Lair","floor":14.0,"turns":6.0},{"damage":31.0,"enemies":"Hexaghost","floor":16.0,"turns":9.0},{"damage":18.0,"enemies":"2 Thieves","floor":18.0,"turns":4.0},{"damage":18.0,"enemies":"Spheric Guardian","floor":20.0,"turns":6.0},{"damage":18,"enemies":"Snake Plant","floor":24,"turns":5},{"damage":49,"enemies":"Sentry and Sphere","floor":25,"turns":5}],"seed_played":"-8210257581508918044","potions_obtained":[{"floor":1.0,"key":"Energy Potion"},{"floor":8.0,"key":"Weak Potion"},{"floor":12.0,"key":"Energy Potion"},{"floor":20.0,"key":"AttackPotion"},{"floor":24,"key":"Dexterity Potion"}],"is_trial":false,"path_per_floor":["M","?","$","M","?","E","R","E","T","R","?","M","M","?","R","B",null,"M","$","M","$","?","R","M","M"],"character_chosen":"DEFECT","items_purchased":["Self Repair","Capacitor","Sundial","Dexterity Potion"],"campfire_rested":2,"item_purchase_floors":[3,19,21,21],"current_hp_per_floor":[64,57,57,57,57,67,67,24,24,48,48,48,51,41,41,17,65,47,47,29,29,29,53,42,0],"gold":14,"neow_bonus":"THREE_ENEMY_KILL","is_prod":false,"is_daily":false,"chose_seed":false,"campfire_upgraded":2,"win_rate":0,"timestamp":1551640195,"path_taken":["M","?","$","M","?","E","R","E","T","R","?","?","M","?","R","BOSS","M","$","M","$","?","R","M","M"],"build_version":"2019-01-23","purchased_purges":0,"victory":false,"max_hp_per_floor":[71,71,71,71,71,81,81,81,81,81,81,81,81,81,81,81,81,81,81,81,81,81,81,81,81],"card_choices":[{"not_picked":["Steam Power","Stack"],"picked":"Beam Cell","floor":1.0},{"not_picked":["Coolheaded","Turbo"],"picked":"Doom and Gloom","floor":4.0},{"not_picked":["Barrage","Sweeping Beam"],"picked":"Defragment","floor":6.0},{"not_picked":["Reboot","Capacitor"],"picked":"BootSequence","floor":8.0},{"not_picked":["Ball Lightning","Double Energy"],"picked":"Genetic Algorithm","floor":12.0},{"not_picked":["Coolheaded","Barrage"],"picked":"Go for the Eyes","floor":13.0},{"not_picked":["Conserve Battery","Fusion"],"picked":"Recycle","floor":14.0},{"not_picked":["Amplify","Multi-Cast"],"picked":"Hyperbeam","floor":16.0},{"not_picked":["Barrage","Rip and Tear"],"picked":"Redo","floor":17.0},{"not_picked":["Rebound","Doom and Gloom"],"picked":"Sunder","floor":17.0},{"not_picked":["Streamline","Sweeping Beam"],"picked":"Conserve Battery","floor":17.0},{"not_picked":["Compile Driver","Go for the Eyes"],"picked":"Coolheaded","floor":17.0},{"not_picked":["Lockon","Recycle"],"picked":"Consume","floor":18.0},{"not_picked":["Cold Snap","Compile Driver"],"picked":"BootSequence","floor":20.0},{"not_picked":["Go for the Eyes","Barrage"],"picked":"Loop","floor":24}],"player_experience":584412,"relics_obtained":[{"floor":6.0,"key":"Pear"},{"floor":8.0,"key":"Dead Branch"},{"floor":9.0,"key":"Dodecahedron"},{"floor":14.0,"key":"Odd Mushroom"}],"event_choices":[{"cards_removed":["Strike_B"],"damage_healed":0.0,"max_hp_gain":0.0,"max_hp_loss":0.0,"gold_gain":0.0,"event_name":"Golden Wing","player_choice":"Card Removal","floor":2.0,"gold_loss":0.0,"damage_taken":7.0},{"damage_healed":0.0,"max_hp_gain":0.0,"max_hp_loss":0.0,"gold_gain":150.0,"event_name":"Liars Game","player_choice":"AGREE","floor":5.0,"gold_loss":0.0,"damage_taken":0.0,"cards_obtained":["Doubt"]},{"cards_removed":["Doubt"],"damage_healed":0.0,"max_hp_gain":0.0,"max_hp_loss":0.0,"gold_gain":0.0,"event_name":"Purifier","player_choice":"Purged","floor":11.0,"gold_loss":0.0,"damage_taken":0.0},{"damage_healed":0.0,"max_hp_gain":0.0,"max_hp_loss":0.0,"gold_gain":0.0,"event_name":"Mushrooms","player_choice":"Fought Mushrooms","floor":14.0,"gold_loss":0.0,"damage_taken":0.0},{"damage_healed":0,"gold_gain":0,"player_choice":"Leave","damage_taken":0,"max_hp_gain":0,"max_hp_loss":0,"event_name":"FaceTrader","floor":22,"gold_loss":0}],"is_beta":false,"boss_relics":[{"not_picked":["Tiny House","Lizard Tail"],"picked":"Orrery"}],"items_purged_floors":[],"is_endless":false,"potions_floor_spawned":[1,8,12,20,24],"killed_by":"Sentry and Sphere","ascension_level":17}