{"gold_per_floor":[359,373,373,373,385,399,416,416,441,458,490,175,210,43,43,142,142,162,37,51,51,65,65],"floor_reached":23,"playtime":1735,"items_purged":["Regret","Strike_G","Strike_G"],"score":228,"play_id":"f7863eec-7cf9-48e2-a53f-3aedffd3a022","local_time":"20181102114718","is_ascension_mode":false,"campfire_choices":[{"data":"Footwork","floor":8,"key":"SMITH"},{"floor":15,"key":"REST"}],"neow_cost":"TEN_PERCENT_HP_LOSS","seed_source_timestamp":1874469082475531,"circlet_count":0,"master_deck":["Defend_G","Defend_G","Defend_G","Defend_G","Defend_G","Strike_G","Strike_G","Strike_G","Survivor","Neutralize+1","Deflect","Footwork+1","Caltrops","Footwork","Deadly Poison","Footwork","Backflip","Finesse","Infinite Blades","Noxious Fumes","After Image","Escape Plan","Deflect+1","Deadly Poison+1"],"relics":["Ring of the Snake","Blood Vial","Dream Catcher","MawBank","Ancient Tea Set","WristBlade"],"potions_floor_usage":[11,13,22,23],"damage_taken":[{"damage":0,"enemies":"2 Louse","floor":1,"turns":3},{"damage":0,"enemies":"Cultist","floor":2,"turns":6},{"damage":2,"enemies":"Jaw Worm","floor":5,"turns":4},{"damage":2,"enemies":"Blue Slaver","floor":6,"turns":6},{"damage":7,"enemies":"Exordium Thugs","floor":7,"turns":6},{"damage":2,"enemies":"3 Louse","floor":10,"turns":6},{"damage":51,"enemies":"3 Sentries","floor":11,"turns":12},{"damage":0,"enemies":"Lagavulin","floor":13,"turns":10},{"damage":11,"enemies":"Slime Boss","floor":16,"turns":14},{"damage":7,"enemies":"Spheric Guardian","floor":18,"turns":7},{"damage":16,"enemies":"Shell Parasite","floor":20,"turns":8},{"damage":33,"enemies":"Cultist and Chosen","floor":22,"turns":10},{"damage":37,"enemies":"Slavers","floor":23,"turns":3}],"seed_played":"8011573951557382028","potions_obtained":[{"floor":1,"key":"Dexterity Potion"},{"floor":6,"key":"PowerPotion"},{"floor":10,"key":"Regen Potion"},{"floor":16,"key":"Regen Potion"}],"is_trial":false,"path_per_floor":["M","M","?","?","M","M","M","R","T","M","E","$","E","$","R","B",null,"M","$","M","?","M","E"],"character_chosen":"THE_SILENT","items_purchased":["Deadly Poison","Footwork","Backflip","Finesse","Noxious Fumes"],"campfire_rested":1,"item_purchase_floors":[12,12,12,12,14],"current_hp_per_floor":[63,63,63,63,61,61,56,56,56,56,7,7,24,24,42,33,63,56,56,42,42,26,0],"gold":65,"neow_bonus":"TWO_FIFTY_GOLD","is_prod":false,"is_daily":false,"chose_seed":false,"campfire_upgraded":1,"win_rate":0.0,"timestamp":1541155638,"path_taken":["M","M","?","?","?","?","M","R","T","M","E","$","E","$","R","BOSS","M","$","M","?","M","E"],"build_version":"2018-11-01v2","purchased_purges":3,"victory":false,"max_hp_per_floor":[63,63,63,63,63,63,63,63,63,63,63,63,63,63,63,63,63,63,63,63,63,63,63],"card_choices":[{"not_picked":["Calculated Gamble","Acrobatics"],"picked":"Deflect","floor":1},{"not_picked":["PiercingWail","Blade Dance","Expertise"],"picked":"SKIP","floor":2},{"not_picked":["Tactician","Poisoned Stab"],"picked":"Footwork","floor":5},{"not_picked":["Prepared","Flying Knee","Predator"],"picked":"SKIP","floor":6},{"not_picked":["Deflect","Dash"],"picked":"Caltrops","floor":7},{"not_picked":["PiercingWail","Dagger Spray","Eviscerate"],"picked":"SKIP","floor":10},{"not_picked":["Reflex","Endless Agony"],"picked":"Footwork","floor":11},{"not_picked":["Envenom","Deadly Poison"],"picked":"Infinite Blades","floor":13},{"not_picked":["Die Die Die","Unload"],"picked":"After Image","floor":16},{"not_picked":["Prepared","All Out Attack"],"picked":"Escape Plan","floor":18},{"not_picked":["Crippling Poison","Acrobatics+1"],"picked":"Deflect+1","floor":20},{"not_picked":["Poisoned Stab","Slice+1"],"picked":"Deadly Poison+1","floor":22}],"player_experience":4426,"relics_obtained":[{"floor":9,"key":"Dream Catcher"},{"floor":11,"key":"MawBank"},{"floor":13,"key":"Ancient Tea Set"}],"event_choices":[{"damage_healed":0,"gold_gain":0,"player_choice":"Box","damage_taken":0,"relics_obtained":["Blood Vial"],"max_hp_gain":0,"max_hp_loss":0,"event_name":"Big Fish","floor":3,"gold_loss":0,"cards_obtained":["Regret"]},{"damage_healed":0,"gold_gain":0,"player_choice":"Upgraded","damage_taken":0,"max_hp_gain":0,"max_hp_loss":0,"event_name":"Upgrade Shrine","floor":4,"gold_loss":0,"cards_upgraded":["Neutralize"]},{"damage_healed":0,"gold_gain":0,"player_choice":"Ignored","damage_taken":0,"max_hp_gain":0,"max_hp_loss":0,"event_name":"Ghosts","floor":21,"gold_loss":0}],"is_beta":true,"boss_relics":[{"not_picked":["Sozu","Ring of the Serpent"],"picked":"WristBlade"}],"items_purged_floors":[12,14,19],"is_endless":false,"potions_floor_spawned":[1,6,10,16],"killed_by":"Slavers","ascension_level":0}