{"gold_per_floor":[113,130,141,161,161,161,194,47,47,59,71,71,81,114,114,213,213,225,242,242,259,275,275,307,323,348,362,392,392,405,55,55,55],"floor_reached":33,"playtime":3217,"items_purged":["Strike_B"],"score":303,"play_id":"14158b4c-c379-443a-8a33-d372aeb0e7fe","local_time":"20190324110803","is_ascension_mode":false,"campfire_choices":[{"data":"Zap","floor":6,"key":"SMITH"},{"data":"Enlightenment","floor":12,"key":"SMITH"},{"data":"Biased Cognition","floor":15,"key":"SMITH"},{"data":"Sunder","floor":23,"key":"SMITH"},{"data":"Buffer","floor":32,"key":"SMITH"}],"neow_cost":"NONE","seed_source_timestamp":784595652031800,"circlet_count":0,"master_deck":["Strike_B","Strike_B","Defend_B","Defend_B","Defend_B","Defend_B","Zap+1","Dualcast","Turbo","Glacier","Steam","Enlightenment+1","Sweeping Beam","Rainbow","All For One","Sunder+1","Biased Cognition+1","Auto Shields","Double Energy+1","Chill","Melter+1","Buffer+1"],"relics":["Cracked Core","Boot","Bronze Scales","Meat on the Bone","WingedGreaves","Black Star","Blue Candle","Sundial","Anchor","Juzu Bracelet","Shuriken","Du-Vu Doll","OrangePellets"],"potions_floor_usage":[10,14,14,14,16,21,22,22,22,33,33,33],"damage_taken":[{"damage":1,"enemies":"Cultist","floor":1,"turns":3},{"damage":1,"enemies":"Jaw Worm","floor":2,"turns":3},{"damage":0,"enemies":"2 Louse","floor":3,"turns":3},{"damage":13,"enemies":"Exordium Thugs","floor":4,"turns":9},{"damage":14,"enemies":"3 Sentries","floor":7,"turns":10},{"damage":10,"enemies":"Gremlin Gang","floor":10,"turns":3},{"damage":2,"enemies":"Blue Slaver","floor":11,"turns":2},{"damage":6,"enemies":"Exordium Thugs","floor":13,"turns":3},{"damage":7,"enemies":"Lagavulin","floor":14,"turns":4},{"damage":6,"enemies":"Hexaghost","floor":16,"turns":8},{"damage":26,"enemies":"2 Thieves","floor":18,"turns":3},{"damage":0,"enemies":"Chosen","floor":19,"turns":4},{"damage":8,"enemies":"Snake Plant","floor":21,"turns":3},{"damage":5,"enemies":"Shelled Parasite and Fungi","floor":22,"turns":5},{"damage":59,"enemies":"Gremlin Leader","floor":24,"turns":10},{"damage":7,"enemies":"3 Cultists","floor":25,"turns":4},{"damage":0,"enemies":"Chosen and Byrds","floor":27,"turns":4},{"damage":29,"enemies":"Slavers","floor":28,"turns":7},{"damage":0,"enemies":"Snake Plant","floor":30,"turns":4},{"damage":62,"enemies":"Champ","floor":33,"turns":12}],"seed_played":"8847175348105329517","potions_obtained":[{"floor":3,"key":"SpeedPotion"},{"floor":4,"key":"EssenceOfSteel"},{"floor":7,"key":"Block Potion"},{"floor":13,"key":"AttackPotion"},{"floor":14,"key":"SkillPotion"},{"floor":16,"key":"SteroidPotion"},{"floor":18,"key":"AttackPotion"},{"floor":19,"key":"Regen Potion"},{"floor":21,"key":"Weak Potion"},{"floor":24,"key":"SteroidPotion"},{"floor":30,"key":"Energy Potion"}],"is_trial":false,"path_per_floor":["M","M","M","M","?","R","E","$","T","M","M","R","M","E","R","B",null,"M","M","?","M","M","R","E","M","T","M","E","T","M","$","R","B"],"character_chosen":"DEFECT","items_purchased":["Bronze Scales","OrangePellets","LiquidBronze"],"campfire_rested":0,"item_purchase_floors":[8,31,31],"current_hp_per_floor":[74,73,73,60,60,60,46,46,46,48,46,46,40,45,45,39,75,49,49,85,77,85,85,38,43,43,43,26,26,38,38,38,0],"gold":55,"neow_bonus":"REMOVE_CARD","is_prod":false,"is_daily":false,"chose_seed":false,"campfire_upgraded":5,"win_rate":0.0,"timestamp":1553418483,"path_taken":["M","M","M","M","?","R","E","?","T","M","M","R","M","E","R","BOSS","M","M","?","M","?","R","E","M","T","M","E","?","M","$","R","BOSS"],"build_version":"2019-01-23","purchased_purges":1,"victory":false,"max_hp_per_floor":[75,75,75,75,75,75,75,75,75,75,75,75,75,75,75,75,75,75,75,85,85,85,85,85,85,85,85,85,85,85,85,85,85],"card_choices":[{"not_picked":["Stack","Storm"],"picked":"Turbo","floor":1},{"not_picked":["Cold Snap","Gash"],"picked":"Glacier","floor":2},{"not_picked":["Thunder Strike","Reinforced Body","Conserve Battery"],"picked":"SKIP","floor":3},{"not_picked":["Conserve Battery","Sweeping Beam"],"picked":"Steam","floor":4},{"not_picked":["Go for the Eyes","Auto Shields"],"picked":"All For One","floor":7},{"not_picked":["Streamline","Cold Snap"],"picked":"Sunder","floor":10},{"not_picked":["Sweeping Beam","Rebound","Gash"],"picked":"SKIP","floor":11},{"not_picked":["Cold Snap","Conserve Battery","Go for the Eyes"],"picked":"SKIP","floor":13},{"not_picked":["Buffer","Steam Power"],"picked":"Biased Cognition","floor":14},{"not_picked":["Thunder Strike","Fission"],"picked":"Amplify","floor":16},{"not_picked":["Go for the Eyes","Hello World"],"picked":"Auto Shields","floor":18},{"not_picked":["Redo","Coolheaded"],"picked":"Double Energy+1","floor":19},{"not_picked":["Go for the Eyes","Genetic Algorithm+1"],"picked":"Chill","floor":21},{"not_picked":["Sunder","Go for the Eyes"],"picked":"Melter+1","floor":22},{"not_picked":["Turbo","Steam"],"picked":"Buffer","floor":24},{"not_picked":["FTL","Compile Driver","Beam Cell"],"picked":"SKIP","floor":25},{"not_picked":["Reprogram","Redo","Hologram"],"picked":"SKIP","floor":27},{"not_picked":["Beam Cell","Sweeping Beam+1","Echo Form"],"picked":"SKIP","floor":28},{"not_picked":["Force Field","Reprogram","Rebound"],"picked":"SKIP","floor":30}],"player_experience":78828,"relics_obtained":[{"floor":7,"key":"Boot"},{"floor":9,"key":"Meat on the Bone"},{"floor":14,"key":"WingedGreaves"},{"floor":24,"key":"Blue Candle"},{"floor":24,"key":"Sundial"},{"floor":26,"key":"Anchor"},{"floor":28,"key":"Juzu Bracelet"},{"floor":28,"key":"Shuriken"},{"floor":29,"key":"Du-Vu Doll"}],"event_choices":[{"damage_healed":0,"gold_gain":0,"player_choice":"3 cards matched","damage_taken":0,"max_hp_gain":0,"max_hp_loss":0,"event_name":"Match and Keep!","floor":5,"gold_loss":0,"cards_obtained":["Enlightenment","Sweeping Beam","Rainbow"]},{"damage_healed":0,"gold_gain":0,"player_choice":"3 cards matched","damage_taken":0,"max_hp_gain":0,"max_hp_loss":0,"event_name":"Match and Keep!","floor":5,"gold_loss":0,"cards_obtained":["Enlightenment","Sweeping Beam","Rainbow"]},{"cards_removed":["Amplify"],"damage_healed":26,"gold_gain":0,"player_choice":"Offered Rare","damage_taken":0,"max_hp_gain":10,"max_hp_loss":0,"event_name":"Bonfire Elementals","floor":20,"gold_loss":0}],"is_beta":false,"boss_relics":[{"not_picked":["Snecko Eye","Velvet Choker"],"picked":"Black Star"}],"items_purged_floors":[31],"is_endless":false,"potions_floor_spawned":[3,4,7,13,14,16,18,19,21,24,30],"killed_by":"Champ","ascension_level":0}