{"gold_per_floor":[109,34,53,53,9,9,42,42,95,105,115,140,140],"floor_reached":13,"playtime":292,"items_purged":["Writhe"],"score":186,"play_id":"4f752a6f-584e-40ad-b0ee-09cb152dd637","local_time":"20181008193026","is_ascension_mode":true,"campfire_choices":[{"floor":6,"key":"REST"},{"data":"Whirlwind","floor":8,"key":"SMITH"}],"neow_cost":"CURSE","seed_source_timestamp":42817302469716,"circlet_count":0,"master_deck":["Strike_R+1","Strike_R","Strike_R","Strike_R","Strike_R","Defend_R","Defend_R","Defend_R","Defend_R","Bash","AscendersBane","Double Tap+1","Pommel Strike","Sword Boomerang","Whirlwind+1","Thunderclap","Shockwave","Shrug It Off"],"relics":["Burning Blood","Bottled Lightning","Tiny Chest","Mummified Hand"],"potions_floor_usage":[7,12,12],"damage_taken":[{"damage":19,"enemies":"Jaw Worm","floor":1,"turns":4},{"damage":4,"enemies":"2 Louse","floor":3,"turns":3},{"damage":36,"enemies":"Gremlin Nob","floor":7,"turns":4},{"damage":15,"enemies":"Small Slimes","floor":10,"turns":3},{"damage":14,"enemies":"Blue Slaver","floor":11,"turns":4},{"damage":15,"enemies":"Lagavulin","floor":12,"turns":4},{"damage":15,"enemies":"Gremlin Gang","floor":13,"turns":1}],"seed_played":"5696559797091279182","potions_obtained":[{"floor":3,"key":"BloodPotion"},{"floor":7,"key":"SteroidPotion"},{"floor":10,"key":"SteroidPotion"}],"is_trial":false,"path_per_floor":["M","$","M","?","$","R","E","R","T","M","M","E"],"character_chosen":"IRONCLAD","items_purchased":["Whirlwind"],"campfire_rested":1,"item_purchase_floors":[5],"current_hp_per_floor":[55,55,57,34,34,56,33,33,33,24,16,7,0],"gold":140,"neow_bonus":"THREE_RARE_CARDS","is_prod":false,"is_daily":false,"chose_seed":false,"campfire_upgraded":1,"win_rate":0,"timestamp":1539052226,"path_taken":["M","$","M","?","$","R","E","R","T","?","M","E","M"],"build_version":"2018-10-04v2","purchased_purges":1,"victory":false,"max_hp_per_floor":[75,75,75,75,75,75,75,75,75,75,75,75,75],"card_choices":[{"not_picked":["Dark Embrace","Berserk"],"picked":"Double Tap","floor":0},{"not_picked":["Seeing Red","Perfected Strike"],"picked":"Pommel Strike","floor":1},{"not_picked":["True Grit","Wild Strike"],"picked":"Sword Boomerang","floor":3},{"not_picked":["Clash","Flame Barrier"],"picked":"Thunderclap","floor":7},{"not_picked":["Rupture","Dual Wield","Thunderclap"],"picked":"SKIP","floor":10},{"not_picked":["Pommel Strike","Perfected Strike"],"picked":"Shockwave","floor":11},{"not_picked":["Exhume","Sword Boomerang"],"picked":"Shrug It Off","floor":12}],"player_experience":1306360,"relics_obtained":[{"floor":7,"key":"Bottled Lightning"},{"floor":9,"key":"Tiny Chest"},{"floor":12,"key":"Mummified Hand"}],"event_choices":[{"event_name":"Shining Light","player_choice":"Entered Light","floor":4,"damage_taken":0}],"is_beta":false,"boss_relics":[],"items_purged_floors":[2],"is_endless":false,"potions_floor_spawned":[3,7,10],"killed_by":"Gremlin Gang","ascension_level":20}