{"gold_per_floor":[19,35,50,64,64,64,89,119,119,151,3,3,21,37,37,133,133,149,162,162,175,100,100,128,138,218,218],"floor_reached":27,"playtime":7592,"items_purged":[],"score":270,"play_id":"46a1531b-1986-4213-82c2-cbcb674adf5b","local_time":"20190507144726","is_ascension_mode":false,"campfire_choices":[{"data":"True Grit","floor":6,"key":"SMITH"},{"floor":12,"key":"REST"},{"data":"Uppercut","floor":15,"key":"SMITH"},{"floor":23,"key":"REST"}],"neow_cost":"NO_GOLD","seed_source_timestamp":77566612508594,"circlet_count":0,"master_deck":["Strike_R","Strike_R","Strike_R","Strike_R","Strike_R","Defend_R","Defend_R","Defend_R","Bash","Battle Trance","Perfected Strike","True Grit+1","Perfected Strike","Pommel Strike","Uppercut+1","Perfected Strike","Headbutt","Feed","Decay","Second Wind","Headbutt","Pommel Strike","Clothesline+1","True Grit+1"],"relics":["Burning Blood","Champion Belt","Ornamental Fan","Odd Mushroom","Darkstone Periapt","Pantograph","Bag of Preparation","Calling Bell","Oddly Smooth Stone","Kunai","Unceasing Top","Blood Vial","Self Forming Clay"],"potions_floor_usage":[7,10,10,14,21,24,25,25],"damage_taken":[{"damage":2,"enemies":"2 Louse","floor":1,"turns":3},{"damage":2,"enemies":"Small Slimes","floor":2,"turns":4},{"damage":1,"enemies":"Jaw Worm","floor":3,"turns":4},{"damage":2,"enemies":"2 Fungi Beasts","floor":4,"turns":4},{"damage":13,"enemies":"Gremlin Nob","floor":7,"turns":4},{"damage":13,"enemies":"The Mushroom Lair","floor":8,"turns":4},{"damage":22,"enemies":"3 Sentries","floor":10,"turns":7},{"damage":1,"enemies":"Looter","floor":13,"turns":3},{"damage":15,"enemies":"Exordium Thugs","floor":14,"turns":4},{"damage":55,"enemies":"The Guardian","floor":16,"turns":8},{"damage":2,"enemies":"Chosen","floor":18,"turns":4},{"damage":52,"enemies":"Spheric Guardian","floor":19,"turns":6},{"damage":16,"enemies":"Snake Plant","floor":21,"turns":4},{"damage":42,"enemies":"Book of Stabbing","floor":24,"turns":7},{"damage":38,"enemies":"Centurion and Healer","floor":25,"turns":9},{"damage":6,"enemies":"Shelled Parasite and Fungi","floor":27,"turns":3}],"seed_played":"-2027973418732846644","potions_obtained":[{"floor":2,"key":"Block Potion"},{"floor":7,"key":"Poison Potion"},{"floor":8,"key":"Weak Potion"},{"floor":13,"key":"Swift Potion"},{"floor":14,"key":"Ancient Potion"},{"floor":19,"key":"PowerPotion"},{"floor":21,"key":"Weak Potion"},{"floor":24,"key":"EssenceOfSteel"}],"is_trial":false,"path_per_floor":["M","M","M","M","?","R","E","?","T","E","$","R","M","M","R","B",null,"M","M","?","M","?","R","E","M","T","M"],"character_chosen":"IRONCLAD","items_purchased":["Bag of Preparation"],"campfire_rested":2,"item_purchase_floors":[11],"current_hp_per_floor":[80,80,80,80,73,73,66,59,59,43,43,67,72,63,63,31,98,98,52,52,42,42,70,34,7,7,3],"gold":218,"neow_bonus":"ONE_RARE_RELIC","is_prod":false,"is_daily":false,"chose_seed":false,"campfire_upgraded":2,"win_rate":0.0,"timestamp":1557208046,"path_taken":["M","M","M","M","?","R","E","?","T","E","$","R","M","M","R","BOSS","M","M","?","M","?","R","E","M","T","M"],"build_version":"2019-01-23","purchased_purges":0,"victory":false,"max_hp_per_floor":[80,80,80,80,80,80,80,80,80,80,80,80,80,80,80,80,98,98,98,98,98,95,95,95,98,98,98],"card_choices":[{"not_picked":["Heavy Blade","Shrug It Off"],"picked":"Battle Trance","floor":1},{"not_picked":["Combust","Sword Boomerang"],"picked":"Perfected Strike","floor":2},{"not_picked":["Iron Wave","Anger"],"picked":"True Grit","floor":3},{"not_picked":["Dual Wield","Body Slam"],"picked":"Perfected Strike","floor":4},{"not_picked":["Carnage","True Grit"],"picked":"Pommel Strike","floor":7},{"not_picked":["Shrug It Off","Thunderclap"],"picked":"Uppercut","floor":8},{"not_picked":["Second Wind","Wild Strike"],"picked":"Perfected Strike","floor":10},{"not_picked":["Flex","Cleave","Brutality"],"picked":"SKIP","floor":13},{"not_picked":["Bloodletting","Armaments"],"picked":"Headbutt","floor":14},{"not_picked":["Offering","Barricade"],"picked":"Feed","floor":16},{"not_picked":["Cleave","Bloodletting"],"picked":"Second Wind","floor":18},{"not_picked":["Warcry","Dropkick"],"picked":"Headbutt","floor":19},{"not_picked":["Bludgeon","Warcry"],"picked":"Pommel Strike","floor":21},{"not_picked":["Searing Blow","Seeing Red"],"picked":"Clothesline+1","floor":24},{"not_picked":["Clash","Anger"],"picked":"True Grit+1","floor":25}],"player_experience":47407,"relics_obtained":[{"floor":7,"key":"Ornamental Fan"},{"floor":8,"key":"Odd Mushroom"},{"floor":9,"key":"Darkstone Periapt"},{"floor":10,"key":"Pantograph"},{"floor":17,"key":"Oddly Smooth Stone"},{"floor":17,"key":"Kunai"},{"floor":17,"key":"Unceasing Top"},{"floor":24,"key":"Blood Vial"},{"floor":26,"key":"Self Forming Clay"}],"event_choices":[{"cards_removed":["Defend_R"],"damage_healed":0,"gold_gain":0,"player_choice":"Card Removal","damage_taken":7,"max_hp_gain":0,"max_hp_loss":0,"event_name":"Golden Wing","floor":5,"gold_loss":0},{"damage_healed":0,"gold_gain":0,"player_choice":"Fought Mushrooms","damage_taken":0,"max_hp_gain":0,"max_hp_loss":0,"event_name":"Mushrooms","floor":8,"gold_loss":0},{"cards_removed":["Doubt"],"damage_healed":0,"gold_gain":0,"player_choice":"Elegance","damage_taken":0,"max_hp_gain":0,"max_hp_loss":0,"event_name":"Back to Basics","floor":20,"gold_loss":0},{"cards_removed":["Parasite"],"damage_healed":0,"gold_gain":0,"player_choice":"Gave Gold","damage_taken":0,"max_hp_gain":0,"max_hp_loss":0,"event_name":"Beggar","floor":22,"gold_loss":75}],"is_beta":false,"boss_relics":[{"not_picked":["Ectoplasm","Coffee Dripper"],"picked":"Calling Bell"}],"items_purged_floors":[],"is_endless":false,"potions_floor_spawned":[2,7,8,13,14,19,21,24],"killed_by":"Shelled Parasite and Fungi","ascension_level":0}