{"gold_per_floor":[110,110,120,135,155,155,183,183,183,215,19,19],"floor_reached":12,"playtime":348,"items_purged":["Strike_B"],"score":176,"play_id":"57a22575-58e9-476e-be44-a38eb5c07198","local_time":"20190508225506","is_ascension_mode":true,"campfire_choices":[{"data":"Melter","floor":6.0,"key":"SMITH"},{"data":"Zap","floor":8,"key":"SMITH"}],"neow_cost":"NONE","seed_source_timestamp":10426922110400,"circlet_count":0,"master_deck":["AscendersBane","Strike_B","Strike_B","Strike_B","Defend_B","Defend_B","Defend_B","Defend_B","Zap+1","Dualcast","Cold Snap","Pain","Turbo","Melter+1","Heatsinks","Go for the Eyes","White Noise","Self Repair","Chaos"],"special_seed":0,"relics":["Cracked Core","NeowsBlessing","WarpedTongs","Blue Candle","Nunchaku","Prayer Wheel"],"potions_floor_usage":[7],"damage_taken":[{"damage":0.0,"enemies":"2 Louse","floor":1.0,"turns":1.0},{"damage":0.0,"enemies":"Cultist","floor":3.0,"turns":1.0},{"damage":0.0,"enemies":"Jaw Worm","floor":4.0,"turns":1.0},{"damage":8.0,"enemies":"Looter","floor":5.0,"turns":3.0},{"damage":23,"enemies":"Gremlin Nob","floor":7,"turns":4},{"damage":14,"enemies":"3 Sentries","floor":10,"turns":7},{"damage":22,"enemies":"3 Louse","floor":12,"turns":1}],"seed_played":"-2354234813799459364","potions_obtained":[{"floor":5.0,"key":"FocusPotion"},{"floor":7,"key":"Energy Potion"}],"is_trial":false,"path_per_floor":["M","?","M","M","M","R","E","R","T","E","$","M"],"character_chosen":"DEFECT","items_purchased":["Self Repair","Chaos"],"campfire_rested":0,"item_purchase_floors":[11,11],"current_hp_per_floor":[64,64,64,64,56,56,33,33,33,19,19,0],"gold":19,"neow_bonus":"THREE_ENEMY_KILL","is_prod":false,"is_daily":false,"chose_seed":false,"campfire_upgraded":2,"win_rate":0,"timestamp":1557327306,"path_taken":["M","?","?","M","M","R","E","R","T","E","$","M"],"build_version":"2019-05-07","purchased_purges":1,"victory":false,"max_hp_per_floor":[71,71,71,71,71,71,71,71,71,71,71,71],"card_choices":[{"not_picked":["Sweeping Beam","Barrage"],"picked":"Cold Snap","floor":1.0},{"not_picked":["Go for the Eyes","Double Energy"],"picked":"Turbo","floor":3.0},{"not_picked":["Redo","Seek"],"picked":"Melter","floor":4.0},{"not_picked":["Hello World","Reinforced Body"],"picked":"Heatsinks","floor":5.0},{"not_picked":["Gash","Stack"],"picked":"Go for the Eyes","floor":7},{"not_picked":["Coolheaded","Conserve Battery"],"picked":"White Noise","floor":10}],"player_experience":1436264,"relics_obtained":[{"floor":7,"key":"Blue Candle"},{"floor":9,"key":"Nunchaku"},{"floor":10,"key":"Prayer Wheel"}],"event_choices":[{"damage_healed":0.0,"max_hp_gain":0.0,"max_hp_loss":0.0,"gold_gain":0.0,"event_name":"Accursed Blacksmith","player_choice":"Rummage","floor":2.0,"gold_loss":0.0,"damage_taken":0.0,"relics_obtained":["WarpedTongs"],"cards_obtained":["Pain"]}],"is_beta":true,"boss_relics":[],"items_purged_floors":[11],"is_endless":false,"potions_floor_spawned":[5,7],"killed_by":"3 Louse","ascension_level":20}