{"gold_per_floor":[361,375,50,50,62,62,97,97,177,177,209,209,209,66,66,171,171,191,203,203,203],"floor_reached":21,"playtime":501,"items_purged":["Strike_R"],"score":241,"play_id":"798d0ea3-d682-4e4e-b99d-b80d303630b7","local_time":"25610725001920","is_ascension_mode":true,"campfire_choices":[{"data":"Bash","floor":6,"key":"SMITH"},{"data":"Spot Weakness","floor":8,"key":"SMITH"},{"floor":10,"key":"REST"},{"data":"Rampage","floor":15,"key":"SMITH"}],"neow_cost":"TEN_PERCENT_HP_LOSS","seed_source_timestamp":45725422495226,"circlet_count":0,"master_deck":["Strike_R","Strike_R","Strike_R","Strike_R","Defend_R","Defend_R","Defend_R","Bash+1","Thunderclap","Flex","Spot Weakness+1","Rampage+1","Immolate","Whirlwind","Metallicize+1"],"relics":["Black Blood","Pear","Oddly Smooth Stone","Kunai","Thread and Needle","Regal Pillow","Blood Vial"],"potions_floor_usage":[16,16,19],"damage_taken":[{"damage":7,"enemies":"Small Slimes","floor":1,"turns":3},{"damage":10,"enemies":"2 Louse","floor":2,"turns":2},{"damage":6,"enemies":"Cultist","floor":5,"turns":4},{"damage":35,"enemies":"Lagavulin","floor":7,"turns":5},{"damage":18,"enemies":"Gremlin Nob","floor":11,"turns":3},{"damage":7,"enemies":"Slime Boss","floor":16,"turns":8},{"damage":35,"enemies":"3 Byrds","floor":18,"turns":5},{"damage":20,"enemies":"Spheric Guardian","floor":19,"turns":4},{"damage":42,"enemies":"Centurion and Healer","floor":21,"turns":5}],"seed_played":"-5058933056766479883","potions_obtained":[{"floor":2,"key":"Ancient Potion"},{"floor":7,"key":"SkillPotion"},{"floor":11,"key":"Poison Potion"}],"is_trial":false,"path_per_floor":["M","M","$","?","M","R","E","R","T","R","E","?","?","$","R","B",null,"M","M","?"],"character_chosen":"IRONCLAD","items_purchased":["Pear","Blood Vial"],"campfire_rested":1,"item_purchase_floors":[3,14],"current_hp_per_floor":[71,67,77,77,77,77,48,48,48,72,60,60,60,60,60,61,77,54,46,30,0],"gold":203,"neow_bonus":"TWO_FIFTY_GOLD","is_prod":false,"is_daily":false,"chose_seed":false,"campfire_upgraded":3,"win_rate":0,"timestamp":1532452760,"path_taken":["M","M","$","?","M","R","E","R","T","R","E","?","?","?","R","BOSS","M","M","?","M"],"build_version":"2018-07-19v2","purchased_purges":1,"victory":false,"max_hp_per_floor":[72,72,82,82,82,82,82,82,82,82,82,82,82,82,82,82,82,82,82,82,82],"card_choices":[{"not_picked":["Armaments","Anger"],"picked":"Thunderclap","floor":1},{"not_picked":["Uppercut","Perfected Strike"],"picked":"Flex","floor":2},{"not_picked":["Hemokinesis","Headbutt"],"picked":"Spot Weakness","floor":5},{"not_picked":["Cleave","Clash"],"picked":"Rampage","floor":7},{"not_picked":["Sever Soul","Dual Wield","Feel No Pain"],"picked":"SKIP","floor":11},{"not_picked":["Dark Embrace","Barricade"],"picked":"Immolate","floor":16},{"not_picked":["Warcry","Twin Strike"],"picked":"Whirlwind","floor":18},{"not_picked":["Sever Soul","Warcry"],"picked":"Metallicize+1","floor":19}],"player_experience":134480,"relics_obtained":[{"floor":7,"key":"Oddly Smooth Stone"},{"floor":9,"key":"Kunai"},{"floor":11,"key":"Thread and Needle"}],"event_choices":[{"event_name":"Living Wall","player_choice":"Forget","floor":4,"damage_taken":0},{"event_name":"Big Fish","player_choice":"Box","floor":12,"damage_taken":0},{"event_name":"Purifier","player_choice":"One Purge","floor":13,"damage_taken":0},{"event_name":"Cursed Tome","player_choice":"Obtained Book","floor":20,"damage_taken":0}],"is_beta":false,"boss_relics":[{"not_picked":["Empty Cage","Philosopher\u0027s Stone"],"picked":"Black Blood"}],"items_purged_floors":[3],"is_endless":false,"potions_floor_spawned":[2,7,11],"killed_by":"Centurion and Healer","ascension_level":6}