{"gold_per_floor":[114,132,48,65,82,82,117,133,158,193,32,32,32,51,51,128,128,145,145,70,81,92,120,120,17,42,58,58,88,105,140,140,214,214,225,225,225,282,293,293,433,433,460,486,486,486,497,11,11,11],"floor_reached":50,"playtime":2107,"items_purged":["Strike_G","Strike_G","Injury"],"score":1190,"play_id":"7ecdd351-1a68-48fe-b3c5-92c13c43e7e6","local_time":"20190304002344","is_ascension_mode":true,"campfire_choices":[{"data":"Riddle With Holes","floor":6.0,"key":"SMITH"},{"floor":13.0,"key":"REST"},{"data":"A Thousand Cuts","floor":15.0,"key":"SMITH"},{"floor":24.0,"key":"REST"},{"floor":32.0,"key":"REST"},{"floor":40.0,"key":"REST"},{"data":"Eviscerate","floor":42.0,"key":"SMITH"},{"floor":45.0,"key":"DIG"},{"data":"1","floor":49.0,"key":"LIFT"}],"neow_cost":"NONE","seed_source_timestamp":6583201963200,"circlet_count":0,"master_deck":["AscendersBane","Defend_G","Defend_G+1","Defend_G+1","Defend_G","Defend_G","Survivor","Neutralize","Masterful Stab","Riddle With Holes+1","All Out Attack","A Thousand Cuts+1","Underhanded Strike","Night Terror","Dash","Prepared","Eviscerate+1","Leg Sweep","Dash","Envenom","HandOfGreed"],"special_seed":0,"relics":["Snecko Eye","Omamori","Vajra","Bag of Preparation","WristBlade","Smiling Mask","War Paint","Centennial Puzzle","Regal Pillow","Calling Bell","Bag of Marbles","Pantograph","Thread and Needle","Calipers","PreservedInsect","Shovel","Girya","HandDrill","Potion Belt"],"potions_floor_usage":[50,50],"damage_taken":[{"damage":8.0,"enemies":"2 Louse","floor":1.0,"turns":3.0},{"damage":5.0,"enemies":"Small Slimes","floor":2.0,"turns":4.0},{"damage":0.0,"enemies":"Cultist","floor":4.0,"turns":3.0},{"damage":0.0,"enemies":"Blue Slaver","floor":5.0,"turns":3.0},{"damage":28.0,"enemies":"Gremlin Nob","floor":7.0,"turns":4.0},{"damage":4.0,"enemies":"Large Slime","floor":8.0,"turns":5.0},{"damage":12.0,"enemies":"Lagavulin","floor":10.0,"turns":6.0},{"damage":0.0,"enemies":"2 Fungi Beasts","floor":14.0,"turns":2.0},{"damage":7.0,"enemies":"Hexaghost","floor":16.0,"turns":9.0},{"damage":14.0,"enemies":"Chosen","floor":18.0,"turns":5.0},{"damage":14.0,"enemies":"Shell Parasite","floor":21.0,"turns":3.0},{"damage":7.0,"enemies":"Chosen and Byrds","floor":22.0,"turns":3.0},{"damage":16.0,"enemies":"Gremlin Leader","floor":23.0,"turns":5.0},{"damage":6.0,"enemies":"Shelled Parasite and Fungi","floor":27.0,"turns":3.0},{"damage":0.0,"enemies":"Book of Stabbing","floor":29.0,"turns":3.0},{"damage":0.0,"enemies":"Centurion and Healer","floor":30.0,"turns":4.0},{"damage":2.0,"enemies":"Slavers","floor":31.0,"turns":2.0},{"damage":53.0,"enemies":"Champ","floor":33.0,"turns":11.0},{"damage":0.0,"enemies":"Orb Walker","floor":35.0,"turns":3.0},{"damage":5.0,"enemies":"3 Shapes","floor":38.0,"turns":4.0},{"damage":18.0,"enemies":"Transient","floor":39.0,"turns":6.0},{"damage":2.0,"enemies":"Mind Bloom Boss Battle","floor":41.0,"turns":6.0},{"damage":6.0,"enemies":"Reptomancer","floor":44.0,"turns":2.0},{"damage":0.0,"enemies":"Nemesis","floor":46.0,"turns":2.0},{"damage":0.0,"enemies":"Maw","floor":47.0,"turns":4.0},{"damage":60,"enemies":"Time Eater","floor":50,"turns":13}],"seed_played":"7094143920913053678","potions_obtained":[{"floor":1.0,"key":"Energy Potion"},{"floor":2.0,"key":"GamblersBrew"},{"floor":4.0,"key":"PowerPotion"},{"floor":10.0,"key":"Dexterity Potion"},{"floor":16.0,"key":"PowerPotion"},{"floor":21.0,"key":"GamblersBrew"},{"floor":23.0,"key":"Block Potion"},{"floor":33.0,"key":"Swift Potion"},{"floor":41.0,"key":"SmokeBomb"},{"floor":44.0,"key":"AttackPotion"},{"floor":47.0,"key":"Poison Potion"}],"is_trial":false,"path_per_floor":["M","M","$","M","M","R","E","M","T","E","$","?","R","M","R","B",null,"M","?","?","M","M","E","R","$","T","M","?","E","M","E","R","B",null,"M","?","?","M","M","R","?","R","T","E","R","E","M","$","R","B"],"character_chosen":"THE_SILENT","items_purchased":["Masterful Stab","Regen Potion","Energy Potion","HandDrill","Potion Belt","Block Potion"],"campfire_rested":4,"item_purchase_floors":[3,11,25,48,48,48],"current_hp_per_floor":[51,46,46,46,46,46,18,14,14,2,2,2,21,21,21,14,53,53,53,53,39,32,16,35,35,35,29,29,29,29,27,61,8,52,52,52,52,47,29,63,64,64,64,58,58,58,58,58,58,6],"gold":11,"neow_bonus":"BOSS_RELIC","is_prod":false,"is_daily":false,"chose_seed":false,"campfire_upgraded":3,"win_rate":0,"timestamp":1551630224,"path_taken":["M","M","$","M","M","R","E","M","T","E","$","?","R","M","R","BOSS","M","?","?","M","M","E","R","$","T","?","?","E","M","E","R","BOSS","M","?","?","M","M","R","?","R","T","E","R","E","M","$","R","BOSS"],"build_version":"2019-01-23","purchased_purges":3,"victory":false,"max_hp_per_floor":[66,66,66,66,66,66,66,66,66,66,66,66,66,66,66,66,66,66,66,66,66,66,66,66,66,66,66,66,66,66,66,66,66,66,66,66,66,66,66,66,66,66,66,66,66,66,66,66,66,66],"card_choices":[{"not_picked":["Infinite Blades","Noxious Fumes","Flying Knee"],"picked":"SKIP","floor":1.0},{"not_picked":["Blade Dance","Outmaneuver","Finisher"],"picked":"SKIP","floor":2.0},{"not_picked":["Grand Finale","Deflect","Infinite Blades"],"picked":"SKIP","floor":4.0},{"not_picked":["Grand Finale","Deflect","Infinite Blades"],"picked":"SKIP","floor":4.0},{"not_picked":["PiercingWail","Deadly Poison"],"picked":"Riddle With Holes","floor":5.0},{"not_picked":["Concentrate","Terror"],"picked":"All Out Attack","floor":7.0},{"not_picked":["Dodge and Roll","Deadly Poison","Prepared"],"picked":"SKIP","floor":8.0},{"not_picked":["PiercingWail","Noxious Fumes"],"picked":"A Thousand Cuts","floor":10.0},{"not_picked":["PiercingWail","Reflex","Prepared"],"picked":"SKIP","floor":14.0},{"not_picked":["Glass Knife","Envenom"],"picked":"Night Terror","floor":16.0},{"not_picked":["Setup","Footwork","Underhanded Strike"],"picked":"SKIP","floor":18.0},{"not_picked":["Setup","Footwork","Underhanded Strike"],"picked":"SKIP","floor":18.0},{"not_picked":["Outmaneuver","Noxious Fumes+1","Dagger Spray"],"picked":"SKIP","floor":21.0},{"not_picked":["Slice","Dagger Spray+1"],"picked":"Eviscerate","floor":22.0},{"not_picked":["After Image","Caltrops"],"picked":"Leg Sweep","floor":23.0},{"not_picked":["Accuracy","Choke"],"picked":"Dash","floor":27.0},{"not_picked":["Expertise","Outmaneuver","Deflect"],"picked":"SKIP","floor":29.0},{"not_picked":["Prepared","Dagger Spray","Sucker Punch"],"picked":"SKIP","floor":30.0},{"not_picked":["Sucker Punch","Bane","Masterful Stab"],"picked":"SKIP","floor":31.0},{"not_picked":["Malaise","After Image"],"picked":"Envenom","floor":33.0},{"not_picked":["Accuracy","Acrobatics","Dagger Throw"],"picked":"SKIP","floor":35.0},{"not_picked":["Enlightenment","Good Instincts"],"picked":"HandOfGreed","floor":37.0},{"not_picked":["Bane","PiercingWail","Setup+1"],"picked":"SKIP","floor":38.0},{"not_picked":["Blur","Deflect+1","Outmaneuver"],"picked":"SKIP","floor":39.0},{"not_picked":["Dodge and Roll","Finisher","Glass Knife"],"picked":"SKIP","floor":44.0},{"not_picked":["Underhanded Strike+1","Cloak And Dagger+1","Tactician"],"picked":"SKIP","floor":47.0}],"player_experience":2706864,"relics_obtained":[{"floor":7.0,"key":"Omamori"},{"floor":9.0,"key":"Vajra"},{"floor":10.0,"key":"Bag of Preparation"},{"floor":23.0,"key":"Smiling Mask"},{"floor":26.0,"key":"War Paint"},{"floor":29.0,"key":"Centennial Puzzle"},{"floor":31.0,"key":"Regal Pillow"},{"floor":34.0,"key":"Bag of Marbles"},{"floor":34.0,"key":"Pantograph"},{"floor":34.0,"key":"Thread and Needle"},{"floor":41.0,"key":"Calipers"},{"floor":43.0,"key":"PreservedInsect"},{"floor":44.0,"key":"Shovel"},{"floor":45.0,"key":"Girya"}],"event_choices":[{"damage_healed":0.0,"max_hp_gain":0.0,"max_hp_loss":0.0,"gold_gain":0.0,"cards_transformed":["Strike_G"],"event_name":"Living Wall","player_choice":"Change","floor":12.0,"gold_loss":0.0,"damage_taken":0.0,"cards_obtained":["Underhanded Strike"]},{"damage_healed":0.0,"max_hp_gain":0.0,"max_hp_loss":0.0,"gold_gain":0.0,"event_name":"Vampires","player_choice":"Ignored","floor":19.0,"gold_loss":0.0,"damage_taken":0.0},{"damage_healed":0.0,"max_hp_gain":0.0,"max_hp_loss":0.0,"gold_gain":0.0,"cards_transformed":["Strike_G","Strike_G"],"event_name":"Designer","player_choice":"Transformed Cards","floor":20.0,"gold_loss":75.0,"damage_taken":0.0,"cards_obtained":["Dash","Prepared"]},{"damage_healed":0.0,"max_hp_gain":0.0,"max_hp_loss":0.0,"gold_gain":0.0,"event_name":"Ghosts","player_choice":"Ignored","floor":28.0,"gold_loss":0.0,"damage_taken":0.0},{"damage_healed":0.0,"max_hp_gain":0.0,"max_hp_loss":0.0,"gold_gain":0.0,"event_name":"Tomb of Lord Red Mask","player_choice":"Ignored","floor":36.0,"gold_loss":0.0,"damage_taken":0.0},{"damage_healed":0.0,"max_hp_gain":0.0,"max_hp_loss":0.0,"gold_gain":0.0,"event_name":"SensoryStone","player_choice":"Memory 1","floor":37.0,"gold_loss":0.0,"damage_taken":0.0},{"damage_healed":0.0,"max_hp_gain":0.0,"max_hp_loss":0.0,"gold_gain":0.0,"event_name":"MindBloom","player_choice":"Fight","floor":41.0,"gold_loss":0.0,"damage_taken":0.0}],"is_beta":false,"boss_relics":[{"not_picked":["Fusion Hammer","Runic Pyramid"],"picked":"WristBlade"},{"not_picked":["Empty Cage","Lizard Tail"],"picked":"Calling Bell"}],"items_purged_floors":[11,25,48],"is_endless":false,"potions_floor_spawned":[1,2,4,10,16,21,23,29,33,41,44,47],"killed_by":"Time Eater","ascension_level":20}