{"gold_per_floor":[211,211,231,69,87,116,133,166,191,204,169,0,0,0,0,0],"floor_reached":16,"playtime":512,"items_purged":[],"score":204,"play_id":"0b89ab7b-ff88-4996-8b6f-b5ed4e9198d2","local_time":"20181209154303","is_ascension_mode":true,"campfire_choices":[{"data":"Metallicize","floor":13,"key":"SMITH"},{"data":"Carnage","floor":15,"key":"SMITH"}],"neow_cost":"NONE","seed_source_timestamp":223336860446875,"circlet_count":0,"master_deck":["AscendersBane","Strike_R","Strike_R","Strike_R","Strike_R","Strike_R","Defend_R","Defend_R","Defend_R","Defend_R","Bash","Pommel Strike","Regret","Disarm","Pommel Strike","Metallicize+1","Carnage+1","Battle Trance","Warcry"],"relics":["Burning Blood","Letter Opener","Juzu Bracelet","Anchor","Oddly Smooth Stone","Bag of Marbles","Blood Vial"],"potions_floor_usage":[6,8,8,8,16],"damage_taken":[{"damage":2,"enemies":"Cultist","floor":1,"turns":4},{"damage":8,"enemies":"2 Louse","floor":3,"turns":4},{"damage":19,"enemies":"Jaw Worm","floor":5,"turns":4},{"damage":30,"enemies":"Gremlin Nob","floor":6,"turns":5},{"damage":20,"enemies":"Red Slaver","floor":7,"turns":5},{"damage":15,"enemies":"3 Sentries","floor":8,"turns":9},{"damage":2,"enemies":"Looter","floor":10,"turns":4},{"damage":43,"enemies":"The Guardian","floor":16,"turns":6}],"seed_played":"7269304007768199645","potions_obtained":[{"floor":3,"key":"EntropicBrew"},{"floor":5,"key":"EssenceOfSteel"},{"floor":7,"key":"BloodPotion"}],"is_trial":false,"path_per_floor":["M","?","M","$","M","E","M","E","T","M","?","$","R","$","R","B"],"character_chosen":"IRONCLAD","items_purchased":["Juzu Bracelet","Blood Vial"],"campfire_rested":0,"item_purchase_floors":[4,12],"current_hp_per_floor":[72,72,70,70,57,33,19,17,17,21,39,39,39,39,39,0],"gold":0,"neow_bonus":"HUNDRED_GOLD","is_prod":false,"is_daily":false,"chose_seed":false,"campfire_upgraded":2,"win_rate":0,"timestamp":1544366583,"path_taken":["M","?","M","$","M","E","M","E","T","M","?","$","R","?","R","BOSS"],"build_version":"2018-12-06","purchased_purges":0,"victory":false,"max_hp_per_floor":[75,75,75,75,75,75,75,75,75,75,75,75,75,75,75,75],"card_choices":[{"not_picked":["Thunderclap","Inflame"],"picked":"Pommel Strike","floor":1},{"not_picked":["Rampage","Infernal Blade"],"picked":"Disarm","floor":3},{"not_picked":["Clash","Sword Boomerang"],"picked":"Pommel Strike","floor":5},{"not_picked":["Sword Boomerang","Clothesline"],"picked":"Metallicize","floor":6},{"not_picked":["Rampage","Pommel Strike"],"picked":"Carnage","floor":7},{"not_picked":["Warcry","Ghostly Armor"],"picked":"Battle Trance","floor":8},{"not_picked":["True Grit","Corruption"],"picked":"Warcry","floor":10}],"player_experience":377202,"relics_obtained":[{"floor":6,"key":"Anchor"},{"floor":8,"key":"Oddly Smooth Stone"},{"floor":9,"key":"Bag of Marbles"}],"event_choices":[{"damage_healed":0,"gold_gain":0,"player_choice":"Box","damage_taken":0,"relics_obtained":["Letter Opener"],"max_hp_gain":0,"max_hp_loss":0,"event_name":"Big Fish","floor":2,"gold_loss":0,"cards_obtained":["Regret"]},{"damage_healed":18,"gold_gain":0,"player_choice":"Healed","damage_taken":0,"max_hp_gain":0,"max_hp_loss":0,"event_name":"The Cleric","floor":11,"gold_loss":35}],"is_beta":false,"boss_relics":[],"items_purged_floors":[],"is_endless":false,"potions_floor_spawned":[3,5,7],"killed_by":"The Guardian","ascension_level":17}