{"gold_per_floor":[116,266,277,287,144,144,159,189,189,189,215,215,215,225,225,296,296,312,312,227,227,208,208],"floor_reached":23,"playtime":966,"items_purged":["Doubt"],"score":348,"play_id":"6818e844-4fa1-432c-a65e-d720c89d6e9b","local_time":"20190301003921","is_ascension_mode":true,"campfire_choices":[{"floor":6,"key":"REST"},{"floor":10,"key":"DIG"},{"floor":13,"key":"REST"},{"floor":15,"key":"REST"}],"neow_cost":"NONE","seed_source_timestamp":121602271103534,"circlet_count":0,"master_deck":["AscendersBane","Defend_G","Defend_G","Defend_G","Defend_G","Defend_G","Strike_G","Strike_G","Strike_G","Strike_G","Strike_G","Survivor","Neutralize","Tools of the Trade","Noxious Fumes+1","Dagger Spray","Leg Sweep","Blur","Bouncing Flask","Blur","Deflect","Bouncing Flask","Night Terror","PiercingWail","Bane"],"relics":["Ring of the Snake","Frozen Egg 2","Shovel","Girya","Bird Faced Urn","Sozu","Bag of Preparation"],"potions_floor_usage":[7,8,16],"damage_taken":[{"damage":4,"enemies":"Jaw Worm","floor":1,"turns":6},{"damage":7,"enemies":"2 Louse","floor":3,"turns":4},{"damage":9,"enemies":"Cultist","floor":4,"turns":5},{"damage":16,"enemies":"3 Louse","floor":7,"turns":3},{"damage":6,"enemies":"Lagavulin","floor":8,"turns":7},{"damage":26,"enemies":"Gremlin Nob","floor":11,"turns":6},{"damage":8,"enemies":"Blue Slaver","floor":14,"turns":4},{"damage":30,"enemies":"Slime Boss","floor":16,"turns":10},{"damage":4,"enemies":"Shell Parasite","floor":18,"turns":5},{"damage":30,"enemies":"Colosseum Slavers","floor":19,"turns":5},{"damage":18,"enemies":"2 Thieves","floor":22,"turns":4},{"damage":19,"enemies":"Gremlin Leader","floor":23,"turns":1}],"seed_played":"-2795290949218374066","potions_obtained":[{"floor":1,"key":"Regen Potion"},{"floor":7,"key":"Block Potion"},{"floor":14,"key":"AttackPotion"}],"is_trial":false,"path_per_floor":["M","?","M","M","$","R","M","E","T","R","E","?","R","M","R","B",null,"M","?","?","?","M","E"],"character_chosen":"THE_SILENT","items_purchased":["Blur"],"campfire_rested":3,"item_purchase_floors":[5],"current_hp_per_floor":[55,55,48,39,39,58,54,48,48,48,22,22,41,37,56,30,57,55,29,29,29,13,0],"gold":208,"neow_bonus":"ONE_RANDOM_RARE_CARD","is_prod":false,"is_daily":false,"chose_seed":false,"campfire_upgraded":0,"win_rate":0,"timestamp":1551397161,"path_taken":["M","?","M","M","$","R","M","E","T","R","E","?","R","?","R","BOSS","M","?","?","?","M","E"],"build_version":"2019-01-23","purchased_purges":1,"victory":false,"max_hp_per_floor":[66,66,66,66,66,66,66,66,66,66,66,66,66,66,66,66,66,66,66,66,66,66,66],"card_choices":[{"not_picked":["Leg Sweep","Acrobatics"],"picked":"Noxious Fumes","floor":1},{"not_picked":["Calculated Gamble","Choke"],"picked":"Dagger Spray","floor":3},{"not_picked":["Endless Agony","Flying Knee"],"picked":"Leg Sweep","floor":4},{"not_picked":["Setup","Sucker Punch"],"picked":"Bouncing Flask","floor":7},{"not_picked":["Distraction","Finisher"],"picked":"Blur","floor":8},{"not_picked":["Terror","Accuracy+1"],"picked":"Deflect","floor":11},{"not_picked":["Cloak And Dagger","Bane"],"picked":"Bouncing Flask","floor":14},{"not_picked":["Grand Finale","Glass Knife"],"picked":"Night Terror","floor":16},{"not_picked":["Dagger Spray","Bouncing Flask"],"picked":"PiercingWail","floor":18},{"not_picked":["Backflip","Poisoned Stab"],"picked":"Bane","floor":22}],"player_experience":582274,"relics_obtained":[{"floor":8,"key":"Frozen Egg 2"},{"floor":9,"key":"Shovel"},{"floor":10,"key":"Girya"},{"floor":11,"key":"Bird Faced Urn"}],"event_choices":[{"damage_healed":0,"gold_gain":150,"player_choice":"AGREE","damage_taken":0,"max_hp_gain":0,"max_hp_loss":0,"event_name":"Liars Game","floor":2,"gold_loss":0,"cards_obtained":["Doubt"]},{"damage_healed":0,"gold_gain":0,"player_choice":"Upgraded","damage_taken":0,"max_hp_gain":0,"max_hp_loss":0,"event_name":"Upgrade Shrine","floor":12,"gold_loss":0,"cards_upgraded":["Noxious Fumes"]},{"damage_healed":0,"gold_gain":0,"player_choice":"Fight","damage_taken":0,"max_hp_gain":0,"max_hp_loss":0,"event_name":"Colosseum","floor":19,"gold_loss":0},{"damage_healed":0,"gold_gain":0,"player_choice":"Fled From Nobs","damage_taken":0,"max_hp_gain":0,"max_hp_loss":0,"event_name":"Colosseum","floor":19,"gold_loss":0},{"damage_healed":0,"gold_gain":0,"player_choice":"Obtained Relic","damage_taken":0,"relics_obtained":["Bag of Preparation"],"max_hp_gain":0,"max_hp_loss":0,"event_name":"Addict","floor":20,"gold_loss":85},{"damage_healed":0,"gold_gain":0,"player_choice":"Got Potions","damage_taken":0,"max_hp_gain":0,"max_hp_loss":0,"event_name":"Lab","floor":21,"gold_loss":0}],"is_beta":false,"boss_relics":[{"not_picked":["Orrery","Coffee Dripper"],"picked":"Sozu"}],"items_purged_floors":[5],"is_endless":false,"potions_floor_spawned":[1,7,14,18,22],"killed_by":"Gremlin Leader","ascension_level":15}