{"gold_per_floor":[99,99,111,111,36,69,69,101,101,118,146,162,162,180,180,277,277,289,305,21,34,47,76,76,107,181,211,228,45,45,56,56,153,153,173,173,248,35,55,81,101,136,160,187,200,200,218,218,218,218],"floor_reached":51,"playtime":5502,"items_purged":["Strike_R","Strike_R"],"score":1040,"play_id":"25a61e3e-6dc5-4f61-bcee-20bd388522e8","local_time":"20190504201423","is_ascension_mode":true,"campfire_choices":[{"data":"Disarm","floor":13,"key":"SMITH"},{"floor":15,"key":"REST"},{"floor":24,"key":"REST"},{"data":"Bandage Up","floor":30,"key":"SMITH"},{"floor":32,"key":"REST"},{"floor":46,"key":"REST"},{"floor":49,"key":"REST"}],"neow_cost":"NONE","seed_source_timestamp":0,"circlet_count":0,"master_deck":["Strike_R","Strike_R","Strike_R","Defend_R","Defend_R","Defend_R","Defend_R","Bash","Fiend Fire+1","Clothesline+1","Pommel Strike","Disarm+1","Pain","Feed","Rupture","Fire Breathing","Disarm+1","Rage+1","Bandage Up+1","Impervious","Juggernaut+1","Bandage Up","Metallicize+1","Flame Barrier+1","Metallicize+1","Carnage+1","Iron Wave+1"],"special_seed":0,"relics":["Burning Blood","Meat on the Bone","WarpedTongs","Pear","Paper Frog","Bronze Scales","Velvet Choker","Membership Card","Lantern","Kunai","Potion Belt","Ornamental Fan","Frozen Egg 2","Strange Spoon","Fusion Hammer","Bottled Tornado","Anchor","Mercury Hourglass","Oddly Smooth Stone","Centennial Puzzle"],"potions_floor_usage":[6,23,31,33,40,44,50],"damage_taken":[{"damage":8,"enemies":"Jaw Worm","floor":1,"turns":3},{"damage":6,"enemies":"Cultist","floor":3,"turns":3},{"damage":24,"enemies":"Gremlin Nob","floor":6,"turns":4},{"damage":20,"enemies":"3 Sentries","floor":8,"turns":9},{"damage":2,"enemies":"2 Louse","floor":10,"turns":3},{"damage":16,"enemies":"Gremlin Nob","floor":11,"turns":4},{"damage":11,"enemies":"Exordium Thugs","floor":12,"turns":4},{"damage":11,"enemies":"2 Fungi Beasts","floor":14,"turns":3},{"damage":35,"enemies":"Hexaghost","floor":16,"turns":7},{"damage":33,"enemies":"2 Thieves","floor":18,"turns":3},{"damage":10,"enemies":"Shell Parasite","floor":19,"turns":4},{"damage":38,"enemies":"Shelled Parasite and Fungi","floor":21,"turns":6},{"damage":30,"enemies":"Centurion and Healer","floor":22,"turns":6},{"damage":27,"enemies":"Gremlin Leader","floor":23,"turns":7},{"damage":35,"enemies":"Book of Stabbing","floor":25,"turns":6},{"damage":45,"enemies":"Gremlin Leader","floor":27,"turns":4},{"damage":7,"enemies":"Snake Plant","floor":28,"turns":4},{"damage":22,"enemies":"3 Cultists","floor":31,"turns":6},{"damage":61,"enemies":"Automaton","floor":33,"turns":11},{"damage":11,"enemies":"3 Shapes","floor":35,"turns":7},{"damage":28,"enemies":"3 Darklings","floor":39,"turns":6},{"damage":39,"enemies":"Giant Head","floor":40,"turns":10},{"damage":40,"enemies":"4 Shapes","floor":41,"turns":8},{"damage":28,"enemies":"Nemesis","floor":42,"turns":9},{"damage":20,"enemies":"Giant Head","floor":44,"turns":10},{"damage":7,"enemies":"Transient","floor":45,"turns":5},{"damage":23,"enemies":"Jaw Worm Horde","floor":47,"turns":4},{"damage":30,"enemies":"Awakened One","floor":50,"turns":12}],"seed_played":"-8740154830177968379","potions_obtained":[{"floor":3,"key":"SkillPotion"},{"floor":10,"key":"Regen Potion"},{"floor":12,"key":"Block Potion"},{"floor":16,"key":"Swift Potion"},{"floor":23,"key":"Swift Potion"},{"floor":27,"key":"Energy Potion"},{"floor":31,"key":"FearPotion"},{"floor":35,"key":"Energy Potion"},{"floor":41,"key":"GamblersBrew"},{"floor":44,"key":"Explosive Potion"},{"floor":45,"key":"Explosive Potion"}],"is_trial":false,"path_per_floor":["M","$","M","?","$","E","?","E","T","M","E","M","R","M","R","B",null,"M","M","$","M","M","E","R","E","T","E","M","$","R","M","R","B",null,"M","?","?","$","M","E","M","E","T","E","M","R","M","?","R","B",null],"character_chosen":"IRONCLAD","items_purchased":["Membership Card","Lantern","Bandage Up","Strange Spoon","Impervious","Metallicize+1","Bottled Tornado"],"campfire_rested":5,"item_purchase_floors":[20,20,29,29,29,38,38],"current_hp_per_floor":[78,78,78,78,78,60,60,68,68,75,65,60,60,55,82,53,93,66,62,62,42,33,39,67,50,50,23,34,34,34,36,64,51,96,94,94,85,85,73,62,55,55,55,61,72,102,85,85,102,94],"gold":218,"neow_bonus":"ONE_RANDOM_RARE_CARD","is_prod":false,"is_daily":false,"chose_seed":false,"campfire_upgraded":2,"win_rate":0,"timestamp":1556993663,"path_taken":["M","$","M","?","$","E","?","E","T","M","E","?","R","M","R","BOSS","M","M","$","M","M","E","R","E","T","E","M","$","R","M","R","BOSS","M","?","?","$","M","E","M","E","T","E","?","R","M","?","R","BOSS"],"build_version":"2019-01-23","purchased_purges":2,"victory":true,"max_hp_per_floor":[80,80,80,80,80,80,80,90,90,93,93,93,93,93,93,93,93,93,93,93,93,96,96,96,96,96,96,96,96,96,96,96,96,96,99,99,99,99,99,99,102,102,102,102,102,102,102,102,102,106],"card_choices":[{"not_picked":["Hemokinesis","Thunderclap"],"picked":"Clothesline","floor":1},{"not_picked":["Thunderclap","Dual Wield"],"picked":"Pommel Strike","floor":3},{"not_picked":["Wild Strike","Thunderclap"],"picked":"Disarm","floor":6},{"not_picked":["Bloodletting","Iron Wave"],"picked":"Feed","floor":8},{"not_picked":["Warcry","Blood for Blood","Whirlwind"],"picked":"SKIP","floor":10},{"not_picked":["Flex","Sword Boomerang","Second Wind"],"picked":"SKIP","floor":11},{"not_picked":["Wild Strike","Armaments"],"picked":"Rupture","floor":12},{"not_picked":["Burning Pact","Flame Barrier"],"picked":"Fire Breathing","floor":14},{"not_picked":["Heavy Blade","Hemokinesis"],"picked":"Disarm+1","floor":18},{"not_picked":["Infernal Blade","Body Slam","Heavy Blade"],"picked":"SKIP","floor":19},{"not_picked":["Clash+1","Intimidate","Havoc"],"picked":"SKIP","floor":21},{"not_picked":["Combust","Perfected Strike"],"picked":"Rage+1","floor":22},{"not_picked":["Exhume","Havoc","Reckless Charge+1"],"picked":"SKIP","floor":23},{"not_picked":["True Grit","Heavy Blade","Shockwave"],"picked":"SKIP","floor":25},{"not_picked":["Cleave+1","Armaments","Fiend Fire"],"picked":"SKIP","floor":27},{"not_picked":["Sword Boomerang","Wild Strike","Warcry"],"picked":"SKIP","floor":28},{"not_picked":["Clash","True Grit","Evolve+1"],"picked":"SKIP","floor":31},{"not_picked":["Barricade+1","Double Tap"],"picked":"Juggernaut+1","floor":33},{"not_picked":["Evolve+1","Pommel Strike+1","Infernal Blade+1"],"picked":"SKIP","floor":35},{"not_picked":["Mind Blast","Forethought"],"picked":"Bandage Up","floor":36},{"not_picked":["Cleave+1","Pommel Strike+1","Thunderclap+1"],"picked":"SKIP","floor":39},{"not_picked":["Berserk+1","Pommel Strike+1","Perfected Strike+1"],"picked":"SKIP","floor":40},{"not_picked":["Body Slam","Thunderclap"],"picked":"Flame Barrier+1","floor":41},{"not_picked":["Body Slam","Rage+1"],"picked":"Metallicize+1","floor":42},{"not_picked":["Fiend Fire","Whirlwind"],"picked":"Carnage+1","floor":44},{"not_picked":["Flex+1","Shockwave+1"],"picked":"Iron Wave+1","floor":45},{"not_picked":["Twin Strike","Havoc","Pommel Strike"],"picked":"SKIP","floor":47}],"player_experience":143247,"relics_obtained":[{"floor":6,"key":"Meat on the Bone"},{"floor":8,"key":"Pear"},{"floor":9,"key":"Paper Frog"},{"floor":11,"key":"Bronze Scales"},{"floor":23,"key":"Kunai"},{"floor":25,"key":"Potion Belt"},{"floor":26,"key":"Ornamental Fan"},{"floor":27,"key":"Frozen Egg 2"},{"floor":40,"key":"Anchor"},{"floor":42,"key":"Mercury Hourglass"},{"floor":43,"key":"Oddly Smooth Stone"},{"floor":44,"key":"Centennial Puzzle"}],"event_choices":[{"damage_healed":0,"gold_gain":0,"player_choice":"Grow","damage_taken":0,"max_hp_gain":0,"max_hp_loss":0,"event_name":"Living Wall","floor":4,"gold_loss":0,"cards_upgraded":["Fiend Fire"]},{"damage_healed":0,"gold_gain":0,"player_choice":"Rummage","damage_taken":0,"relics_obtained":["WarpedTongs"],"max_hp_gain":0,"max_hp_loss":0,"event_name":"Accursed Blacksmith","floor":7,"gold_loss":0,"cards_obtained":["Pain"]},{"damage_healed":0,"gold_gain":0,"player_choice":"Memory 1","damage_taken":0,"max_hp_gain":0,"max_hp_loss":0,"event_name":"SensoryStone","floor":36,"gold_loss":0},{"damage_healed":0,"gold_gain":75,"player_choice":"Touch","damage_taken":9,"max_hp_gain":0,"max_hp_loss":0,"event_name":"FaceTrader","floor":37,"gold_loss":0},{"damage_healed":0,"gold_gain":0,"player_choice":"Upgraded","damage_taken":0,"max_hp_gain":0,"max_hp_loss":0,"event_name":"Upgrade Shrine","floor":48,"gold_loss":0,"cards_upgraded":["Clothesline"]}],"is_beta":false,"boss_relics":[{"not_picked":["Pandora\u0027s Box","Runic Pyramid"],"picked":"Velvet Choker"},{"not_picked":["Snecko Eye","Philosopher\u0027s Stone"],"picked":"Fusion Hammer"}],"items_purged_floors":[5,38],"is_endless":false,"potions_floor_spawned":[3,10,12,16,19,21,23,27,31,35,41,44,45],"ascension_level":1}