{"gold_per_floor":[112,127,12,12,12,12,12,12,39,49,84,96,152,167,167,264,264,274,287,96,196,196,196,207,207,207,207],"floor_reached":27,"playtime":951,"items_purged":["Strike_G"],"score":234,"play_id":"427f6440-8190-4f71-889d-06bf3c059fb8","local_time":"20180630014225","is_ascension_mode":true,"campfire_choices":[{"data":"Bouncing Flask","floor":6,"key":"SMITH"},{"data":"Bouncing Flask","floor":15,"key":"SMITH"},{"data":"Noxious Fumes","floor":23,"key":"SMITH"}],"neow_cost":"NONE","seed_source_timestamp":1060176411084594,"circlet_count":0,"master_deck":["Defend_G","Defend_G","Defend_G","Defend_G","Survivor","Neutralize","Bane","Bouncing Flask+1","Dodge and Roll","Slice","Skewer","Poisoned Stab+1","Bouncing Flask+1","Footwork+1","Bane","A Thousand Cuts","Deflect+1","Accuracy+1","Sucker Punch+1","Noxious Fumes+1","Noxious Fumes","Bouncing Flask"],"special_seed":17711,"relics":["Orrery","Pen Nib","Snake Skull","Tiny Chest","Astrolabe","Art of War","Dead Branch"],"potions_floor_usage":[11,19,22,24],"damage_taken":[{"damage":2,"enemies":"Small Slimes","floor":1,"turns":4},{"damage":0,"enemies":"Cultist","floor":2,"turns":3},{"damage":1,"enemies":"Jaw Worm","floor":10,"turns":3},{"damage":12,"enemies":"Gremlin Nob","floor":11,"turns":4},{"damage":6,"enemies":"2 Fungi Beasts","floor":12,"turns":3},{"damage":1,"enemies":"Blue Slaver","floor":14,"turns":3},{"damage":14,"enemies":"Hexaghost","floor":16,"turns":6},{"damage":6,"enemies":"Shell Parasite","floor":18,"turns":4},{"damage":4,"enemies":"Chosen","floor":19,"turns":7},{"damage":0,"enemies":"Centurion and Healer","floor":22,"turns":1},{"damage":40,"enemies":"Chosen and Byrds","floor":24,"turns":6},{"damage":31,"enemies":"Cultist and Chosen","floor":27,"turns":4}],"seed_played":"-7708731282294831216","potions_obtained":[{"floor":2,"key":"SpeedPotion"},{"floor":10,"key":"SpeedPotion"},{"floor":12,"key":"SmokeBomb"},{"floor":19,"key":"Dexterity Potion"}],"is_trial":false,"path_per_floor":["M","M","$","?","?","R","?","?","T","M","E","M","T","M","R","B",null,"M","M","$","?","M","R","M","?","T"],"character_chosen":"THE_SILENT","items_purchased":["Footwork","Art of War","Noxious Fumes"],"campfire_rested":0,"item_purchase_floors":[3,20,20],"current_hp_per_floor":[68,68,68,68,61,61,47,47,47,46,34,28,28,27,27,13,70,64,60,60,60,60,60,20,20,20,0],"gold":207,"neow_bonus":"BOSS_RELIC","is_prod":false,"is_daily":false,"chose_seed":false,"campfire_upgraded":3,"win_rate":0,"timestamp":1530315745,"path_taken":["M","M","$","?","?","R","?","?","T","?","E","M","?","?","R","BOSS","M","M","$","?","M","R","M","?","T","?"],"build_version":"2018-06-28","purchased_purges":1,"victory":false,"max_hp_per_floor":[70,70,70,70,70,70,70,70,70,70,70,70,70,70,70,70,70,70,70,70,70,70,70,70,70,70,70],"card_choices":[{"not_picked":["Flechettes","Adrenaline"],"picked":"Bane","floor":0},{"not_picked":["Expertise","PiercingWail"],"picked":"Bouncing Flask","floor":0},{"not_picked":["Cloak And Dagger","Flying Knee"],"picked":"Dodge and Roll","floor":0},{"not_picked":["Predator","Eviscerate"],"picked":"Slice","floor":0},{"not_picked":["Outmaneuver","Dagger Spray"],"picked":"Skewer","floor":0},{"not_picked":["Deflect","Dagger Spray"],"picked":"Poisoned Stab","floor":1},{"not_picked":["Terror","Blade Dance"],"picked":"Bouncing Flask","floor":2},{"not_picked":["Cloak And Dagger","Dagger Spray"],"picked":"Bane","floor":10},{"not_picked":["Predator","Reflex","Sucker Punch"],"picked":"SKIP","floor":11},{"not_picked":["Sucker Punch","Dagger Spray","Infinite Blades"],"picked":"SKIP","floor":12},{"not_picked":["Expertise","Sucker Punch","Glass Knife"],"picked":"SKIP","floor":14},{"not_picked":["Unload","Wraith Form v2"],"picked":"A Thousand Cuts","floor":16},{"not_picked":["Quick Slash","Sucker Punch","Dash"],"picked":"SKIP","floor":18},{"not_picked":["Acrobatics","Bane"],"picked":"Noxious Fumes","floor":19},{"not_picked":["Dagger Throw","Deflect"],"picked":"Bouncing Flask","floor":24}],"player_experience":104473,"relics_obtained":[{"floor":9,"key":"Pen Nib"},{"floor":11,"key":"Snake Skull"},{"floor":13,"key":"Tiny Chest"},{"floor":26,"key":"Dead Branch"}],"event_choices":[{"event_name":"Bonfire Elementals","player_choice":"BASIC","floor":4,"damage_taken":0},{"event_name":"Golden Wing","player_choice":"Card Removal","floor":5,"damage_taken":0},{"event_name":"Shining Light","player_choice":"Entered Light","floor":7,"damage_taken":0},{"event_name":"The Cleric","player_choice":"Leave","floor":8,"damage_taken":0},{"event_name":"Golden Shrine","player_choice":"Pray","floor":21,"damage_taken":0},{"event_name":"Drug Dealer","player_choice":"Ignored","floor":25,"damage_taken":0}],"boss_relics":[{"not_picked":["Calling Bell","Snecko Eye"],"picked":"Astrolabe"}],"items_purged_floors":[3],"is_endless":false,"potions_floor_spawned":[2,10,12,19],"killed_by":"Cultist and Chosen","ascension_level":2}