{"gold_per_floor":[110,9,9,27,37,67,67,79,102,117,117,130,130,30,30,127,127,145,145,145,157,167,167,77,77,77,77,93,93,111,123,123,123],"floor_reached":33,"playtime":1985,"items_purged":["Decay","Regret"],"score":324,"play_id":"e03ad208-290c-4766-b064-f3f7940af9ed","local_time":"20190506005902","is_ascension_mode":true,"campfire_choices":[{"floor":7,"key":"REST"},{"floor":15,"key":"REST"},{"floor":23,"key":"REST"},{"data":"Armaments","floor":25,"key":"SMITH"},{"floor":29,"key":"REST"},{"floor":32,"key":"REST"}],"neow_cost":"CURSE","seed_source_timestamp":48952991610865,"circlet_count":0,"master_deck":["Strike_R","Strike_R","Strike_R","Strike_R","Strike_R","Defend_R","Defend_R","Defend_R","Defend_R","Bash+1","Immolate","Flex","Blind","Hemokinesis+1","Carnage","Armaments+1","Infernal Blade","Bludgeon","Flame Barrier+1","Uppercut","Enlightenment","Shame","Limit Break"],"relics":["Burning Blood","Whetstone","Dream Catcher","Bag of Preparation","Nunchaku","Runic Cube","Nilry\u0027s Codex","Blood Vial","Bronze Scales"],"potions_floor_usage":[10,16,16,22,33],"damage_taken":[{"damage":1,"enemies":"2 Louse","floor":1,"turns":2},{"damage":11,"enemies":"Cultist","floor":4,"turns":5},{"damage":9,"enemies":"Jaw Worm","floor":5,"turns":3},{"damage":24,"enemies":"3 Sentries","floor":6,"turns":5},{"damage":9,"enemies":"3 Louse","floor":8,"turns":3},{"damage":13,"enemies":"Blue Slaver","floor":10,"turns":2},{"damage":11,"enemies":"2 Fungi Beasts","floor":12,"turns":3},{"damage":47,"enemies":"The Guardian","floor":16,"turns":12},{"damage":17,"enemies":"2 Thieves","floor":18,"turns":2},{"damage":18,"enemies":"Shell Parasite","floor":21,"turns":4},{"damage":24,"enemies":"Snecko","floor":22,"turns":4},{"damage":41,"enemies":"Centurion and Healer","floor":28,"turns":5},{"damage":16,"enemies":"Sentry and Sphere","floor":30,"turns":4},{"damage":2,"enemies":"Snake Plant","floor":31,"turns":2},{"damage":97,"enemies":"Collector","floor":33,"turns":8}],"seed_played":"-3850463844541809775","potions_obtained":[{"floor":4,"key":"PowerPotion"},{"floor":5,"key":"Ancient Potion"},{"floor":8,"key":"PowerPotion"},{"floor":12,"key":"Energy Potion"},{"floor":18,"key":"PowerPotion"},{"floor":30,"key":"PowerPotion"}],"is_trial":false,"path_per_floor":["M","$","?","M","M","E","R","M","T","M","?","M","?","$","R","B",null,"M","?","?","M","M","R","$","R","T","?","M","R","M","M","R","B"],"character_chosen":"IRONCLAD","items_purchased":["Flex","Enlightenment"],"campfire_rested":5,"item_purchase_floors":[2,24],"current_hp_per_floor":[77,77,77,72,69,51,75,72,72,65,65,60,53,53,77,36,69,58,42,80,68,50,74,74,74,74,74,41,65,57,63,80,0],"gold":123,"neow_bonus":"THREE_RARE_CARDS","is_prod":false,"is_daily":false,"chose_seed":false,"campfire_upgraded":1,"win_rate":0,"timestamp":1557100742,"path_taken":["M","$","?","?","M","E","R","M","T","M","?","M","?","?","R","BOSS","M","?","?","M","?","R","$","R","T","?","M","R","M","M","R","BOSS"],"build_version":"2019-01-23","purchased_purges":2,"victory":false,"max_hp_per_floor":[80,80,80,80,80,80,80,80,80,80,80,80,80,80,80,80,80,80,80,80,80,80,80,80,80,80,80,80,80,80,80,80,80],"card_choices":[{"not_picked":["Offering","Double Tap"],"picked":"Immolate","floor":0},{"not_picked":["Warcry","Clothesline"],"picked":"Shockwave","floor":1},{"not_picked":["Power Through","Headbutt","Clash"],"picked":"SKIP","floor":4},{"not_picked":["Shockwave","Corruption","Blood for Blood"],"picked":"SKIP","floor":5},{"not_picked":["Exhume","Twin Strike","Sword Boomerang"],"picked":"SKIP","floor":6},{"not_picked":["Corruption","Clothesline"],"picked":"Carnage","floor":8},{"not_picked":["Shrug It Off","Headbutt"],"picked":"Armaments","floor":10},{"not_picked":["Perfected Strike","Body Slam","Sword Boomerang"],"picked":"SKIP","floor":12},{"not_picked":["Headbutt","Rupture"],"picked":"Infernal Blade","floor":15},{"not_picked":["Berserk","Fiend Fire"],"picked":"Bludgeon","floor":16},{"not_picked":["Sever Soul","Dropkick+1"],"picked":"Flame Barrier+1","floor":18},{"not_picked":["Warcry","Seeing Red"],"picked":"Uppercut","floor":21},{"not_picked":["Uppercut","Ghostly Armor","Metallicize+1"],"picked":"SKIP","floor":22},{"not_picked":["Iron Wave","Thunderclap","Ghostly Armor"],"picked":"SKIP","floor":28},{"not_picked":["Clash+1","Body Slam","Searing Blow"],"picked":"SKIP","floor":30},{"not_picked":["Shockwave","Headbutt+1"],"picked":"Limit Break","floor":31}],"player_experience":753131,"relics_obtained":[{"floor":6,"key":"Whetstone"},{"floor":9,"key":"Dream Catcher"},{"floor":19,"key":"Nilry\u0027s Codex"},{"floor":26,"key":"Blood Vial"}],"event_choices":[{"damage_healed":0,"gold_gain":0,"player_choice":"3 cards matched","damage_taken":0,"max_hp_gain":0,"max_hp_loss":0,"event_name":"Match and Keep!","floor":3,"gold_loss":0,"cards_obtained":["Blind","Regret","Hemokinesis"]},{"damage_healed":0,"gold_gain":0,"player_choice":"Searched \u00272\u0027 times","damage_taken":0,"relics_obtained":["Bag of Preparation"],"max_hp_gain":0,"max_hp_loss":0,"event_name":"Dead Adventurer","floor":11,"gold_loss":0},{"damage_healed":0,"gold_gain":0,"player_choice":"Success","damage_taken":7,"relics_obtained":["Nunchaku"],"max_hp_gain":0,"max_hp_loss":0,"event_name":"Scrap Ooze","floor":13,"gold_loss":0},{"damage_healed":0,"gold_gain":0,"player_choice":"Obtained Book","damage_taken":16,"max_hp_gain":0,"max_hp_loss":0,"event_name":"Cursed Tome","floor":19,"gold_loss":0},{"cards_removed":["Shockwave"],"damage_healed":38,"gold_gain":0,"player_choice":"Offered Uncommon","damage_taken":0,"max_hp_gain":0,"max_hp_loss":0,"event_name":"Bonfire Elementals","floor":20,"gold_loss":0},{"damage_healed":0,"gold_gain":0,"player_choice":"Stole Relic","damage_taken":0,"relics_obtained":["Bronze Scales"],"max_hp_gain":0,"max_hp_loss":0,"event_name":"Addict","floor":27,"gold_loss":0,"cards_obtained":["Shame"]}],"is_beta":false,"boss_relics":[{"not_picked":["Calling Bell","Coffee Dripper"],"picked":"Runic Cube"}],"items_purged_floors":[2,14],"is_endless":false,"potions_floor_spawned":[4,5,8,12,18,30],"killed_by":"Collector","ascension_level":6}