{"gold_per_floor":[211,222,240,21,21,21,40,65,65,94,105,30,30,49,49,127,127,146,157,169,181,193,225,225,245,297,297,297,297,328,2,2,78,78,97,97,97,142,158,158,183,91,115,149,149,167,181,200,200,200],"floor_reached":50,"playtime":2424,"items_purged":["Strike_G"],"score":1073,"play_id":"2a8e5170-af27-4f70-890c-80bf92d603df","local_time":"20181009100936","is_ascension_mode":true,"campfire_choices":[{"data":"Neutralize","floor":6.0,"key":"SMITH"},{"data":"Cloak And Dagger","floor":13.0,"key":"SMITH"},{"data":"Dodge and Roll","floor":15.0,"key":"SMITH"},{"floor":24.0,"key":"REST"},{"data":"Malaise","floor":28.0,"key":"SMITH"},{"floor":32.0,"key":"REST"},{"data":"Wraith Form v2","floor":40.0,"key":"SMITH"},{"data":"1","floor":45.0,"key":"LIFT"},{"floor":49.0,"key":"REST"}],"neow_cost":"NONE","seed_source_timestamp":92757787524128,"circlet_count":0,"master_deck":["Survivor","Neutralize+1","AscendersBane","Backstab","Cloak And Dagger+1","Dagger Spray","Corpse Explosion","Dagger Spray","Die Die Die","Die Die Die","Caltrops","Dodge and Roll+1","Malaise+1","Flying Knee","Deflect","Dagger Spray","PiercingWail","Deflect","Escape Plan","Cloak And Dagger","Dagger Throw","PiercingWail","Blur","Wraith Form v2+1","Cloak And Dagger+1","Decay","Leg Sweep","Panache","Venomology","Backflip+1","Noxious Fumes","Blur+1","Deadly Poison+1","Backflip","Calculated Gamble"],"special_seed":0,"relics":["Ring of the Snake","Mercury Hourglass","Meat on the Bone","Letter Opener","Pandora\u0027s Box","Juzu Bracelet","Snake Skull","Omamori","Cursed Key","Dead Branch","Pen Nib","PreservedInsect","Girya"],"potions_floor_usage":[50,50],"damage_taken":[{"damage":9.0,"enemies":"Cultist","floor":1.0,"turns":6.0},{"damage":4.0,"enemies":"Jaw Worm","floor":2.0,"turns":4.0},{"damage":0.0,"enemies":"2 Louse","floor":3.0,"turns":3.0},{"damage":0.0,"enemies":"Looter","floor":7.0,"turns":3.0},{"damage":12.0,"enemies":"3 Sentries","floor":8.0,"turns":3.0},{"damage":18.0,"enemies":"Lagavulin","floor":10.0,"turns":6.0},{"damage":3.0,"enemies":"Blue Slaver","floor":11.0,"turns":2.0},{"damage":0.0,"enemies":"Gremlin Gang","floor":14.0,"turns":1.0},{"damage":20.0,"enemies":"The Guardian","floor":16.0,"turns":11.0},{"damage":5.0,"enemies":"Shell Parasite","floor":18.0,"turns":5.0},{"damage":3.0,"enemies":"Spheric Guardian","floor":19.0,"turns":3.0},{"damage":3.0,"enemies":"Snake Plant","floor":20.0,"turns":6.0},{"damage":16.0,"enemies":"Snecko","floor":21.0,"turns":6.0},{"damage":11.0,"enemies":"Centurion and Healer","floor":22.0,"turns":5.0},{"damage":30.0,"enemies":"Book of Stabbing","floor":23.0,"turns":7.0},{"damage":21.0,"enemies":"Chosen and Byrds","floor":25.0,"turns":7.0},{"damage":9.0,"enemies":"Slavers","floor":30.0,"turns":3.0},{"damage":69.0,"enemies":"Collector","floor":33.0,"turns":12.0},{"damage":5.0,"enemies":"3 Darklings","floor":35.0,"turns":2.0},{"damage":12.0,"enemies":"Mysterious Sphere","floor":38.0,"turns":3.0},{"damage":0.0,"enemies":"Orb Walker","floor":39.0,"turns":3.0},{"damage":12.0,"enemies":"Nemesis","floor":44.0,"turns":6.0},{"damage":2.0,"enemies":"Sphere and 2 Shapes","floor":46.0,"turns":4.0},{"damage":4.0,"enemies":"Reptomancer","floor":47.0,"turns":6.0},{"damage":16.0,"enemies":"Maw","floor":48.0,"turns":7.0},{"damage":59,"enemies":"Time Eater","floor":50,"turns":10}],"seed_played":"-8295504780512901157","potions_obtained":[{"floor":1.0,"key":"SneckoOil"},{"floor":2.0,"key":"EssenceOfSteel"},{"floor":7.0,"key":"Regen Potion"},{"floor":11.0,"key":"SpeedPotion"},{"floor":19.0,"key":"SpeedPotion"},{"floor":23.0,"key":"Fire Potion"},{"floor":25.0,"key":"Weak Potion"},{"floor":30.0,"key":"Energy Potion"}],"is_trial":false,"path_per_floor":["M","M","M","$","?","R","M","E","T","E","M","?","R","M","R","B",null,"M","M","M","M","M","E","R","M","T","?","R","?","E","$","R","B",null,"M","?","?","?","M","R","T","$","T","E","R","M","M","M","R"],"character_chosen":"THE_SILENT","items_purchased":["Dagger Spray","Corpse Explosion","Regen Potion","Panache","Noxious Fumes"],"campfire_rested":3,"item_purchase_floors":[4,4,31,31,42],"current_hp_per_floor":[50,46,46,46,46,46,46,34,34,43,40,40,40,40,40,32,58,53,50,47,43,44,26,45,36,36,36,36,36,39,39,58,16,54,49,49,49,37,37,37,37,37,37,40,40,38,34,30,49,0],"gold":200,"neow_bonus":"HUNDRED_GOLD","is_prod":false,"is_daily":false,"chose_seed":false,"campfire_upgraded":5,"win_rate":0,"timestamp":1539104976,"path_taken":["M","M","?","$","?","R","M","E","T","E","M","?","R","M","R","BOSS","M","M","?","M","M","E","R","M","T","?","R","?","E","$","R","BOSS","M","?","?","?","M","R","?","$","T","E","R","M","M","M","R","BOSS"],"build_version":"2018-10-04v2","purchased_purges":1,"victory":false,"max_hp_per_floor":[66,66,66,66,66,66,66,66,66,66,66,66,66,66,66,66,66,66,66,66,66,66,66,66,66,66,66,66,66,66,66,66,66,66,66,66,66,66,66,66,66,66,66,66,66,66,66,66,66,66],"card_choices":[{"not_picked":["Leg Sweep","Bane"],"picked":"Backstab","floor":1.0},{"not_picked":["Quick Slash","Slice"],"picked":"Cloak And Dagger","floor":2.0},{"not_picked":["Venomology","Acrobatics","PiercingWail"],"picked":"SKIP","floor":3.0},{"not_picked":["PiercingWail","Dagger Throw"],"picked":"Dagger Spray","floor":7.0},{"not_picked":["Blade Dance","Sucker Punch"],"picked":"Die Die Die","floor":8.0},{"not_picked":["Blade Dance","Dagger Spray"],"picked":"Die Die Die","floor":10.0},{"not_picked":["Tactician","Poisoned Stab"],"picked":"Caltrops","floor":11.0},{"not_picked":["Quick Slash","Flying Knee"],"picked":"Dodge and Roll","floor":14.0},{"not_picked":["Night Terror","Burst"],"picked":"Malaise","floor":16.0},{"not_picked":["Bane","Deadly Poison"],"picked":"PiercingWail","floor":18.0},{"not_picked":["Slice","Setup","PiercingWail"],"picked":"SKIP","floor":19.0},{"not_picked":["Quick Slash","Slice+1","Blade Dance"],"picked":"SKIP","floor":20.0},{"not_picked":["Prepared","Slice","Skewer"],"picked":"SKIP","floor":21.0},{"not_picked":["Backflip","Slice"],"picked":"Blur","floor":22.0},{"not_picked":["Infinite Blades","Dagger Throw"],"picked":"Wraith Form v2","floor":23.0},{"not_picked":["Predator","Dagger Throw"],"picked":"Cloak And Dagger+1","floor":25.0},{"not_picked":["Acrobatics","Quick Slash"],"picked":"Leg Sweep","floor":30.0},{"not_picked":["Tools of the Trade","Storm of Steel"],"picked":"Venomology","floor":33.0},{"not_picked":["Escape Plan","Blade Dance","Endless Agony"],"picked":"SKIP","floor":35.0},{"not_picked":["Expertise","Dagger Throw"],"picked":"Backflip+1","floor":38.0},{"not_picked":["All Out Attack+1","Prepared","Dagger Spray"],"picked":"SKIP","floor":39.0},{"not_picked":["Bane","Blade Dance+1"],"picked":"Blur+1","floor":44.0},{"not_picked":["Prepared","Finisher+1"],"picked":"Deadly Poison+1","floor":46.0},{"not_picked":["Venomology","Poisoned Stab"],"picked":"Backflip","floor":47.0},{"not_picked":["Sucker Punch+1","Deadly Poison"],"picked":"Calculated Gamble","floor":48.0}],"player_experience":1308397,"relics_obtained":[{"floor":8.0,"key":"Mercury Hourglass"},{"floor":9.0,"key":"Meat on the Bone"},{"floor":10.0,"key":"Letter Opener"},{"floor":23.0,"key":"Juzu Bracelet"},{"floor":26.0,"key":"Snake Skull"},{"floor":30.0,"key":"Omamori"},{"floor":38.0,"key":"Dead Branch"},{"floor":41.0,"key":"Pen Nib"},{"floor":43.0,"key":"PreservedInsect"},{"floor":44.0,"key":"Girya"}],"event_choices":[{"event_name":"Golden Idol","player_choice":"Ignored","floor":5.0,"damage_taken":0.0},{"event_name":"The Cleric","player_choice":"Card Removal","floor":12.0,"damage_taken":0.0},{"event_name":"Beggar","player_choice":"Ignored","floor":27.0,"damage_taken":0.0},{"event_name":"Forgotten Altar","player_choice":"Smashed Altar","floor":29.0,"damage_taken":0.0},{"event_name":"Tomb of Lord Red Mask","player_choice":"Ignored","floor":36.0,"damage_taken":0.0},{"event_name":"SensoryStone","player_choice":"Memory 1","floor":37.0,"damage_taken":0.0},{"event_name":"Mysterious Sphere","player_choice":"Fight","floor":38.0,"damage_taken":0.0}],"is_beta":false,"boss_relics":[{"not_picked":["White Beast Statue","HoveringKite"],"picked":"Pandora\u0027s Box"},{"not_picked":["Black Star","WristBlade"],"picked":"Cursed Key"}],"items_purged_floors":[4],"is_endless":false,"potions_floor_spawned":[1,2,7,11,14,19,23,25,30,39,44,47],"killed_by":"Time Eater","ascension_level":20}