{"gold_per_floor":[365,378,49,64,75,75,91,91,116,134,59,85,97,97],"floor_reached":14,"playtime":433,"items_purged":[],"score":165,"play_id":"a4b77489-f74e-40c3-923c-62356cc81490","local_time":"20181001223337","is_ascension_mode":true,"campfire_choices":[{"data":"Sunder","floor":6.0,"key":"SMITH"},{"data":"Go for the Eyes","floor":8.0,"key":"SMITH"}],"neow_cost":"PERCENT_DAMAGE","seed_source_timestamp":15404705930006,"circlet_count":0,"master_deck":["Strike_B","Strike_B","Strike_B","Strike_B","Defend_B","Defend_B","Defend_B","Defend_B","Zap","Dualcast","AscendersBane","Sunder+1","Rip and Tear","Coolheaded","Barrage","Go for the Eyes+1","Compile Driver","BootSequence","Ball Lightning"],"special_seed":0,"relics":["Cracked Core","Ice Cream","Orichalcum","Dream Catcher"],"potions_floor_usage":[13],"damage_taken":[{"damage":1.0,"enemies":"Cultist","floor":1.0,"turns":3.0},{"damage":0.0,"enemies":"2 Louse","floor":2.0,"turns":1.0},{"damage":1.0,"enemies":"Small Slimes","floor":4.0,"turns":3.0},{"damage":11.0,"enemies":"Blue Slaver","floor":5.0,"turns":3.0},{"damage":5.0,"enemies":"2 Fungi Beasts","floor":7.0,"turns":3.0},{"damage":7.0,"enemies":"Large Slime","floor":10.0,"turns":5.0},{"damage":9.0,"enemies":"Lagavulin","floor":12.0,"turns":5.0},{"damage":0,"enemies":"Gremlin Gang","floor":13,"turns":3},{"damage":14,"enemies":"3 Sentries","floor":14,"turns":4}],"seed_played":"-2707832971205584537","potions_obtained":[{"floor":1.0,"key":"PowerPotion"},{"floor":7.0,"key":"Weak Potion"},{"floor":13,"key":"Weak Potion"}],"is_trial":false,"path_per_floor":["M","M","$","M","M","R","M","R","T","M","$","E","M"],"character_chosen":"DEFECT","items_purchased":["Coolheaded","Ice Cream","BootSequence"],"campfire_rested":0,"item_purchase_floors":[3,3,11],"current_hp_per_floor":[45,45,45,44,33,33,28,28,28,21,21,12,12,0],"gold":97,"neow_bonus":"TWO_FIFTY_GOLD","is_prod":false,"is_daily":false,"chose_seed":false,"campfire_upgraded":2,"win_rate":0,"timestamp":1538458417,"path_taken":["M","M","$","M","M","R","M","R","T","?","$","E","M","E"],"build_version":"2018-09-27","purchased_purges":0,"victory":false,"max_hp_per_floor":[71,71,71,71,71,71,71,71,71,71,71,71,71,71],"card_choices":[{"not_picked":["Leap","Heatsinks"],"picked":"Sunder","floor":1.0},{"not_picked":["Redo","Leap"],"picked":"Rip and Tear","floor":2.0},{"not_picked":["Chaos","Fusion"],"picked":"Barrage","floor":4.0},{"not_picked":["Lockon","Stack"],"picked":"Go for the Eyes","floor":5.0},{"not_picked":["Double Energy","Gash"],"picked":"Compile Driver","floor":7.0},{"not_picked":["Rebound","Stack","Compile Driver"],"picked":"SKIP","floor":10.0},{"not_picked":["Lockon","Rip and Tear"],"picked":"Ball Lightning","floor":12.0},{"not_picked":["Reprogram","Doom and Gloom","Gash"],"picked":"SKIP","floor":13}],"player_experience":1231045,"relics_obtained":[{"floor":9.0,"key":"Orichalcum"},{"floor":12.0,"key":"Dream Catcher"}],"event_choices":[],"is_beta":false,"boss_relics":[],"items_purged_floors":[],"is_endless":false,"potions_floor_spawned":[1,7,13],"killed_by":"3 Sentries","ascension_level":15}