{"gold_per_floor":[114,125,145,44,63,63,89,89,146,146,92,108,141,21,21,98,128,116,131,131,142,156,156,171,171],"floor_reached":25,"playtime":1830,"items_purged":["Defend_B"],"score":445,"play_id":"6f38c456-3d4c-4eb1-b5b1-044eb2a3ef21","local_time":"20180717210212","is_ascension_mode":true,"campfire_choices":[{"data":"Dualcast","floor":6.0,"key":"SMITH"},{"floor":10.0,"key":"REST"},{"data":"Conserve Battery","floor":15.0,"key":"SMITH"},{"floor":23.0,"key":"REST"}],"neow_cost":"NONE","seed_source_timestamp":32456254654947,"circlet_count":0,"master_deck":["Strike_B","Strike_B","Strike_B","Defend_B","Defend_B","Defend_B","Zap","Dualcast+1","AscendersBane","Leap","Ball Lightning+1","Leap","Rebound","Steam","Machine Learning","Ball Lightning","Glacier","Leap","Conserve Battery+1","Thunder Strike","Capacitor","BootSequence","Conserve Battery","Leap+1","Capacitor+1","Glacier"],"special_seed":0,"relics":["Cracked Core","Oddly Smooth Stone","Tiny Chest","Omamori","Tiny House","Frozen Egg 2"],"potions_floor_usage":[24],"damage_taken":[{"damage":0.0,"enemies":"Small Slimes","floor":1.0,"turns":3.0},{"damage":0.0,"enemies":"Cultist","floor":2.0,"turns":4.0},{"damage":0.0,"enemies":"2 Louse","floor":3.0,"turns":2.0},{"damage":21.0,"enemies":"Exordium Wildlife","floor":5.0,"turns":5.0},{"damage":16.0,"enemies":"Gremlin Nob","floor":7.0,"turns":4.0},{"damage":7.0,"enemies":"Blue Slaver","floor":12.0,"turns":4.0},{"damage":0.0,"enemies":"Lagavulin","floor":13.0,"turns":7.0},{"damage":10.0,"enemies":"Hexaghost","floor":16.0,"turns":9.0},{"damage":7.0,"enemies":"2 Thieves","floor":18.0,"turns":4.0},{"damage":0.0,"enemies":"Spheric Guardian","floor":19.0,"turns":3.0},{"damage":16.0,"enemies":"Slaver and Parasite","floor":21.0,"turns":10.0},{"damage":17.0,"enemies":"Snake Plant","floor":22.0,"turns":7.0},{"damage":6,"enemies":"Cultist and Chosen","floor":24,"turns":7},{"damage":45,"enemies":"Book of Stabbing","floor":25,"turns":10}],"seed_played":"-926858454120045774","potions_obtained":[{"floor":2.0,"key":"GamblersBrew"},{"floor":3.0,"key":"Poison Potion"},{"floor":12.0,"key":"PowerPotion"},{"floor":17.0,"key":"AttackPotion"},{"floor":22.0,"key":"Strength Potion"},{"floor":24,"key":"Ancient Potion"}],"is_trial":false,"path_per_floor":["M","M","M","$","M","R","E","?","T","R","$","M","E","$","R","B",null,"M","M","?","M","M","R","M"],"character_chosen":"DEFECT","items_purchased":["Rebound","Ball Lightning","FocusPotion","Conserve Battery"],"campfire_rested":2,"item_purchase_floors":[4,11,14,14],"current_hp_per_floor":[64,64,64,64,43,43,27,27,27,48,48,41,41,41,41,31,66,59,59,59,43,26,48,42,0],"gold":171,"neow_bonus":"REMOVE_CARD","is_prod":false,"is_daily":false,"chose_seed":false,"campfire_upgraded":2,"win_rate":0,"timestamp":1531886532,"path_taken":["M","M","M","$","M","R","E","?","T","R","$","M","E","$","R","BOSS","M","?","?","?","M","R","M","E"],"build_version":"2018-07-12","purchased_purges":1,"victory":false,"max_hp_per_floor":[71,71,71,71,71,71,71,71,71,71,71,71,71,71,71,71,76,76,76,76,76,76,76,76,76],"card_choices":[{"not_picked":["Gash","Compile Driver"],"picked":"Leap","floor":1.0},{"not_picked":["Coolheaded","Aggregate"],"picked":"Ball Lightning","floor":2.0},{"not_picked":["Doom and Gloom","Redo"],"picked":"Leap","floor":3.0},{"not_picked":["Recycle","Scrape"],"picked":"Steam","floor":5.0},{"not_picked":["Reprogram","Beam Cell"],"picked":"Machine Learning","floor":7.0},{"not_picked":["Ball Lightning","Consume"],"picked":"Glacier","floor":12.0},{"not_picked":["FTL","Heatsinks"],"picked":"Leap","floor":13.0},{"not_picked":["Meteor Strike","Rainbow"],"picked":"Thunder Strike","floor":16.0},{"not_picked":["Redo","Streamline"],"picked":"Capacitor","floor":17.0},{"not_picked":["Sweeping Beam","Darkness"],"picked":"BootSequence","floor":18.0},{"not_picked":["Gash","Steam"],"picked":"Conserve Battery","floor":19.0},{"not_picked":["Fusion","Double Energy"],"picked":"Leap+1","floor":21.0},{"not_picked":["Beam Cell","Cold Snap"],"picked":"Capacitor+1","floor":22.0},{"not_picked":["Hologram","Scrape"],"picked":"Glacier","floor":24}],"player_experience":784949,"relics_obtained":[{"floor":7.0,"key":"Oddly Smooth Stone"},{"floor":9.0,"key":"Tiny Chest"},{"floor":13.0,"key":"Omamori"}],"event_choices":[{"event_name":"Shining Light","player_choice":"Ignored","floor":8.0,"damage_taken":0.0},{"event_name":"The Mausoleum","player_choice":"Yes","floor":20.0,"damage_taken":0.0}],"boss_relics":[{"not_picked":["Coffee Dripper","FrozenCore"],"picked":"Tiny House"}],"items_purged_floors":[4],"is_endless":false,"potions_floor_spawned":[2,3,12,22,24],"killed_by":"Book of Stabbing","ascension_level":15}