{"gold_per_floor":[113,45,64,80,80,80,90,121,121,121,0,0,32,48,48,119,119,138,118,128,141,156,181,181,216,241,260,293,305,305,316,316,394,394,413,413,428,428,440,440,474,474,501,135,168,42,42,61,61,61,61,61,9,39,39],"floor_reached":56,"playtime":3827,"items_purged":["Strike_R"],"score":2054,"play_id":"3cdaf903-d648-4775-aa54-e5a1dc701e5d","local_time":"20190129195627","is_ascension_mode":true,"campfire_choices":[{"data":"Bash","floor":6.0,"key":"SMITH"},{"data":"True Grit","floor":12.0,"key":"SMITH"},{"data":"Feel No Pain","floor":15.0,"key":"SMITH"},{"data":"Armaments","floor":24,"key":"SMITH"},{"data":"Shockwave","floor":30,"key":"SMITH"},{"data":"Fiend Fire","floor":32,"key":"SMITH"},{"data":"Feel No Pain","floor":40,"key":"SMITH"},{"floor":47,"key":"RECALL"},{"data":"Disarm","floor":49,"key":"SMITH"},{"data":"Spot Weakness","floor":52,"key":"SMITH"}],"neow_cost":"NONE","seed_source_timestamp":40110929959140,"circlet_count":0,"master_deck":["AscendersBane","Bash+1","Feel No Pain+1","Shrug It Off","Offering","Clothesline","True Grit+1","Corruption","Shrug It Off","Fiend Fire+1","Battle Trance","Armaments+1","Power Through","Shockwave+1","Reaper","Feed","Feel No Pain+1","Pommel Strike","Impervious","Flame Barrier","Dark Embrace","Uppercut","Disarm+1","Infernal Blade","Reaper","Whirlwind","Exhume","Entrench","Evolve","Offering","Corruption","Spot Weakness","Heavy Blade","Spot Weakness+1","Shrug It Off","Uppercut"],"special_seed":0,"relics":["Burning Blood","Happy Flower","Kunai","Gremlin Horn","Blood Vial","Snecko Eye","Bag of Marbles","Regal Pillow","Red Skull","Oddly Smooth Stone","Pandora\u0027s Box","Pen Nib","Boot","Medical Kit","Lantern","Pantograph"],"potions_floor_usage":[16,16,23,23,23,29,33,55],"damage_taken":[{"damage":6.0,"enemies":"Cultist","floor":1.0,"turns":3.0},{"damage":0.0,"enemies":"Small Slimes","floor":3.0,"turns":3.0},{"damage":3.0,"enemies":"2 Louse","floor":4.0,"turns":4.0},{"damage":21.0,"enemies":"Lots of Slimes","floor":7.0,"turns":5.0},{"damage":30.0,"enemies":"Lagavulin","floor":8.0,"turns":5.0},{"damage":10.0,"enemies":"Gremlin Nob","floor":13.0,"turns":4.0},{"damage":12.0,"enemies":"Exordium Wildlife","floor":14.0,"turns":5.0},{"damage":33,"enemies":"The Guardian","floor":16,"turns":16},{"damage":0,"enemies":"2 Thieves","floor":18,"turns":4},{"damage":13,"enemies":"Shell Parasite","floor":20,"turns":5},{"damage":10,"enemies":"3 Cultists","floor":21,"turns":5},{"damage":6,"enemies":"Centurion and Healer","floor":22,"turns":7},{"damage":7,"enemies":"Slavers","floor":23,"turns":7},{"damage":21,"enemies":"Gremlin Leader","floor":25,"turns":10},{"damage":8,"enemies":"Cultist and Chosen","floor":27,"turns":5},{"damage":38,"enemies":"Slavers","floor":28,"turns":7},{"damage":3,"enemies":"Snake Plant","floor":29,"turns":6},{"damage":21,"enemies":"Shelled Parasite and Fungi","floor":31,"turns":7},{"damage":44,"enemies":"Champ","floor":33,"turns":18},{"damage":2,"enemies":"Orb Walker","floor":35,"turns":3},{"damage":22,"enemies":"3 Shapes","floor":37,"turns":3},{"damage":6,"enemies":"Writhing Mass","floor":39,"turns":6},{"damage":17,"enemies":"Reptomancer","floor":41,"turns":8},{"damage":12,"enemies":"Nemesis","floor":45,"turns":7},{"damage":12,"enemies":"3 Darklings","floor":48,"turns":5},{"damage":35,"enemies":"Time Eater","floor":50,"turns":12},{"damage":6,"enemies":"Shield and Spear","floor":54,"turns":8},{"damage":48,"enemies":"The Heart","floor":55,"turns":9}],"seed_played":"-258467056233285911","potions_obtained":[{"floor":1.0,"key":"GamblersBrew"},{"floor":7.0,"key":"Poison Potion"},{"floor":8.0,"key":"AttackPotion"},{"floor":13.0,"key":"Block Potion"},{"floor":16,"key":"EssenceOfSteel"},{"floor":18,"key":"Explosive Potion"},{"floor":19,"key":"EntropicBrew"},{"floor":23,"key":"Dexterity Potion"},{"floor":31,"key":"Ancient Potion"},{"floor":33,"key":"FearPotion"},{"floor":45,"key":"Swift Potion"},{"floor":54,"key":"Energy Potion"}],"is_trial":false,"path_per_floor":["M","$","M","M","?","R","M","E","T","?","$","R","E","M","R","B",null,"M","?","M","M","M","E","R","E","T","M","E","M","R","M","R","B",null,"M","?","M","?","M","R","E","T","T","$","E","$","R","M","R","B",null,"R","$","E","B",null],"character_chosen":"IRONCLAD","items_purchased":["Feel No Pain","True Grit","Medical Kit","Offering","Spot Weakness","Heavy Blade","Shrug It Off"],"campfire_rested":0,"item_purchase_floors":[2,11,44,44,46,46,53],"current_hp_per_floor":[68,68,74,75,80,80,65,41,41,41,41,41,37,33,33,8,62,70,70,65,63,65,66,66,53,53,53,35,49,49,44,44,15,66,78,78,86,86,90,90,94,94,94,94,94,94,94,91,91,97,97,97,97,100,92],"gold":39,"neow_bonus":"RANDOM_COMMON_RELIC","is_prod":false,"is_daily":false,"chose_seed":false,"campfire_upgraded":9,"win_rate":0,"timestamp":1548820587,"path_taken":["M","?","M","M","?","R","M","E","T","?","$","R","E","M","R","BOSS","M","?","M","?","M","E","R","E","T","M","E","M","R","M","R","BOSS","M","?","?","?","M","R","E","?","T","$","E","$","R","M","R","BOSS","R","$","E","BOSS"],"build_version":"2019-01-23","purchased_purges":1,"victory":true,"max_hp_per_floor":[75,75,75,75,80,80,80,80,80,80,80,80,80,80,80,80,80,80,80,80,80,80,80,80,80,80,80,80,80,80,83,83,83,83,83,83,86,86,90,90,94,94,94,94,94,94,94,97,97,97,97,97,97,100,100],"card_choices":[{"not_picked":["Cleave","Flex"],"picked":"Wild Strike","floor":1.0},{"not_picked":["Cleave","Twin Strike"],"picked":"Iron Wave","floor":3.0},{"not_picked":["Cleave","Havoc"],"picked":"Shrug It Off","floor":4.0},{"not_picked":["Thunderclap","Reckless Charge"],"picked":"Offering","floor":7.0},{"not_picked":["Twin Strike","Sword Boomerang"],"picked":"Clothesline","floor":8.0},{"not_picked":["Burning Pact","Clothesline"],"picked":"Corruption","floor":13.0},{"not_picked":["Twin Strike","Clothesline"],"picked":"Shrug It Off","floor":14.0},{"not_picked":["Double Tap","Demon Form"],"picked":"Fiend Fire","floor":16},{"not_picked":["Clothesline","Iron Wave","Clash+1"],"picked":"SKIP","floor":18},{"not_picked":["Wild Strike","Reckless Charge","Twin Strike"],"picked":"SKIP","floor":20},{"not_picked":["Metallicize","Anger"],"picked":"Battle Trance","floor":21},{"not_picked":["Havoc","Clash"],"picked":"Armaments","floor":22},{"not_picked":["Thunderclap","Combust"],"picked":"Power Through","floor":23},{"not_picked":["Flame Barrier","Hemokinesis"],"picked":"Shockwave","floor":25},{"not_picked":["Iron Wave","Thunderclap"],"picked":"Reaper","floor":27},{"not_picked":["Clothesline","Dropkick"],"picked":"Feed","floor":28},{"not_picked":["Body Slam","Heavy Blade"],"picked":"Feel No Pain","floor":29},{"not_picked":["Thunderclap","Twin Strike"],"picked":"Pommel Strike","floor":31},{"not_picked":["Exhume","Feed"],"picked":"Impervious","floor":33},{"not_picked":["Armaments","Blood for Blood","Dropkick"],"picked":"SKIP","floor":35},{"not_picked":["Fire Breathing","Rupture"],"picked":"Entrench","floor":37},{"not_picked":["Headbutt","Wild Strike"],"picked":"Evolve","floor":39},{"not_picked":["Rupture+1","Sword Boomerang","Double Tap"],"picked":"SKIP","floor":41},{"not_picked":["Flex","Perfected Strike"],"picked":"Corruption","floor":45},{"not_picked":["Entrench","Burning Pact"],"picked":"Spot Weakness","floor":48},{"not_picked":["Havoc","Hemokinesis+1"],"picked":"Uppercut","floor":54}],"player_experience":2097203,"relics_obtained":[{"floor":8.0,"key":"Kunai"},{"floor":9.0,"key":"Gremlin Horn"},{"floor":13.0,"key":"Blood Vial"},{"floor":23,"key":"Bag of Marbles"},{"floor":25,"key":"Regal Pillow"},{"floor":26,"key":"Red Skull"},{"floor":28,"key":"Oddly Smooth Stone"},{"floor":41,"key":"Pen Nib"},{"floor":43,"key":"Boot"},{"floor":45,"key":"Lantern"},{"floor":54,"key":"Pantograph"}],"event_choices":[{"damage_healed":0.0,"max_hp_gain":5.0,"max_hp_loss":0.0,"gold_gain":0.0,"event_name":"Big Fish","player_choice":"Donut","floor":5.0,"gold_loss":0.0,"damage_taken":0.0},{"damage_healed":0.0,"max_hp_gain":0.0,"max_hp_loss":0.0,"gold_gain":0.0,"event_name":"Scrap Ooze","player_choice":"Fled","floor":10.0,"gold_loss":0.0,"damage_taken":0.0},{"damage_healed":0,"gold_gain":0,"player_choice":"Bought 1 Potion","damage_taken":0,"max_hp_gain":0,"max_hp_loss":0,"event_name":"The Woman in Blue","floor":19,"gold_loss":0},{"cards_removed":["Iron Wave"],"damage_healed":0,"gold_gain":0,"player_choice":"Card Removal","damage_taken":0,"max_hp_gain":0,"max_hp_loss":0,"event_name":"Wheel of Change","floor":36,"gold_loss":0},{"cards_removed":["Wild Strike"],"damage_healed":0,"gold_gain":0,"player_choice":"Removed Attack","damage_taken":0,"max_hp_gain":0,"max_hp_loss":0,"event_name":"Falling","floor":38,"gold_loss":0}],"is_beta":false,"boss_relics":[{"not_picked":["Tiny House","Runic Dome"],"picked":"Snecko Eye"},{"not_picked":["Velvet Choker","Eternal Feather"],"picked":"Pandora\u0027s Box"}],"items_purged_floors":[11],"is_endless":false,"potions_floor_spawned":[1,7,8,13,16,18,22,23,25,31,33,39,45,54],"ascension_level":15}