{"gold_per_floor":[119,135,135,135,67,103,118,118,171,185,185,208,226,249,249,374,374,395,395,15,15,30,30,58,58,58,75,94,124,156,168,180,294,306,338,368,59,72,120,147,147,147,147,161,38,38,52,52,52,52,52,52,52,87,87],"floor_reached":56,"playtime":2363,"items_purged":[],"score":1299,"play_id":"76026a81-bbd1-48ae-98ed-c38e17d822c5","local_time":"20181209104611","is_ascension_mode":false,"campfire_choices":[{"data":"Static Discharge","floor":8,"key":"SMITH"},{"data":"Buffer","floor":11,"key":"SMITH"},{"data":"Undo","floor":15,"key":"SMITH"},{"data":"Storm","floor":23,"key":"SMITH"},{"data":"Thunder Strike","floor":25,"key":"SMITH"},{"data":"Amplify","floor":32,"key":"SMITH"},{"floor":42,"key":"RECALL"},{"data":"Defragment","floor":49,"key":"SMITH"},{"data":"Defragment","floor":52,"key":"SMITH"}],"neow_cost":"NONE","seed_source_timestamp":203254399217242,"circlet_count":0,"master_deck":["Strike_B","Strike_B","Strike_B","Strike_B","Defend_B","Defend_B","Defend_B","Defend_B","Zap","Dualcast","Undo+1","Reinforced Body","Buffer+1","Static Discharge+1","Go for the Eyes","Ball Lightning","Turbo","Coolheaded","Thunder Strike+1","Double Energy","Rainbow","Capacitor","Storm+1","Defragment+1","Defragment+1","Storm","Leap","Ball Lightning+1","Chill","Stack+1","Glacier","Amplify+1","Ball Lightning","Machine Learning","Hologram+1","Storm+1","Self Repair+1","Heatsinks+1","Pain","Parasite","Chaos+1","Buffer+1","Loop+1","Madness","Madness","Hologram+1","Panache+1","Turbo+1"],"relics":["Cracked Core","NeowsBlessing","Bloody Idol","Pen Nib","The Courier","Tiny Chest","Cursed Key","Matryoshka","PreservedInsect","MawBank","Inserter","Frozen Egg 2","FossilizedHelix","Incense Burner","Question Card","Bird Faced Urn","Mango"],"potions_floor_usage":[13,24,29,33,39,55,55,55,55,55,55],"damage_taken":[{"damage":0,"enemies":"Small Slimes","floor":1,"turns":1},{"damage":0,"enemies":"Jaw Worm","floor":2,"turns":1},{"damage":0,"enemies":"3 Sentries","floor":6,"turns":1},{"damage":0,"enemies":"Cultist","floor":7,"turns":4},{"damage":8,"enemies":"Large Slime","floor":10,"turns":6},{"damage":0,"enemies":"3 Louse","floor":12,"turns":5},{"damage":4,"enemies":"Gremlin Gang","floor":13,"turns":5},{"damage":0,"enemies":"Exordium Thugs","floor":14,"turns":3},{"damage":7,"enemies":"The Guardian","floor":16,"turns":16},{"damage":10,"enemies":"Spheric Guardian","floor":18,"turns":3},{"damage":8,"enemies":"Shell Parasite","floor":22,"turns":3},{"damage":21,"enemies":"Book of Stabbing","floor":24,"turns":5},{"damage":7,"enemies":"Cultist and Chosen","floor":27,"turns":3},{"damage":11,"enemies":"3 Cultists","floor":28,"turns":5},{"damage":7,"enemies":"Gremlin Leader","floor":29,"turns":7},{"damage":7,"enemies":"Snecko","floor":30,"turns":5},{"damage":17,"enemies":"Collector","floor":33,"turns":9},{"damage":20,"enemies":"3 Darklings","floor":35,"turns":7},{"damage":4,"enemies":"3 Shapes","floor":36,"turns":5},{"damage":27,"enemies":"Sphere and 2 Shapes","floor":38,"turns":4},{"damage":11,"enemies":"2 Orb Walkers","floor":39,"turns":4},{"damage":0,"enemies":"Giant Head","floor":40,"turns":6},{"damage":15,"enemies":"Writhing Mass","floor":44,"turns":4},{"damage":1,"enemies":"3 Darklings","floor":47,"turns":4},{"damage":24,"enemies":"Time Eater","floor":50,"turns":9},{"damage":66,"enemies":"Shield and Spear","floor":54,"turns":5},{"damage":50,"enemies":"The Heart","floor":55,"turns":7}],"seed_played":"-941649076699797041","potions_obtained":[{"floor":10,"key":"AttackPotion"},{"floor":13,"key":"EssenceOfSteel"},{"floor":16,"key":"SteroidPotion"},{"floor":18,"key":"Dexterity Potion"},{"floor":22,"key":"Swift Potion"},{"floor":24,"key":"Weak Potion"},{"floor":30,"key":"Block Potion"},{"floor":39,"key":"EntropicBrew"},{"floor":47,"key":"EssenceOfSteel"}],"is_trial":false,"path_per_floor":["M","M","?","?","$","E","M","R","T","M","R","M","M","M","R","B",null,"M","?","$","?","M","R","E","R","T","M","M","E","M","$","R","B",null,"M","M","$","M","?","E","?","R","T","M","$","?","M","?","R","B",null,"R","$","E","B",null],"character_chosen":"DEFECT","items_purchased":["Reinforced Body","Rainbow","Capacitor","Storm","Defragment","Defragment","Storm","Leap","Frozen Egg 2","Storm+1","Self Repair+1","Buffer+1","Loop+1"],"campfire_rested":0,"item_purchase_floors":[5,20,20,20,20,20,20,20,37,37,37,45,45],"current_hp_per_floor":[75,75,57,57,57,57,57,57,57,49,49,49,45,45,45,38,75,65,65,65,65,62,62,46,46,46,44,38,36,39,44,49,42,75,60,66,71,49,43,58,58,58,58,72,72,63,75,75,75,75,75,75,75,37,13],"gold":87,"neow_bonus":"THREE_ENEMY_KILL","is_prod":false,"is_daily":false,"chose_seed":false,"campfire_upgraded":8,"win_rate":0,"timestamp":1544348771,"path_taken":["M","M","?","?","$","E","M","R","T","?","R","M","M","M","R","BOSS","M","?","$","?","M","R","E","R","T","?","M","E","M","?","R","BOSS","M","M","$","M","?","E","?","R","T","?","$","?","M","?","R","BOSS","R","$","E","BOSS"],"build_version":"2018-12-06","purchased_purges":0,"victory":true,"max_hp_per_floor":[75,75,75,75,75,75,75,75,75,75,75,75,75,75,75,75,75,75,75,75,75,75,75,75,75,75,75,75,75,75,75,75,75,75,75,75,75,75,75,75,75,75,75,75,75,75,75,75,75,75,75,75,75,89,89],"card_choices":[{"not_picked":["Sweeping Beam","Rebound"],"picked":"Undo","floor":1},{"not_picked":["Self Repair","Steam"],"picked":"Coolheaded","floor":2},{"not_picked":["Gash","Tempest"],"picked":"Buffer","floor":6},{"not_picked":["Gash","Steam Power"],"picked":"Static Discharge","floor":7},{"not_picked":["Redo","FTL"],"picked":"Go for the Eyes","floor":10},{"not_picked":["Lockon","Conserve Battery"],"picked":"Ball Lightning","floor":12},{"not_picked":["Coolheaded","Rebound"],"picked":"Turbo","floor":13},{"not_picked":["Redo","Consume"],"picked":"Coolheaded","floor":14},{"not_picked":["Machine Learning","Rainbow"],"picked":"Thunder Strike","floor":16},{"not_picked":["Stack+1","Coolheaded"],"picked":"Double Energy","floor":18},{"not_picked":["Coolheaded","Stack"],"picked":"Ball Lightning+1","floor":22},{"not_picked":["Conserve Battery","Stack"],"picked":"Chill","floor":24},{"not_picked":["Hello World","Cold Snap+1"],"picked":"Stack+1","floor":27},{"not_picked":["Coolheaded+1","Go for the Eyes"],"picked":"Glacier","floor":28},{"not_picked":["Chaos","Turbo+1"],"picked":"Amplify","floor":29},{"not_picked":["Cold Snap","Streamline"],"picked":"Ball Lightning","floor":30},{"not_picked":["Core Surge","Fission"],"picked":"Machine Learning","floor":33},{"not_picked":["Cold Snap","Rebound"],"picked":"Hologram+1","floor":35},{"not_picked":["Barrage","Rebound+1","Chill+1"],"picked":"SKIP","floor":36},{"not_picked":["Steam","Ball Lightning"],"picked":"Heatsinks+1","floor":38},{"not_picked":["Compile Driver","Steam","Hyperbeam"],"picked":"SKIP","floor":40},{"not_picked":["Streamline","Fusion","Redo+1"],"picked":"Chaos+1","floor":44},{"not_picked":["Conserve Battery","Rebound+1","Sweeping Beam"],"picked":"Hologram+1","floor":47},{"not_picked":["Metamorphosis","Bandage Up","Sadistic Nature+1"],"picked":"Panache+1","floor":48},{"not_picked":["Capacitor+1","Coolheaded","Redo+1"],"picked":"Turbo+1","floor":54}],"player_experience":372201,"relics_obtained":[{"floor":6,"key":"The Courier"},{"floor":9,"key":"Tiny Chest"},{"floor":24,"key":"Matryoshka"},{"floor":26,"key":"PreservedInsect"},{"floor":29,"key":"MawBank"},{"floor":39,"key":"FossilizedHelix"},{"floor":40,"key":"Incense Burner"},{"floor":43,"key":"Question Card"},{"floor":43,"key":"Bird Faced Urn"},{"floor":54,"key":"Mango"}],"event_choices":[{"damage_healed":0,"gold_gain":0,"player_choice":"Take Damage","damage_taken":18,"relics_obtained":["Golden Idol"],"max_hp_gain":0,"max_hp_loss":0,"event_name":"Golden Idol","floor":3,"gold_loss":0},{"cards_removed":["Coolheaded"],"damage_healed":0,"gold_gain":0,"player_choice":"Gave Card","damage_taken":0,"relics_obtained":["Pen Nib"],"max_hp_gain":0,"max_hp_loss":0,"event_name":"WeMeetAgain","floor":4,"gold_loss":0},{"damage_healed":0,"gold_gain":0,"player_choice":"Gave Idol","damage_taken":0,"relics_obtained":["Bloody Idol"],"max_hp_gain":0,"max_hp_loss":0,"event_name":"Forgotten Altar","floor":19,"relics_lost":["Golden Idol"],"gold_loss":0},{"damage_healed":0,"gold_gain":0,"player_choice":"0 cards matched","damage_taken":0,"max_hp_gain":0,"max_hp_loss":0,"event_name":"Match and Keep!","floor":21,"gold_loss":0,"cards_obtained":[]},{"damage_healed":0,"gold_gain":0,"player_choice":"Fight","damage_taken":0,"max_hp_gain":0,"max_hp_loss":0,"event_name":"Mysterious Sphere","floor":39,"gold_loss":0},{"cards_removed":["Decay"],"damage_healed":0,"gold_gain":0,"player_choice":"Purged","damage_taken":0,"max_hp_gain":0,"max_hp_loss":0,"event_name":"Purifier","floor":41,"gold_loss":0},{"damage_healed":0,"gold_gain":0,"player_choice":"Embrace Madness","damage_taken":9,"max_hp_gain":0,"max_hp_loss":0,"event_name":"Winding Halls","floor":46,"gold_loss":0,"cards_obtained":["Madness","Madness"]},{"damage_healed":0,"gold_gain":0,"player_choice":"Memory 1","damage_taken":0,"max_hp_gain":0,"max_hp_loss":0,"event_name":"SensoryStone","floor":48,"gold_loss":0}],"is_beta":false,"boss_relics":[{"not_picked":["Empty Cage","Velvet Choker"],"picked":"Cursed Key"},{"not_picked":["Tiny House","Pandora\u0027s Box"],"picked":"Inserter"}],"items_purged_floors":[],"is_endless":false,"potions_floor_spawned":[10,13,16,18,22,24,30,39,47,54],"ascension_level":0}