{"gold_per_floor":[112,60,71,146,157,183,183,183,183,209,209,235,253,270,270,341,341,352,402,253,265,53,87,12,44,68,100,131,131,131,147,147,226,226,242,242,464,464,480,512,531,531,607,622,647,682,209,242,242,242,242],"floor_reached":52,"playtime":3284,"items_purged":["Coolheaded"],"score":2838,"play_id":"f298ccc2-edde-45b7-b433-500e20ec4b34","local_time":"20190407141859","daily_mods":["Draft","Time Dilation","Night Terrors"],"is_ascension_mode":true,"campfire_choices":[{"data":"Defragment","floor":7.0,"key":"SMITH"},{"data":"Recycle","floor":15.0,"key":"SMITH"},{"data":"Fusion","floor":29.0,"key":"SMITH"},{"floor":32.0,"key":"DIG"},{"floor":42,"key":"DIG"},{"data":"Deep Breath","floor":49,"key":"SMITH"}],"neow_cost":"","seed_source_timestamp":6225193847600,"circlet_count":0,"master_deck":["AscendersBane","Recycle+1","Gash","Fusion+1","Steam","Glacier+1","Cold Snap+1","Gash","Cold Snap","Compile Driver+1","Defragment+1","Cold Snap","Undo","Gash","Skim","Hologram","Capacitor","Go for the Eyes","Core Surge","Gash","Defragment","Cold Snap+1","Chill+1","Self Repair","Beam Cell","Stack+1","Hologram","Echo Form","Deep Breath+1"],"special_seed":0,"relics":["Cracked Core","Ornamental Fan","Blood Vial","Kunai","Shovel","Vajra","Black Star","Bag of Preparation","Dream Catcher","Bottled Lightning","Red Mask","Omamori","Anchor","WingedGreaves","Lantern","Boot","Blue Candle","Busted Crown","Pen Nib","Bottled Tornado","Sundial","Letter Opener","Cables","Smiling Mask","Happy Flower","MawBank","War Paint","Bag of Marbles","FossilizedHelix","Potion Belt"],"potions_floor_usage":[48,48,51],"damage_taken":[{"damage":0.0,"enemies":"Jaw Worm","floor":1.0,"turns":4.0},{"damage":0.0,"enemies":"Cultist","floor":3.0,"turns":3.0},{"damage":13.0,"enemies":"2 Louse","floor":5.0,"turns":2.0},{"damage":0.0,"enemies":"Gremlin Nob","floor":6.0,"turns":3.0},{"damage":0.0,"enemies":"Lagavulin","floor":10.0,"turns":6.0},{"damage":0.0,"enemies":"Gremlin Nob","floor":12.0,"turns":5.0},{"damage":3.0,"enemies":"Blue Slaver","floor":13.0,"turns":3.0},{"damage":0.0,"enemies":"Large Slime","floor":14.0,"turns":4.0},{"damage":0.0,"enemies":"Slime Boss","floor":16.0,"turns":9.0},{"damage":4.0,"enemies":"Chosen","floor":18.0,"turns":6.0},{"damage":10.0,"enemies":"Shell Parasite","floor":21.0,"turns":5.0},{"damage":38.0,"enemies":"Book of Stabbing","floor":23.0,"turns":6.0},{"damage":0.0,"enemies":"Masked Bandits","floor":25.0,"turns":4.0},{"damage":15.0,"enemies":"Slavers","floor":27.0,"turns":7.0},{"damage":0.0,"enemies":"Book of Stabbing","floor":28.0,"turns":4.0},{"damage":0.0,"enemies":"Shelled Parasite and Fungi","floor":31.0,"turns":5.0},{"damage":0,"enemies":"Champ","floor":33,"turns":9},{"damage":0,"enemies":"3 Darklings","floor":35,"turns":6},{"damage":8,"enemies":"3 Shapes","floor":39,"turns":6},{"damage":8,"enemies":"Nemesis","floor":40,"turns":7},{"damage":18,"enemies":"3 Darklings","floor":41,"turns":6},{"damage":0,"enemies":"Writhing Mass","floor":44,"turns":6},{"damage":0,"enemies":"Giant Head","floor":45,"turns":8},{"damage":20,"enemies":"Nemesis","floor":46,"turns":5},{"damage":22,"enemies":"Reptomancer","floor":48,"turns":6},{"damage":0,"enemies":"Time Eater","floor":50,"turns":7},{"damage":0,"enemies":"Awakened One","floor":51,"turns":7}],"seed_played":"-608723424541515901","potions_obtained":[{"floor":3.0,"key":"Strength Potion"},{"floor":10.0,"key":"FocusPotion"},{"floor":13.0,"key":"AttackPotion"},{"floor":21.0,"key":"SpeedPotion"},{"floor":23.0,"key":"GamblersBrew"},{"floor":27.0,"key":"Swift Potion"},{"floor":31.0,"key":"Fire Potion"},{"floor":39,"key":"FocusPotion"},{"floor":41,"key":"PowerPotion"},{"floor":48,"key":"SkillPotion"}],"is_trial":true,"path_per_floor":["M","?","M","?","M","E","R","?","T","E","?","E","M","M","R","B",null,"M","?","$","M","$","E","?","?","T","E","E","R","?","M","R","B",null,"M","?","?","?","M","E","M","R","T","M","E","E","$","E","R","B","B",null],"character_chosen":"DEFECT","items_purchased":["Gash","Coolheaded","Defragment","Bag of Preparation","FearPotion","War Paint","Bag of Marbles","Deep Breath"],"campfire_rested":0,"item_purchase_floors":[20,20,20,22,22,47,47,47],"current_hp_per_floor":[64,64,64,53,40,40,40,63,63,65,44,46,45,47,47,49,66,64,64,64,56,56,20,20,22,22,16,18,18,18,27,27,36,62,71,67,67,57,58,59,50,50,50,66,67,61,61,55,55,57,66],"gold":242,"neow_bonus":"","is_prod":false,"is_daily":false,"chose_seed":false,"campfire_upgraded":4,"win_rate":0,"timestamp":1554617939,"path_taken":["M","?","?","?","M","E","R","?","T","E","?","E","M","M","R","BOSS","M","?","$","M","$","E","?","?","T","E","E","R","?","M","R","BOSS","M","?","?","?","M","E","M","R","T","?","E","E","$","E","R","BOSS","BOSS"],"build_version":"2019-04-04","purchased_purges":1,"victory":true,"max_hp_per_floor":[71,71,71,71,71,71,71,71,71,71,71,71,71,71,71,71,71,71,71,71,71,71,71,71,71,71,71,71,71,71,71,71,71,71,71,67,67,67,67,67,67,67,67,67,67,67,67,67,67,67,67],"card_choices":[{"not_picked":["Leap","Aggregate"],"picked":"Recycle","floor":0.0},{"not_picked":["Leap","Streamline"],"picked":"Gash","floor":0.0},{"not_picked":["Compile Driver","Steam Power"],"picked":"Fusion","floor":0.0},{"not_picked":["Storm","Fusion"],"picked":"Steam","floor":0.0},{"not_picked":["Gash","Skim"],"picked":"Glacier","floor":0.0},{"not_picked":["Redo","Doom and Gloom"],"picked":"Cold Snap","floor":0.0},{"not_picked":["Coolheaded","Streamline"],"picked":"Gash","floor":0.0},{"not_picked":["Steam","Barrage"],"picked":"Cold Snap","floor":0.0},{"not_picked":["Steam","Streamline"],"picked":"Compile Driver","floor":0.0},{"not_picked":["Redo","Aggregate"],"picked":"Conserve Battery","floor":0.0},{"not_picked":["Streamline","BootSequence"],"picked":"Defragment","floor":0.0},{"not_picked":["Streamline","Darkness"],"picked":"Cold Snap","floor":0.0},{"not_picked":["Barrage","Redo"],"picked":"Undo","floor":0.0},{"not_picked":["Doom and Gloom","Compile Driver"],"picked":"Hello World","floor":0.0},{"not_picked":["Redo","Stack"],"picked":"Gash","floor":0.0},{"not_picked":["Stack","Go for the Eyes"],"picked":"Skim","floor":1.0},{"not_picked":["Cold Snap","Conserve Battery"],"picked":"Hologram","floor":3.0},{"not_picked":["Chaos","Barrage"],"picked":"Capacitor","floor":5.0},{"not_picked":["White Noise","Scrape"],"picked":"Go for the Eyes","floor":6.0},{"not_picked":["Double Energy","Chaos","Conserve Battery"],"picked":"SKIP","floor":10.0},{"not_picked":["Darkness","Tempest","Leap"],"picked":"SKIP","floor":12.0},{"not_picked":["Barrage","Steam Power","Sunder"],"picked":"SKIP","floor":13.0},{"not_picked":["Loop","Tempest","Amplify"],"picked":"SKIP","floor":14.0},{"not_picked":["Creative AI","Biased Cognition"],"picked":"Core Surge","floor":16.0},{"not_picked":["Go for the Eyes","Streamline","Hello World"],"picked":"SKIP","floor":18.0},{"not_picked":["Conserve Battery","Stack"],"picked":"Cold Snap+1","floor":21.0},{"not_picked":["Storm","Conserve Battery"],"picked":"Chill","floor":23.0},{"not_picked":["Consume","Leap"],"picked":"Self Repair","floor":25.0},{"not_picked":["Sweeping Beam","Sunder"],"picked":"Beam Cell","floor":27.0},{"not_picked":["Cold Snap","Redo+1"],"picked":"Stack+1","floor":28.0},{"not_picked":["Coolheaded","Force Field"],"picked":"Hologram","floor":31.0},{"not_picked":["Rainbow","Amplify"],"picked":"Echo Form","floor":33},{"not_picked":["Reprogram"],"picked":"SKIP","floor":35},{"not_picked":["Redo"],"picked":"SKIP","floor":39},{"not_picked":["Beam Cell"],"picked":"SKIP","floor":40},{"not_picked":["Beam Cell"],"picked":"SKIP","floor":40},{"not_picked":["Doom and Gloom+1"],"picked":"SKIP","floor":41},{"not_picked":["Gash"],"picked":"SKIP","floor":44},{"not_picked":["Cold Snap"],"picked":"SKIP","floor":45},{"not_picked":["Leap"],"picked":"SKIP","floor":46},{"not_picked":["Conserve Battery+1"],"picked":"SKIP","floor":48}],"player_experience":1328544,"relics_obtained":[{"floor":6.0,"key":"Blood Vial"},{"floor":9.0,"key":"Kunai"},{"floor":10.0,"key":"Shovel"},{"floor":12.0,"key":"Vajra"},{"floor":23.0,"key":"Dream Catcher"},{"floor":23.0,"key":"Bottled Lightning"},{"floor":25.0,"key":"Red Mask"},{"floor":26.0,"key":"Omamori"},{"floor":27.0,"key":"Anchor"},{"floor":27.0,"key":"WingedGreaves"},{"floor":28.0,"key":"Lantern"},{"floor":28.0,"key":"Boot"},{"floor":32.0,"key":"Blue Candle"},{"floor":40,"key":"Pen Nib"},{"floor":40,"key":"Bottled Tornado"},{"floor":42,"key":"Sundial"},{"floor":43,"key":"Letter Opener"},{"floor":45,"key":"Cables"},{"floor":45,"key":"Smiling Mask"},{"floor":46,"key":"Happy Flower"},{"floor":46,"key":"MawBank"},{"floor":48,"key":"FossilizedHelix"},{"floor":48,"key":"Potion Belt"}],"event_choices":[{"damage_healed":0.0,"max_hp_gain":0.0,"max_hp_loss":0.0,"gold_gain":0.0,"event_name":"WeMeetAgain","player_choice":"Paid Gold","floor":2.0,"gold_loss":52.0,"damage_taken":0.0,"relics_obtained":["Ornamental Fan"]},{"damage_healed":0.0,"max_hp_gain":0.0,"max_hp_loss":0.0,"gold_gain":75.0,"event_name":"World of Goop","player_choice":"Gather Gold","floor":4.0,"gold_loss":0.0,"damage_taken":11.0},{"damage_healed":23.0,"max_hp_gain":0.0,"max_hp_loss":0.0,"gold_gain":0.0,"event_name":"Big Fish","player_choice":"Banana","floor":8.0,"gold_loss":0.0,"damage_taken":0.0},{"damage_healed":0.0,"max_hp_gain":0.0,"max_hp_loss":0.0,"gold_gain":0.0,"event_name":"Shining Light","player_choice":"Entered Light","floor":11.0,"gold_loss":0.0,"damage_taken":21.0,"cards_upgraded":["Cold Snap","Compile Driver"]},{"damage_healed":0.0,"max_hp_gain":0.0,"max_hp_loss":0.0,"gold_gain":50.0,"event_name":"Nest","player_choice":"Stole From Cult","floor":19.0,"gold_loss":0.0,"damage_taken":0.0},{"cards_removed":["Conserve Battery"],"damage_healed":0.0,"max_hp_gain":0.0,"max_hp_loss":0.0,"gold_gain":0.0,"event_name":"Beggar","player_choice":"Gave Gold","floor":24.0,"gold_loss":75.0,"damage_taken":0.0},{"damage_healed":0.0,"max_hp_gain":0.0,"max_hp_loss":0.0,"gold_gain":0.0,"event_name":"Masked Bandits","player_choice":"Fought Bandits","floor":25.0,"gold_loss":0.0,"damage_taken":0.0},{"cards_removed":["Hello World"],"damage_healed":0.0,"max_hp_gain":0.0,"max_hp_loss":0.0,"gold_gain":0.0,"event_name":"Back to Basics","player_choice":"Elegance","floor":30.0,"gold_loss":0.0,"damage_taken":0.0},{"damage_healed":0,"gold_gain":0,"player_choice":"Max HP","damage_taken":0,"max_hp_gain":0,"max_hp_loss":4,"event_name":"Winding Halls","floor":36,"gold_loss":0},{"damage_healed":0,"gold_gain":222,"player_choice":"Wore Mask","damage_taken":0,"max_hp_gain":0,"max_hp_loss":0,"event_name":"Tomb of Lord Red Mask","floor":37,"gold_loss":0},{"damage_healed":0,"gold_gain":0,"player_choice":"Memory 3","damage_taken":10,"max_hp_gain":0,"max_hp_loss":0,"event_name":"SensoryStone","floor":38,"gold_loss":0}],"is_beta":true,"boss_relics":[{"not_picked":["Astrolabe","Nuclear Battery"],"picked":"Black Star"},{"not_picked":["Eternal Feather","Runic Dome"],"picked":"Busted Crown"}],"items_purged_floors":[47],"is_endless":false,"potions_floor_spawned":[3,10,13,21,23,27,31,39,41,44,48],"ascension_level":20}