{"gold_per_floor":[113,126,142,159,178,207,207,239,239,239,270,270,18,34,34,130,130,142,159,159,176,189,224,224,252,305,319,319,41,41,41,41,141,141,156,211,226,69,89,124,124,152,152,152,552,552,572,572,572,572,572,572,31,60,60],"floor_reached":56,"playtime":2638,"items_purged":["Strike_G","Strike_G"],"score":1545,"play_id":"f61c4da6-37b9-4034-b58f-fcda72814e7b","local_time":"20181209150818","is_ascension_mode":false,"campfire_choices":[{"data":"Corpse Explosion","floor":7,"key":"SMITH"},{"data":"Bouncing Flask","floor":10,"key":"SMITH"},{"data":"After Image","floor":15,"key":"SMITH"},{"data":"Footwork","floor":24,"key":"SMITH"},{"data":"Leg Sweep","floor":28,"key":"SMITH"},{"data":"Deadly Poison","floor":30,"key":"SMITH"},{"floor":32,"key":"RECALL"},{"floor":41,"key":"REST"},{"floor":44,"key":"REST"},{"floor":49,"key":"REST"},{"floor":52,"key":"REST"}],"neow_cost":"NONE","seed_source_timestamp":218513560121548,"circlet_count":0,"master_deck":["Defend_G","Defend_G","Defend_G","Defend_G","Defend_G","Strike_G","Strike_G","Survivor","Neutralize","Corpse Explosion+1","Poisoned Stab","Deadly Poison+1","After Image+1","Dagger Spray","Bouncing Flask+1","Deadly Poison","Footwork+1","Calculated Gamble","Tools of the Trade+1","Leg Sweep+1","Deflect+1","Doppelganger","Clumsy","Well Laid Plans+1","Burst","Well Laid Plans+1","Wraith Form v2+1","PiercingWail","Prepared+1","PiercingWail+1","Malaise","Doubt","Reflex+1","Madness","Madness","Noxious Fumes+1","Escape Plan","PiercingWail","Bouncing Flask+1"],"relics":["Ring of the Snake","Blood Vial","Oddly Smooth Stone","Bag of Marbles","PreservedInsect","Singing Bowl","Frozen Egg 2","Cursed Key","Ice Cream","Potion Belt","TwistedFunnel","Fusion Hammer","Mango","Dodecahedron","Ninja Scroll","Tough Bandages","Old Coin","Du-Vu Doll","Letter Opener","Dead Branch"],"potions_floor_usage":[8,23,33,40,40],"damage_taken":[{"damage":0,"enemies":"Small Slimes","floor":1,"turns":4},{"damage":0,"enemies":"Cultist","floor":2,"turns":3},{"damage":0,"enemies":"Jaw Worm","floor":3,"turns":3},{"damage":7,"enemies":"Blue Slaver","floor":4,"turns":4},{"damage":0,"enemies":"3 Louse","floor":5,"turns":1},{"damage":19,"enemies":"Lagavulin","floor":6,"turns":6},{"damage":3,"enemies":"Gremlin Nob","floor":8,"turns":4},{"damage":9,"enemies":"3 Sentries","floor":11,"turns":2},{"damage":3,"enemies":"Gremlin Gang","floor":14,"turns":2},{"damage":0,"enemies":"The Guardian","floor":16,"turns":9},{"damage":12,"enemies":"Spheric Guardian","floor":18,"turns":4},{"damage":3,"enemies":"Shell Parasite","floor":19,"turns":4},{"damage":3,"enemies":"Cultist and Chosen","floor":21,"turns":5},{"damage":8,"enemies":"Chosen and Byrds","floor":22,"turns":6},{"damage":6,"enemies":"Book of Stabbing","floor":23,"turns":5},{"damage":0,"enemies":"Gremlin Leader","floor":25,"turns":7},{"damage":16,"enemies":"Snake Plant","floor":27,"turns":5},{"damage":0,"enemies":"Champ","floor":33,"turns":10},{"damage":0,"enemies":"Orb Walker","floor":35,"turns":3},{"damage":48,"enemies":"2 Orb Walkers","floor":36,"turns":5},{"damage":7,"enemies":"3 Shapes","floor":37,"turns":3},{"damage":0,"enemies":"Maw","floor":39,"turns":7},{"damage":5,"enemies":"Nemesis","floor":40,"turns":7},{"damage":0,"enemies":"Reptomancer","floor":42,"turns":6},{"damage":0,"enemies":"Mind Bloom Boss Battle","floor":45,"turns":7},{"damage":0,"enemies":"Jaw Worm Horde","floor":47,"turns":3},{"damage":4,"enemies":"Time Eater","floor":50,"turns":13},{"damage":0,"enemies":"Shield and Spear","floor":54,"turns":4},{"damage":26,"enemies":"The Heart","floor":55,"turns":11}],"seed_played":"-7183600128659314652","potions_obtained":[{"floor":5,"key":"SteroidPotion"},{"floor":6,"key":"Block Potion"},{"floor":8,"key":"FearPotion"},{"floor":16,"key":"AttackPotion"},{"floor":19,"key":"SpeedPotion"},{"floor":23,"key":"PowerPotion"},{"floor":33,"key":"GamblersBrew"},{"floor":36,"key":"Block Potion"},{"floor":37,"key":"Poison Potion"},{"floor":42,"key":"FearPotion"}],"is_trial":false,"path_per_floor":["M","M","M","M","M","E","R","E","T","R","E","?","$","M","R","B",null,"M","M","?","M","M","E","R","E","T","M","R","$","R","$","R","B",null,"M","?","M","$","M","E","R","E","T","R","?","?","M","?","R","B",null,"R","$","E","B",null],"character_chosen":"THE_SILENT","items_purchased":["Frozen Egg 2","TwistedFunnel","Wraith Form v2+1","PiercingWail","Noxious Fumes+1","Letter Opener","Escape Plan","PiercingWail"],"campfire_rested":4,"item_purchase_floors":[13,29,38,38,53,53,53,53],"current_hp_per_floor":[70,70,70,63,63,44,44,43,43,43,36,36,36,35,35,37,70,58,59,59,60,54,50,50,54,54,40,40,40,40,40,40,42,76,78,44,41,41,43,40,68,70,70,94,96,96,96,84,96,92,96,96,96,96,70],"gold":60,"neow_bonus":"ONE_RANDOM_RARE_CARD","is_prod":false,"is_daily":false,"chose_seed":false,"campfire_upgraded":6,"win_rate":0,"timestamp":1544364498,"path_taken":["M","M","M","M","M","E","R","E","T","R","E","?","$","?","R","BOSS","M","M","?","M","M","E","R","E","T","M","R","?","R","$","R","BOSS","M","?","M","$","M","E","R","E","T","R","?","?","?","?","R","BOSS","R","$","E","BOSS"],"build_version":"2018-12-06","purchased_purges":2,"victory":true,"max_hp_per_floor":[70,70,70,70,70,70,70,70,70,70,70,70,70,70,70,70,70,70,72,72,74,74,74,74,76,76,76,76,76,76,76,76,76,76,78,92,94,94,94,94,94,94,94,94,96,96,96,96,96,96,96,96,96,96,96],"card_choices":[{"not_picked":["Dagger Spray","Dodge and Roll"],"picked":"Poisoned Stab","floor":1},{"not_picked":["Flying Knee","Acrobatics"],"picked":"Deadly Poison","floor":2},{"not_picked":["Bane","Cloak And Dagger"],"picked":"After Image","floor":3},{"not_picked":["Outmaneuver","Backstab"],"picked":"Dagger Spray","floor":4},{"not_picked":["Slice","Outmaneuver"],"picked":"Bouncing Flask","floor":5},{"not_picked":["Deflect","Outmaneuver"],"picked":"Deadly Poison","floor":6},{"not_picked":["Cloak And Dagger","Bane","Quick Slash"],"picked":"SKIP","floor":8},{"not_picked":["Tactician","Slice"],"picked":"Footwork","floor":11},{"not_picked":["Poisoned Stab","Endless Agony"],"picked":"Calculated Gamble","floor":14},{"not_picked":["Glass Knife","Envenom+1"],"picked":"Tools of the Trade+1","floor":16},{"not_picked":["Flying Knee","Poisoned Stab"],"picked":"Leg Sweep","floor":18},{"not_picked":["Outmaneuver","Choke+1","Setup"],"picked":"Singing Bowl","floor":19},{"not_picked":["Slice","Bane+1","Cloak And Dagger"],"picked":"Singing Bowl","floor":21},{"not_picked":["Bane","Predator"],"picked":"Deflect+1","floor":22},{"not_picked":["Deflect","Flying Knee"],"picked":"Doppelganger","floor":23},{"not_picked":["Acrobatics","Prepared","Bane+1"],"picked":"Singing Bowl","floor":25},{"not_picked":["Flying Knee","Blur"],"picked":"Well Laid Plans+1","floor":27},{"not_picked":["Doppelganger","Venomology"],"picked":"Burst","floor":33},{"not_picked":["Eviscerate","Backflip","Quick Slash"],"picked":"Singing Bowl","floor":35},{"not_picked":["Outmaneuver","Flechettes"],"picked":"Well Laid Plans+1","floor":36},{"not_picked":["Accuracy+1","Flechettes","Dagger Throw"],"picked":"Singing Bowl","floor":37},{"not_picked":["Skewer","Flying Knee+1"],"picked":"Prepared+1","floor":39},{"not_picked":["Quick Slash+1","Underhanded Strike"],"picked":"PiercingWail+1","floor":40},{"not_picked":["Concentrate+1","Tactician"],"picked":"Malaise","floor":42},{"not_picked":["Backflip+1","Dagger Spray+1","Dash"],"picked":"Singing Bowl","floor":45},{"not_picked":["Concentrate+1","Well Laid Plans+1"],"picked":"Reflex+1","floor":47},{"not_picked":["Backstab","Infinite Blades+1"],"picked":"Bouncing Flask+1","floor":54}],"player_experience":374564,"relics_obtained":[{"floor":6,"key":"Blood Vial"},{"floor":8,"key":"Oddly Smooth Stone"},{"floor":9,"key":"Bag of Marbles"},{"floor":11,"key":"PreservedInsect"},{"floor":12,"key":"Singing Bowl"},{"floor":23,"key":"Ice Cream"},{"floor":25,"key":"Potion Belt"},{"floor":36,"key":"Mango"},{"floor":40,"key":"Dodecahedron"},{"floor":42,"key":"Ninja Scroll"},{"floor":43,"key":"Tough Bandages"},{"floor":45,"key":"Old Coin"},{"floor":54,"key":"Dead Branch"}],"event_choices":[{"damage_healed":0,"gold_gain":0,"player_choice":"Relic","damage_taken":0,"max_hp_gain":0,"max_hp_loss":0,"event_name":"Wheel of Change","floor":12,"gold_loss":0},{"cards_removed":["Strike_G"],"damage_healed":0,"gold_gain":0,"player_choice":"Purged","damage_taken":0,"max_hp_gain":0,"max_hp_loss":0,"event_name":"Purifier","floor":20,"gold_loss":0},{"damage_healed":0,"gold_gain":0,"player_choice":"Fight","damage_taken":0,"max_hp_gain":0,"max_hp_loss":0,"event_name":"Mysterious Sphere","floor":36,"gold_loss":0},{"damage_healed":0,"gold_gain":0,"player_choice":"Fight","damage_taken":0,"max_hp_gain":0,"max_hp_loss":0,"event_name":"MindBloom","floor":45,"gold_loss":0},{"damage_healed":0,"gold_gain":0,"player_choice":"Gave Potion","damage_taken":0,"relics_obtained":["Du-Vu Doll"],"max_hp_gain":0,"max_hp_loss":0,"event_name":"WeMeetAgain","floor":46,"gold_loss":0},{"damage_healed":0,"gold_gain":0,"player_choice":"Embrace Madness","damage_taken":12,"max_hp_gain":0,"max_hp_loss":0,"event_name":"Winding Halls","floor":48,"gold_loss":0,"cards_obtained":["Madness","Madness"]}],"is_beta":false,"boss_relics":[{"not_picked":["Runic Pyramid","Calling Bell"],"picked":"Cursed Key"},{"not_picked":["Runic Dome","Empty Cage"],"picked":"Fusion Hammer"}],"items_purged_floors":[29,53],"is_endless":false,"potions_floor_spawned":[5,6,8,16,19,23,33,36,37,42],"ascension_level":0}