{"gold_per_floor":[109,126,144,155,174,174,205,205,205,239,239,251,268,281,281,281],"floor_reached":16,"playtime":585,"items_purged":[],"score":139,"play_id":"0ed909e0-cd8d-44c6-9fcd-074f0b4fe4fc","local_time":"25610805161933","is_ascension_mode":true,"campfire_choices":[{"data":"Well Laid Plans","floor":6,"key":"SMITH"},{"data":"Noxious Fumes","floor":8,"key":"SMITH"},{"floor":15,"key":"REST"}],"neow_cost":"NONE","seed_source_timestamp":20074895411741,"circlet_count":0,"master_deck":["Defend_G","Defend_G","Defend_G","Defend_G","Defend_G","Strike_G","Strike_G","Strike_G","Strike_G","Strike_G","Survivor","Neutralize","Noxious Fumes+1","Tactician","Poisoned Stab","Flying Knee","Well Laid Plans+1","Crippling Poison","Envenom"],"relics":["Cursed Key","Strawberry","Singing Bowl","Bottled Flame"],"potions_floor_usage":[7,7,13,14,16,16],"damage_taken":[{"damage":0,"enemies":"2 Louse","floor":1,"turns":3},{"damage":0,"enemies":"Cultist","floor":2,"turns":4},{"damage":7,"enemies":"Small Slimes","floor":3,"turns":4},{"damage":4,"enemies":"Blue Slaver","floor":4,"turns":4},{"damage":1,"enemies":"Looter","floor":5,"turns":4},{"damage":24,"enemies":"Lagavulin","floor":7,"turns":7},{"damage":12,"enemies":"3 Sentries","floor":10,"turns":8},{"damage":8,"enemies":"Red Slaver","floor":12,"turns":4},{"damage":15,"enemies":"3 Louse","floor":13,"turns":3},{"damage":1,"enemies":"Looter","floor":14,"turns":2},{"damage":36,"enemies":"Slime Boss","floor":16,"turns":8}],"seed_played":"-4811916763257578033","potions_obtained":[{"floor":1,"key":"Fire Potion"},{"floor":3,"key":"LiquidBronze"},{"floor":4,"key":"SpeedPotion"},{"floor":10,"key":"SteroidPotion"},{"floor":13,"key":"AttackPotion"},{"floor":14,"key":"Fire Potion"}],"is_trial":false,"path_per_floor":["M","M","M","M","M","R","E","R","T","E","?","M","M","M","R"],"character_chosen":"THE_SILENT","items_purchased":[],"campfire_rested":1,"item_purchase_floors":[],"current_hp_per_floor":[70,70,63,59,58,58,41,41,41,31,31,25,12,11,35,0],"gold":281,"neow_bonus":"BOSS_RELIC","is_prod":false,"is_daily":false,"chose_seed":false,"campfire_upgraded":2,"win_rate":0,"timestamp":1533460773,"path_taken":["M","M","M","M","M","R","E","R","T","E","?","M","?","M","R","BOSS"],"build_version":"2018-08-02","purchased_purges":0,"victory":false,"max_hp_per_floor":[70,70,70,70,70,70,77,77,77,79,79,81,83,83,83,83],"card_choices":[{"not_picked":["Leg Sweep","Dagger Throw"],"picked":"Noxious Fumes","floor":1},{"not_picked":["Backflip","Slice"],"picked":"Tactician","floor":2},{"not_picked":["Accuracy","Blade Dance"],"picked":"Poisoned Stab","floor":3},{"not_picked":["Reflex","Dagger Throw"],"picked":"Flying Knee","floor":4},{"not_picked":["Heel Hook","PiercingWail"],"picked":"Well Laid Plans","floor":5},{"not_picked":["Deflect","Backstab"],"picked":"Crippling Poison","floor":7},{"not_picked":["Dagger Throw","Bane","PiercingWail"],"picked":"Singing Bowl","floor":10},{"not_picked":["After Image","Cloak And Dagger","Dagger Throw"],"picked":"Singing Bowl","floor":12},{"not_picked":["Backflip","Blade Dance","Cloak And Dagger"],"picked":"Singing Bowl","floor":13},{"not_picked":["Sucker Punch","Footwork"],"picked":"Envenom","floor":14}],"player_experience":207618,"relics_obtained":[{"floor":7,"key":"Strawberry"},{"floor":9,"key":"Singing Bowl"},{"floor":10,"key":"Bottled Flame"}],"event_choices":[{"event_name":"Purifier","player_choice":"One Purge","floor":11,"damage_taken":0}],"is_beta":false,"boss_relics":[],"items_purged_floors":[],"is_endless":false,"potions_floor_spawned":[1,3,4,10,13,14],"killed_by":"Slime Boss","ascension_level":4}