{"gold_per_floor":[110,123,123,137,152,177,177,204,204,204,214,214,243,66,66,142,142,154,154,204,220,230,230,263,283,283,283,296,307,337,355,355,429,429,443,1442,1442,1457,1475,1508,1522,1522,1568,1568,1581,1581,1596,1616,1616,1616,1616],"floor_reached":51,"playtime":4611,"items_purged":[],"score":1461,"play_id":"6d52f0dd-55f2-4d80-a821-6ab530eec0f9","local_time":"20190407213938","is_ascension_mode":true,"campfire_choices":[{"data":"Inflame","floor":7,"key":"SMITH"},{"data":"Clothesline","floor":10,"key":"SMITH"},{"data":"Sword Boomerang","floor":12,"key":"SMITH"},{"data":"Shrug It Off","floor":15,"key":"SMITH"},{"data":"Feed","floor":23,"key":"SMITH"},{"data":"Spot Weakness","floor":27,"key":"SMITH"},{"floor":32,"key":"REST"},{"floor":42,"key":"RECALL"},{"data":"Inflame","floor":46,"key":"SMITH"},{"data":"Shrug It Off","floor":49,"key":"SMITH"}],"neow_cost":"TEN_PERCENT_HP_LOSS","seed_source_timestamp":1605698775729900,"circlet_count":0,"master_deck":["AscendersBane","Strike_R","Strike_R","Strike_R","Strike_R","Strike_R","Defend_R","Defend_R","Defend_R","Defend_R","Bash+1","Inflame+1","Flame Barrier","Clothesline+1","Headbutt","Sword Boomerang+1","Shrug It Off+1","Battle Trance","Offering","Feed+1","Spot Weakness+1","Impervious","Pummel+1","Feed","Warcry+1","Reaper","Normality","Shrug It Off+1","Inflame+1","Burning Pact","Flame Barrier"],"special_seed":0,"relics":["Burning Blood","Gambling Chip","Pear","Omamori","Mercury Hourglass","Bottled Tornado","Velvet Choker","Meat on the Bone","Happy Flower","Charon\u0027s Ashes","Paper Frog","Runic Pyramid","Anchor"],"potions_floor_usage":[6,6,21,30,30,33,50,50],"damage_taken":[{"damage":10.0,"enemies":"Small Slimes","floor":1.0,"turns":4.0},{"damage":6.0,"enemies":"Cultist","floor":2.0,"turns":3.0},{"damage":3.0,"enemies":"2 Louse","floor":4.0,"turns":4.0},{"damage":17.0,"enemies":"Exordium Thugs","floor":5.0,"turns":9.0},{"damage":13,"enemies":"3 Sentries","floor":6,"turns":7},{"damage":8,"enemies":"Gremlin Nob","floor":8,"turns":3},{"damage":1,"enemies":"Blue Slaver","floor":11,"turns":4},{"damage":7,"enemies":"Lagavulin","floor":13,"turns":6},{"damage":25,"enemies":"Hexaghost","floor":16,"turns":8},{"damage":25,"enemies":"Shell Parasite","floor":18,"turns":5},{"damage":16,"enemies":"2 Thieves","floor":21,"turns":3},{"damage":20,"enemies":"Snake Plant","floor":22,"turns":4},{"damage":13,"enemies":"Gremlin Leader","floor":24,"turns":4},{"damage":12,"enemies":"Shelled Parasite and Fungi","floor":25,"turns":4},{"damage":14,"enemies":"Cultist and Chosen","floor":28,"turns":5},{"damage":28,"enemies":"Snecko","floor":29,"turns":5},{"damage":16,"enemies":"Book of Stabbing","floor":30,"turns":3},{"damage":10,"enemies":"Shelled Parasite and Fungi","floor":31,"turns":3},{"damage":18,"enemies":"Automaton","floor":33,"turns":10},{"damage":0,"enemies":"3 Shapes","floor":35,"turns":3},{"damage":0,"enemies":"Orb Walker","floor":38,"turns":2},{"damage":3,"enemies":"Transient","floor":39,"turns":6},{"damage":20,"enemies":"Nemesis","floor":40,"turns":5},{"damage":6,"enemies":"4 Shapes","floor":41,"turns":5},{"damage":17,"enemies":"Jaw Worm Horde","floor":45,"turns":4},{"damage":0,"enemies":"Transient","floor":47,"turns":6},{"damage":44,"enemies":"Spire Growth","floor":48,"turns":5},{"damage":132,"enemies":"Awakened One","floor":50,"turns":15},{"damage":61,"enemies":"Donu and Deca","floor":51,"turns":5}],"seed_played":"-8848422182187926815","potions_obtained":[{"floor":2.0,"key":"Fire Potion"},{"floor":4.0,"key":"PowerPotion"},{"floor":8,"key":"Poison Potion"},{"floor":16,"key":"EssenceOfSteel"},{"floor":21,"key":"SneckoOil"},{"floor":28,"key":"LiquidBronze"},{"floor":30,"key":"Dexterity Potion"},{"floor":31,"key":"Poison Potion"},{"floor":35,"key":"Dexterity Potion"},{"floor":38,"key":"FearPotion"}],"is_trial":false,"path_per_floor":["M","M","?","M","M","E","R","E","T","R","M","R","E","$","R","B",null,"M","?","?","M","M","R","E","M","T","R","M","M","E","M","R","B",null,"M","?","?","M","M","E","M","R","T","?","M","R","M","M","R","B","B"],"character_chosen":"IRONCLAD","items_purchased":["Offering"],"campfire_rested":1,"item_purchase_floors":[14],"current_hp_per_floor":[64,64,64,67,56,59,59,57,57,57,62,62,61,61,61,42,69,53,53,53,58,59,59,52,58,58,58,54,44,49,61,90,82,97,109,109,109,112,112,102,109,109,109,109,126,126,126,101,101,29,0],"gold":1616,"neow_bonus":"ONE_RARE_RELIC","is_prod":false,"is_daily":false,"chose_seed":false,"campfire_upgraded":8,"win_rate":0,"timestamp":1554669578,"path_taken":["M","M","?","M","?","E","R","E","T","R","M","R","E","$","R","BOSS","M","?","?","M","?","R","E","M","T","R","M","M","E","M","R","BOSS","M","?","?","M","M","E","M","R","T","?","M","R","?","M","R","BOSS","BOSS"],"build_version":"2019-01-23","purchased_purges":0,"victory":false,"max_hp_per_floor":[68,68,68,68,68,78,78,78,78,78,78,78,78,78,78,78,78,81,81,81,84,87,87,87,87,87,87,91,91,94,98,98,102,102,109,109,109,112,112,116,123,123,123,123,126,126,126,126,126,130,130],"card_choices":[{"not_picked":["Thunderclap","Battle Trance"],"picked":"Inflame","floor":1.0},{"not_picked":["Fire Breathing","Armaments"],"picked":"Flame Barrier","floor":2.0},{"not_picked":["Ghostly Armor","Intimidate"],"picked":"Clothesline","floor":4.0},{"not_picked":["Fire Breathing","Seeing Red"],"picked":"Headbutt","floor":5.0},{"not_picked":["Infernal Blade","Iron Wave"],"picked":"Sword Boomerang","floor":6},{"not_picked":["Perfected Strike","Sword Boomerang","Anger"],"picked":"SKIP","floor":8},{"not_picked":["Body Slam","Perfected Strike"],"picked":"Shrug It Off","floor":11},{"not_picked":["Rage","Infernal Blade"],"picked":"Battle Trance","floor":13},{"not_picked":["Demon Form","Offering"],"picked":"Feed","floor":16},{"not_picked":["Thunderclap","Clothesline","Heavy Blade"],"picked":"SKIP","floor":18},{"not_picked":["Headbutt","Anger"],"picked":"Spot Weakness","floor":21},{"not_picked":["Heavy Blade","Perfected Strike","Clothesline"],"picked":"SKIP","floor":22},{"not_picked":["Flex","Perfected Strike"],"picked":"Impervious","floor":24},{"not_picked":["Hemokinesis","Havoc"],"picked":"Feel No Pain","floor":25},{"not_picked":["Headbutt","Havoc"],"picked":"Pummel+1","floor":28},{"not_picked":["Anger","Hemokinesis"],"picked":"Feed","floor":29},{"not_picked":["Double Tap","Heavy Blade","Pommel Strike"],"picked":"SKIP","floor":30},{"not_picked":["Pommel Strike","Flex"],"picked":"Warcry+1","floor":31},{"not_picked":["Juggernaut","Offering"],"picked":"Reaper","floor":33},{"not_picked":["Warcry","Ghostly Armor","Pommel Strike"],"picked":"SKIP","floor":35},{"not_picked":["Rampage+1","Heavy Blade"],"picked":"Shrug It Off","floor":38},{"not_picked":["Pommel Strike","Battle Trance"],"picked":"Inflame","floor":39},{"not_picked":["Perfected Strike","Thunderclap","Iron Wave"],"picked":"SKIP","floor":40},{"not_picked":["Wild Strike","Headbutt+1","Intimidate"],"picked":"SKIP","floor":41},{"not_picked":["Entrench","Pommel Strike+1","Armaments"],"picked":"SKIP","floor":45},{"not_picked":["Clash","Offering"],"picked":"Burning Pact","floor":47},{"not_picked":["Perfected Strike","Uppercut"],"picked":"Flame Barrier","floor":48}],"player_experience":2594813,"relics_obtained":[{"floor":6,"key":"Pear"},{"floor":8,"key":"Omamori"},{"floor":9,"key":"Mercury Hourglass"},{"floor":13,"key":"Bottled Tornado"},{"floor":24,"key":"Happy Flower"},{"floor":26,"key":"Charon\u0027s Ashes"},{"floor":30,"key":"Paper Frog"},{"floor":40,"key":"Anchor"}],"event_choices":[{"damage_healed":0.0,"max_hp_gain":0.0,"max_hp_loss":0.0,"gold_gain":0.0,"event_name":"Upgrade Shrine","player_choice":"Upgraded","floor":3.0,"gold_loss":0.0,"damage_taken":0.0,"cards_upgraded":["Bash"]},{"damage_healed":0,"gold_gain":0,"player_choice":"Stole Relic","damage_taken":0,"relics_obtained":["Meat on the Bone"],"max_hp_gain":0,"max_hp_loss":0,"event_name":"Addict","floor":19,"gold_loss":0,"cards_obtained":["Shame"]},{"damage_healed":0,"gold_gain":100,"player_choice":"Bet on Murderer","damage_taken":0,"max_hp_gain":0,"max_hp_loss":0,"event_name":"The Joust","floor":20,"gold_loss":50},{"damage_healed":0,"gold_gain":999,"player_choice":"Gold","damage_taken":0,"max_hp_gain":0,"max_hp_loss":0,"event_name":"MindBloom","floor":36,"gold_loss":0,"cards_obtained":["Normality","Normality"]},{"cards_removed":["Feel No Pain"],"damage_healed":0,"gold_gain":0,"player_choice":"Removed Power","damage_taken":0,"max_hp_gain":0,"max_hp_loss":0,"event_name":"Falling","floor":37,"gold_loss":0},{"damage_healed":0,"gold_gain":0,"player_choice":"Ignored","damage_taken":0,"max_hp_gain":0,"max_hp_loss":0,"event_name":"Mysterious Sphere","floor":44,"gold_loss":0}],"is_beta":false,"boss_relics":[{"not_picked":["Mark of Pain","Pandora\u0027s Box"],"picked":"Velvet Choker"},{"not_picked":["Coffee Dripper","Orrery"],"picked":"Runic Pyramid"}],"items_purged_floors":[],"is_endless":false,"potions_floor_spawned":[2,4,8,16,21,28,30,31,35,38,39,48],"killed_by":"Donu and Deca","ascension_level":20}