{"gold_per_floor":[119,138,158,11,30,30,12,12,37,69,81,81,115,115,115,115],"floor_reached":16,"playtime":770,"items_purged":[],"score":151,"play_id":"75b2d7ae-9efe-4e2e-aeaf-6a184336a2e2","local_time":"20180927014858","is_ascension_mode":true,"campfire_choices":[{"data":"Zap","floor":6,"key":"SMITH"},{"data":"Turbo","floor":8,"key":"SMITH"},{"data":"Sunder","floor":12,"key":"SMITH"},{"data":"Biased Cognition","floor":15,"key":"SMITH"}],"neow_cost":"NONE","seed_source_timestamp":15071374138387,"circlet_count":0,"master_deck":["Strike_B","Strike_B","Strike_B","Defend_B","Defend_B","Defend_B","Defend_B","Zap+1","Dualcast","Coolheaded","Hologram","Turbo+1","Auto Shields","Self Repair","Gash","Go for the Eyes","Steam","Sunder+1","Biased Cognition+1"],"relics":["Cracked Core","Omamori","Potion Belt","Bag of Preparation","NlothsMask"],"potions_floor_usage":[16,16],"damage_taken":[{"damage":0,"enemies":"Jaw Worm","floor":1,"turns":3},{"damage":0,"enemies":"Cultist","floor":2,"turns":3},{"damage":0,"enemies":"2 Louse","floor":3,"turns":2},{"damage":20,"enemies":"Lots of Slimes","floor":5,"turns":7},{"damage":15,"enemies":"Exordium Thugs","floor":7,"turns":6},{"damage":26,"enemies":"3 Sentries","floor":10,"turns":9},{"damage":4,"enemies":"Looter","floor":11,"turns":4},{"damage":10,"enemies":"Lagavulin","floor":13,"turns":7},{"damage":30,"enemies":"Hexaghost","floor":16,"turns":13}],"seed_played":"8535337071191503075","potions_obtained":[{"floor":10,"key":"Dexterity Potion"},{"floor":13,"key":"SpeedPotion"}],"is_trial":false,"path_per_floor":["M","M","M","$","M","R","M","R","T","E","M","R","E","?","R"],"character_chosen":"DEFECT","items_purchased":["Auto Shields","Self Repair"],"campfire_rested":0,"item_purchase_floors":[4,4],"current_hp_per_floor":[68,68,68,68,55,55,47,47,47,28,31,31,28,28,28,0],"gold":115,"neow_bonus":"REMOVE_CARD","is_prod":false,"is_daily":false,"chose_seed":false,"campfire_upgraded":4,"win_rate":0,"timestamp":1538005738,"path_taken":["M","M","M","$","M","R","M","R","T","E","M","R","E","?","R","BOSS"],"build_version":"2018-09-20","purchased_purges":0,"victory":false,"max_hp_per_floor":[75,75,75,75,75,75,75,75,75,75,75,75,75,75,75,75],"card_choices":[{"not_picked":["Leap","Hologram"],"picked":"Coolheaded","floor":1},{"not_picked":["Stack","Cold Snap"],"picked":"Hologram","floor":2},{"not_picked":["FTL","Steam Power"],"picked":"Turbo","floor":3},{"not_picked":["Buffer","Force Field"],"picked":"Gash","floor":5},{"not_picked":["Barrage","Ball Lightning"],"picked":"Go for the Eyes","floor":7},{"not_picked":["Cold Snap","Storm"],"picked":"Steam","floor":10},{"not_picked":["Darkness","Compile Driver"],"picked":"Sunder","floor":11},{"not_picked":["Reprogram","Conserve Battery"],"picked":"Biased Cognition","floor":13}],"player_experience":272460,"relics_obtained":[{"floor":9,"key":"Omamori"},{"floor":10,"key":"Potion Belt"},{"floor":13,"key":"Bag of Preparation"}],"event_choices":[{"event_name":"FaceTrader","player_choice":"Trade","floor":14,"damage_taken":0}],"is_beta":false,"boss_relics":[],"items_purged_floors":[],"is_endless":false,"potions_floor_spawned":[10,13],"killed_by":"Hexaghost","ascension_level":7}