{"gold_per_floor":[116,130,147,147,116,116,146,146,203,203,203,231,250,281,281,281],"floor_reached":16,"playtime":476,"items_purged":[],"score":210,"play_id":"a1c33dea-e0c3-4781-8040-c4edadb33314","local_time":"20190308194029","is_ascension_mode":true,"campfire_choices":[{"data":"True Grit","floor":6.0,"key":"SMITH"},{"data":"Spot Weakness","floor":8.0,"key":"SMITH"},{"floor":10.0,"key":"REST"},{"floor":15.0,"key":"REST"}],"neow_cost":"NONE","seed_source_timestamp":40591517522581,"circlet_count":0,"master_deck":["AscendersBane","Strike_R","Strike_R","Strike_R","Strike_R","Strike_R","Defend_R","Defend_R","Defend_R","Defend_R","Bash+1","True Grit+1","Perfected Strike","Cleave","Spot Weakness+1","Wild Strike","Battle Trance","Shrug It Off","Pommel Strike"],"special_seed":0,"relics":["Burning Blood","Vajra","Tiny Chest","Bird Faced Urn","Potion Belt","Paper Frog"],"potions_floor_usage":[],"damage_taken":[{"damage":0.0,"enemies":"2 Louse","floor":1.0,"turns":3.0},{"damage":12.0,"enemies":"Jaw Worm","floor":2.0,"turns":4.0},{"damage":5.0,"enemies":"Cultist","floor":3.0,"turns":4.0},{"damage":22.0,"enemies":"Exordium Thugs","floor":5.0,"turns":5.0},{"damage":26.0,"enemies":"3 Sentries","floor":7.0,"turns":7.0},{"damage":30.0,"enemies":"Lagavulin","floor":12.0,"turns":5.0},{"damage":5.0,"enemies":"3 Louse","floor":13.0,"turns":3.0},{"damage":24.0,"enemies":"Gremlin Nob","floor":14.0,"turns":4.0},{"damage":38,"enemies":"The Guardian","floor":16,"turns":6}],"seed_played":"202074988431307390","potions_obtained":[{"floor":3.0,"key":"SkillPotion"},{"floor":13.0,"key":"Poison Potion"}],"is_trial":false,"path_per_floor":["M","M","M","?","M","R","E","R","T","R","T","E","M","E","R","B"],"character_chosen":"IRONCLAD","items_purchased":[],"campfire_rested":2,"item_purchase_floors":[],"current_hp_per_floor":[74,68,69,69,53,53,33,33,33,55,55,31,32,14,36,0],"gold":281,"neow_bonus":"UPGRADE_CARD","is_prod":false,"is_daily":false,"chose_seed":false,"campfire_upgraded":2,"win_rate":0,"timestamp":1552102829,"path_taken":["M","M","M","?","M","R","E","R","T","R","?","E","M","E","R","BOSS"],"build_version":"2019-01-23","purchased_purges":0,"victory":false,"max_hp_per_floor":[75,75,75,75,75,75,75,75,75,75,75,75,75,75,75,75],"card_choices":[{"not_picked":["Thunderclap","Rupture"],"picked":"True Grit","floor":1.0},{"not_picked":["Wild Strike","Seeing Red"],"picked":"Perfected Strike","floor":2.0},{"not_picked":["Havoc","Evolve"],"picked":"Cleave","floor":3.0},{"not_picked":["Heavy Blade","Whirlwind"],"picked":"Spot Weakness","floor":5.0},{"not_picked":["Dark Embrace","Searing Blow"],"picked":"Wild Strike","floor":7.0},{"not_picked":["Shockwave","Searing Blow"],"picked":"Battle Trance","floor":12.0},{"not_picked":["Heavy Blade","Clothesline"],"picked":"Shrug It Off","floor":13.0},{"not_picked":["Second Wind","Rupture"],"picked":"Pommel Strike","floor":14.0}],"player_experience":2331836,"relics_obtained":[{"floor":7.0,"key":"Vajra"},{"floor":9.0,"key":"Tiny Chest"},{"floor":11.0,"key":"Bird Faced Urn"},{"floor":12.0,"key":"Potion Belt"},{"floor":14.0,"key":"Paper Frog"}],"event_choices":[{"damage_healed":0.0,"max_hp_gain":0.0,"max_hp_loss":0.0,"gold_gain":0.0,"event_name":"Liars Game","player_choice":"Ignored","floor":4.0,"gold_loss":0.0,"damage_taken":0.0}],"is_beta":false,"boss_relics":[],"items_purged_floors":[],"is_endless":false,"potions_floor_spawned":[3,13],"killed_by":"The Guardian","ascension_level":15}