{"gold_per_floor":[114,129,129,147,163,163,196,208,232,263,18,29,39,39,39,139,139,157,157,82,93,108,108,143,143,169,181,181,181,213,213,213,317,317,329,102,114,114,126,158,158,158,158,158,190,190,217,48,48,48],"floor_reached":51,"playtime":3774,"items_purged":["Strike_G","Strike_G"],"score":868,"play_id":"2c0b5401-2e38-4c73-bb70-60c9b7ef698b","local_time":"20180630123816","is_ascension_mode":true,"campfire_choices":[{"data":"Sucker Punch","floor":6.0,"key":"SMITH"},{"floor":15.0,"key":"REST"},{"data":"Dagger Spray","floor":23.0,"key":"SMITH"},{"data":"Cloak And Dagger","floor":25.0,"key":"SMITH"},{"data":"Strike_G","floor":29.0,"key":"PURGE"},{"floor":32.0,"key":"REST"},{"data":"Cloak And Dagger","floor":41.0,"key":"SMITH"},{"data":"Leg Sweep","floor":44.0,"key":"SMITH"},{"floor":49,"key":"REST"}],"neow_cost":"","seed_source_timestamp":9026925690649,"circlet_count":0,"master_deck":["Defend_G","Defend_G","Defend_G","Defend_G","Defend_G","Survivor","Neutralize+1","Cloak And Dagger+1","Adrenaline","Sucker Punch+1","Leg Sweep","Cloak And Dagger+1","Quick Slash+1","Dagger Spray+1","Slice","Die Die Die+1","Sucker Punch+1","PiercingWail","Leg Sweep+1","Choke","Dagger Spray","Die Die Die","Cloak And Dagger+1","Acrobatics","Jack Of All Trades","Footwork"],"special_seed":0,"relics":["Ring of the Snake","Peace Pipe","Ancient Tea Set","Strawberry","Boot","Paper Crane","Sozu","Pen Nib","Bag of Preparation","Girya","Busted Crown","Lantern","Omamori","Mummified Hand","Pear","Whetstone"],"potions_floor_usage":[50],"damage_taken":[{"damage":0.0,"enemies":"Cultist","floor":1.0,"turns":4.0},{"damage":1.0,"enemies":"Small Slimes","floor":2.0,"turns":4.0},{"damage":0.0,"enemies":"2 Louse","floor":4.0,"turns":3.0},{"damage":8.0,"enemies":"Exordium Thugs","floor":5.0,"turns":6.0},{"damage":7.0,"enemies":"3 Sentries","floor":7.0,"turns":9.0},{"damage":0.0,"enemies":"Looter","floor":8.0,"turns":3.0},{"damage":36.0,"enemies":"Gremlin Nob","floor":10.0,"turns":6.0},{"damage":0.0,"enemies":"Exordium Wildlife","floor":12.0,"turns":4.0},{"damage":0.0,"enemies":"Exordium Thugs","floor":13.0,"turns":4.0},{"damage":31.0,"enemies":"Hexaghost","floor":16.0,"turns":15.0},{"damage":0.0,"enemies":"3 Byrds","floor":18.0,"turns":2.0},{"damage":6.0,"enemies":"2 Thieves","floor":21.0,"turns":4.0},{"damage":4.0,"enemies":"Snecko","floor":22.0,"turns":7.0},{"damage":11.0,"enemies":"Gremlin Leader","floor":24.0,"turns":10.0},{"damage":3.0,"enemies":"Cultist and Chosen","floor":27.0,"turns":6.0},{"damage":14.0,"enemies":"Book of Stabbing","floor":30.0,"turns":5.0},{"damage":30.0,"enemies":"Collector","floor":33.0,"turns":13.0},{"damage":0.0,"enemies":"3 Shapes","floor":35.0,"turns":1.0},{"damage":7.0,"enemies":"3 Darklings","floor":37.0,"turns":3.0},{"damage":4.0,"enemies":"4 Shapes","floor":39.0,"turns":2.0},{"damage":3.0,"enemies":"2 Orb Walkers","floor":40.0,"turns":5.0},{"damage":11.0,"enemies":"Nemesis","floor":45.0,"turns":5.0},{"damage":5,"enemies":"2 Orb Walkers","floor":47,"turns":4},{"damage":15,"enemies":"Awakened One","floor":50,"turns":18}],"seed_played":"-4584018451606241804","potions_obtained":[{"floor":7.0,"key":"FairyPotion"},{"floor":10.0,"key":"Strength Potion"},{"floor":12.0,"key":"SkillPotion"},{"floor":16.0,"key":"Energy Potion"}],"is_trial":false,"path_per_floor":["M","M","?","M","M","R","E","M","T","E","$","M","M","?","R","B",null,"M","?","?","M","M","R","E","R","T","M","?","R","E","?","R","B",null,"M","$","M","?","M","E","R","?","T","R","E","?","E","$","R","B"],"character_chosen":"THE_SILENT","items_purchased":["Paper Crane","Lantern","Footwork"],"campfire_rested":3,"item_purchase_floors":[],"current_hp_per_floor":[70,69,57,57,49,49,42,42,49,13,13,13,13,13,36,5,77,77,77,77,71,67,67,56,56,56,53,53,53,39,39,62,32,77,77,77,70,70,66,63,63,63,63,63,62,62,57,57,83,68],"gold":48,"neow_bonus":"","is_prod":false,"is_daily":false,"chose_seed":false,"campfire_upgraded":5,"win_rate":0,"timestamp":1530387496,"path_taken":["M","M","?","M","M","R","E","M","T","E","$","?","M","?","R","BOSS","M","?","?","M","?","R","E","R","T","M","?","R","E","?","R","BOSS","M","$","M","?","M","E","R","?","T","R","E","?","E","$","R","BOSS"],"build_version":"2018-06-28","purchased_purges":2,"victory":true,"max_hp_per_floor":[70,70,70,70,70,70,70,70,77,77,77,77,77,77,77,77,77,77,77,77,77,77,77,77,77,77,77,77,77,77,77,77,77,77,77,77,77,77,77,77,77,77,77,77,87,87,87,87,87,87],"card_choices":[{"not_picked":["Bane","Flying Knee"],"picked":"Quick Slash","floor":1.0},{"not_picked":["Outmaneuver","PiercingWail"],"picked":"Cloak And Dagger","floor":2.0},{"not_picked":["Reflex","Calculated Gamble"],"picked":"Adrenaline","floor":4.0},{"not_picked":["PiercingWail","Quick Slash"],"picked":"Sucker Punch","floor":5.0},{"not_picked":["Eviscerate","Endless Agony"],"picked":"Leg Sweep","floor":7.0},{"not_picked":["Masterful Stab","Distraction"],"picked":"Cloak And Dagger","floor":8.0},{"not_picked":["Flying Knee","Flechettes"],"picked":"Quick Slash","floor":10.0},{"not_picked":["Heel Hook","Calculated Gamble"],"picked":"Dagger Spray","floor":12.0},{"not_picked":["Acrobatics","Accuracy"],"picked":"Slice","floor":13.0},{"not_picked":["Corpse Explosion","Bullet Time"],"picked":"Die Die Die","floor":16.0},{"not_picked":["Dagger Throw","All Out Attack"],"picked":"Sucker Punch+1","floor":18.0},{"not_picked":["Slice","Escape Plan+1"],"picked":"PiercingWail","floor":21.0},{"not_picked":["Calculated Gamble+1","Blade Dance"],"picked":"Leg Sweep","floor":22.0},{"not_picked":["Cloak And Dagger","Catalyst"],"picked":"Choke","floor":24.0},{"not_picked":["Riddle With Holes","Deadly Poison"],"picked":"Dagger Spray","floor":27.0},{"not_picked":["PiercingWail","Sucker Punch","Dagger Throw"],"picked":"SKIP","floor":30.0},{"not_picked":["Tactician","Venomology"],"picked":"Die Die Die","floor":33.0},{"not_picked":["Dagger Throw+1"],"picked":"SKIP","floor":35.0},{"not_picked":["Setup+1"],"picked":"SKIP","floor":37.0},{"not_picked":["Slice+1"],"picked":"SKIP","floor":39.0},{"not_picked":["Outmaneuver"],"picked":"SKIP","floor":40.0},{"not_picked":["Acrobatics"],"picked":"SKIP","floor":45.0},{"not_picked":[],"picked":"Acrobatics","floor":45.0},{"not_picked":[],"picked":"Jack Of All Trades","floor":46.0},{"not_picked":["Slice+1"],"picked":"SKIP","floor":47}],"player_experience":638878,"relics_obtained":[{"floor":7.0,"key":"Ancient Tea Set"},{"floor":9.0,"key":"Strawberry"},{"floor":10.0,"key":"Boot"},{"floor":24.0,"key":"Pen Nib"},{"floor":26.0,"key":"Bag of Preparation"},{"floor":30.0,"key":"Girya"},{"floor":40.0,"key":"Omamori"},{"floor":43.0,"key":"Mummified Hand"},{"floor":45.0,"key":"Pear"},{"floor":47,"key":"Whetstone"}],"event_choices":[{"event_name":"Scrap Ooze","player_choice":"success","floor":3.0,"damage_taken":12.0},{"event_name":"Shining Light","player_choice":"Ignored","floor":14.0,"damage_taken":0.0},{"event_name":"N\u0027loth","player_choice":"Ignored","floor":19.0,"damage_taken":0.0},{"event_name":"Beggar","player_choice":"Gave Gold","floor":20.0,"damage_taken":0.0},{"event_name":"Bonfire Elementals","player_choice":"BASIC","floor":28.0,"damage_taken":0.0},{"event_name":"Cursed Tome","player_choice":"Ignored","floor":31.0,"damage_taken":0.0},{"event_name":"Falling","player_choice":"Removed Attack","floor":38.0,"damage_taken":0.0},{"event_name":"Duplicator","player_choice":"One dupe","floor":42.0,"damage_taken":0.0},{"event_name":"SensoryStone","player_choice":"Memory 1","floor":46.0,"damage_taken":0.0}],"boss_relics":[{"not_picked":["Calling Bell","Snecko Eye"],"picked":"Sozu"},{"not_picked":["Coffee Dripper","Cursed Key"],"picked":"Busted Crown"}],"items_purged_floors":[],"is_endless":false,"potions_floor_spawned":[7,10,12,16,18,22,30,33,37,40,47],"ascension_level":3}