{"gold_per_floor":[209,219,234,234,122,122,138,138,164,184,197,223,243,273,273,348,348,359,374,389,56,70,70,105,105,132,142,40,52,52,78,78,154,154,169,189,289,303,303,334,381,411,411,425,438,94,94,104,104,104],"floor_reached":51,"playtime":2487,"items_purged":["Pain","Strike_R","Strike_R","Strike_R"],"score":1332,"play_id":"c9eb6b0b-3791-49f5-8ccd-4c350bc415dd","local_time":"20190325143219","is_ascension_mode":true,"campfire_choices":[{"data":"Spot Weakness","floor":6.0,"key":"SMITH"},{"data":"Bash","floor":8.0,"key":"SMITH"},{"data":"Corruption","floor":15.0,"key":"SMITH"},{"floor":23,"key":"REST"},{"data":"Exhume","floor":25,"key":"SMITH"},{"data":"Feel No Pain","floor":30,"key":"SMITH"},{"data":"Spot Weakness","floor":32,"key":"SMITH"},{"floor":47,"key":"REST"},{"floor":49,"key":"REST"}],"neow_cost":"NONE","seed_source_timestamp":25610852755730,"circlet_count":0,"master_deck":["AscendersBane","Strike_R","Strike_R","Defend_R+1","Defend_R+1","Defend_R","Defend_R","Bash+1","Sword Boomerang","Shrug It Off","Spot Weakness+1","Corruption+1","Pommel Strike","Iron Wave","Second Wind","Twin Strike","Impervious","Spot Weakness+1","Shockwave","Offering","Anger","Exhume+1","Feel No Pain+1","Armaments","Power Through","Fiend Fire","Burning Pact+1","Shrug It Off+1","Flame Barrier","Flame Barrier","Body Slam","Whirlwind","True Grit","Discovery","Pommel Strike","Havoc","Juggernaut","Warcry+1"],"special_seed":0,"relics":["Black Blood","WarpedTongs","Centennial Puzzle","Dream Catcher","Orichalcum","Membership Card","Pear","War Paint","Red Mask","Fusion Hammer","Gambling Chip","Oddly Smooth Stone","Incense Burner","Smiling Mask","Art of War","Paper Frog"],"potions_floor_usage":[24,50,50],"damage_taken":[{"damage":11.0,"enemies":"Cultist","floor":1.0,"turns":5.0},{"damage":8.0,"enemies":"Small Slimes","floor":2.0,"turns":4.0},{"damage":12.0,"enemies":"Jaw Worm","floor":3.0,"turns":4.0},{"damage":18.0,"enemies":"Large Slime","floor":7.0,"turns":6.0},{"damage":6.0,"enemies":"3 Louse","floor":10.0,"turns":4.0},{"damage":0.0,"enemies":"Looter","floor":11.0,"turns":4.0},{"damage":26.0,"enemies":"3 Sentries","floor":12.0,"turns":6.0},{"damage":15.0,"enemies":"Gremlin Gang","floor":13.0,"turns":4.0},{"damage":3.0,"enemies":"Lagavulin","floor":14.0,"turns":6.0},{"damage":12.0,"enemies":"Slime Boss","floor":16.0,"turns":7.0},{"damage":11.0,"enemies":"3 Byrds","floor":18.0,"turns":6.0},{"damage":16.0,"enemies":"Spheric Guardian","floor":19.0,"turns":4.0},{"damage":40.0,"enemies":"Shelled Parasite and Fungi","floor":20.0,"turns":6.0},{"damage":8,"enemies":"3 Cultists","floor":22,"turns":4},{"damage":23,"enemies":"Slavers","floor":24,"turns":4},{"damage":12,"enemies":"Snake Plant","floor":27,"turns":4},{"damage":6,"enemies":"Shelled Parasite and Fungi","floor":29,"turns":4},{"damage":6,"enemies":"Masked Bandits","floor":31,"turns":4},{"damage":45,"enemies":"Champ","floor":33,"turns":9},{"damage":2,"enemies":"Orb Walker","floor":35,"turns":5},{"damage":6,"enemies":"3 Shapes","floor":36,"turns":2},{"damage":1,"enemies":"Mind Bloom Boss Battle","floor":37,"turns":6},{"damage":6,"enemies":"Jaw Worm Horde","floor":38,"turns":6},{"damage":6,"enemies":"Giant Head","floor":40,"turns":8},{"damage":46,"enemies":"2 Orb Walkers","floor":41,"turns":7},{"damage":26,"enemies":"Nemesis","floor":42,"turns":9},{"damage":23,"enemies":"Maw","floor":44,"turns":9},{"damage":6,"enemies":"Transient","floor":45,"turns":5},{"damage":11,"enemies":"3 Darklings","floor":48,"turns":5},{"damage":11,"enemies":"Donu and Deca","floor":50,"turns":8}],"seed_played":"-2229031063408394067","potions_obtained":[{"floor":2.0,"key":"BloodPotion"},{"floor":3.0,"key":"Dexterity Potion"},{"floor":11.0,"key":"Ancient Potion"},{"floor":14.0,"key":"GamblersBrew"},{"floor":18.0,"key":"Dexterity Potion"},{"floor":27,"key":"Energy Potion"},{"floor":37,"key":"Dexterity Potion"}],"is_trial":false,"path_per_floor":["M","M","M","?","$","R","M","R","T","M","M","E","M","E","R","B",null,"M","M","M","$","M","R","E","R","T","M","$","M","R","?","R","B",null,"M","M","?","M","?","E","?","E","T","M","M","$","R","M","R","B",null],"character_chosen":"IRONCLAD","items_purchased":["Corruption","Membership Card","Shockwave","Offering","Feel No Pain","Whirlwind","Paper Frog","True Grit","Discovery","Dexterity Potion","Pommel Strike","Havoc"],"campfire_rested":3,"item_purchase_floors":[5,21,21,21,28,46,46,46,46,46,46,46],"current_hp_per_floor":[63,61,55,55,55,55,50,50,50,50,56,36,27,30,30,24,62,61,55,25,25,27,49,46,46,46,44,44,48,48,52,52,17,68,76,80,85,85,81,81,45,29,29,16,20,20,44,43,67,66],"gold":104,"neow_bonus":"HUNDRED_GOLD","is_prod":false,"is_daily":false,"chose_seed":false,"campfire_upgraded":6,"win_rate":0,"timestamp":1553549539,"path_taken":["M","?","M","?","$","R","M","R","T","M","M","E","?","E","R","BOSS","M","M","M","$","M","R","E","R","T","M","$","M","R","?","R","BOSS","M","M","?","M","?","E","?","E","T","M","M","$","R","M","R","BOSS"],"build_version":"2019-01-23","purchased_purges":4,"victory":true,"max_hp_per_floor":[75,75,75,75,75,75,75,75,75,75,75,75,75,75,75,75,75,75,75,75,75,75,75,85,85,85,85,85,85,85,85,85,85,85,85,85,85,85,81,81,81,81,81,81,81,81,81,81,81,81],"card_choices":[{"not_picked":["Thunderclap","Perfected Strike"],"picked":"Sword Boomerang","floor":1.0},{"not_picked":["Twin Strike","Cleave"],"picked":"Shrug It Off","floor":2.0},{"not_picked":["Ghostly Armor","True Grit"],"picked":"Spot Weakness","floor":3.0},{"not_picked":["True Grit","Clash"],"picked":"Pommel Strike","floor":7.0},{"not_picked":["Blood for Blood","Wild Strike"],"picked":"Iron Wave","floor":10.0},{"not_picked":["Double Tap","Evolve"],"picked":"Second Wind","floor":11.0},{"not_picked":["Wild Strike","Flex","Bloodletting"],"picked":"SKIP","floor":12.0},{"not_picked":["Iron Wave","Searing Blow"],"picked":"Twin Strike","floor":13.0},{"not_picked":["Brutality","Flex","Hemokinesis"],"picked":"SKIP","floor":14.0},{"not_picked":["Fiend Fire","Barricade"],"picked":"Impervious","floor":16.0},{"not_picked":["Combust","Pommel Strike","Sword Boomerang"],"picked":"SKIP","floor":18.0},{"not_picked":["Clash","Sentinel","Thunderclap"],"picked":"SKIP","floor":19.0},{"not_picked":["Shrug It Off","Iron Wave+1"],"picked":"Spot Weakness","floor":20.0},{"not_picked":["Flex","Second Wind","Pommel Strike"],"picked":"SKIP","floor":22},{"not_picked":["Heavy Blade","Flex+1"],"picked":"Anger","floor":23},{"not_picked":["Havoc+1","Power Through"],"picked":"Exhume","floor":24},{"not_picked":["Rupture","Infernal Blade","Cleave"],"picked":"SKIP","floor":27},{"not_picked":["Searing Blow","Anger+1"],"picked":"Armaments","floor":29},{"not_picked":["Entrench","Sword Boomerang+1"],"picked":"Power Through","floor":31},{"not_picked":["Berserk","Brutality"],"picked":"Fiend Fire","floor":33},{"not_picked":["Perfected Strike+1","Rupture+1"],"picked":"Burning Pact+1","floor":35},{"not_picked":["Sword Boomerang","Iron Wave+1"],"picked":"Shrug It Off+1","floor":36},{"not_picked":["Armaments+1","Warcry+1"],"picked":"Flame Barrier","floor":37},{"not_picked":["Second Wind","Pommel Strike","Sentinel"],"picked":"SKIP","floor":38},{"not_picked":["Pommel Strike","Anger+1","Sever Soul"],"picked":"SKIP","floor":40},{"not_picked":["Armaments","Seeing Red+1"],"picked":"Flame Barrier","floor":41},{"not_picked":["Fire Breathing+1","Iron Wave","Rupture"],"picked":"SKIP","floor":42},{"not_picked":["Sever Soul","Clothesline"],"picked":"Body Slam","floor":44},{"not_picked":["Sword Boomerang","Armaments+1","Havoc"],"picked":"SKIP","floor":45},{"not_picked":["Anger","Twin Strike+1"],"picked":"Juggernaut","floor":47},{"not_picked":["Seeing Red+1","Sword Boomerang","Flex"],"picked":"SKIP","floor":48},{"not_picked":["Rampage","Flame Barrier"],"picked":"Warcry+1","floor":49}],"player_experience":2375503,"relics_obtained":[{"floor":9.0,"key":"Centennial Puzzle"},{"floor":12.0,"key":"Dream Catcher"},{"floor":14.0,"key":"Orichalcum"},{"floor":24,"key":"Pear"},{"floor":26,"key":"War Paint"},{"floor":31,"key":"Red Mask"},{"floor":37,"key":"Gambling Chip"},{"floor":40,"key":"Oddly Smooth Stone"},{"floor":41,"key":"Incense Burner"},{"floor":42,"key":"Smiling Mask"},{"floor":43,"key":"Art of War"}],"event_choices":[{"damage_healed":0.0,"max_hp_gain":0.0,"max_hp_loss":0.0,"gold_gain":0.0,"event_name":"Accursed Blacksmith","player_choice":"Rummage","floor":4.0,"gold_loss":0.0,"damage_taken":0.0,"relics_obtained":["WarpedTongs"],"cards_obtained":["Pain"]},{"damage_healed":0,"gold_gain":0,"player_choice":"Fought Bandits","damage_taken":0,"max_hp_gain":0,"max_hp_loss":0,"event_name":"Masked Bandits","floor":31,"gold_loss":0},{"damage_healed":0,"gold_gain":0,"player_choice":"Fight","damage_taken":0,"max_hp_gain":0,"max_hp_loss":0,"event_name":"MindBloom","floor":37,"gold_loss":0},{"damage_healed":0,"gold_gain":0,"player_choice":"Max HP","damage_taken":0,"max_hp_gain":0,"max_hp_loss":4,"event_name":"Winding Halls","floor":39,"gold_loss":0},{"damage_healed":0,"gold_gain":0,"player_choice":"Fight","damage_taken":0,"max_hp_gain":0,"max_hp_loss":0,"event_name":"Mysterious Sphere","floor":41,"gold_loss":0}],"is_beta":false,"boss_relics":[{"not_picked":["Calling Bell","Runic Cube"],"picked":"Black Blood"},{"not_picked":["Mark of Pain","Pandora\u0027s Box"],"picked":"Fusion Hammer"}],"items_purged_floors":[5,21,28,46],"is_endless":false,"potions_floor_spawned":[2,3,11,13,14,18,20,27,33,35,37,42],"ascension_level":15}