{"gold_per_floor":[11,24,99,24,24,24,68,68,151,151,165,165,209,222,222,318,318,343,243,287,301,326,357,357,396,396,396],"floor_reached":27,"playtime":639,"items_purged":["Strike_R","Strike_R"],"score":518,"play_id":"d6abfff3-be23-49a2-885b-d5bd0675fd95","local_time":"20181201192926","is_ascension_mode":true,"campfire_choices":[{"data":"Searing Blow","floor":6.0,"key":"SMITH"},{"data":"Searing Blow+1","floor":8.0,"key":"SMITH"},{"data":"Searing Blow+2","floor":10.0,"key":"SMITH"},{"data":"Searing Blow+3","floor":15.0,"key":"SMITH"},{"data":"Searing Blow+4","floor":24.0,"key":"SMITH"}],"neow_cost":"NO_GOLD","seed_source_timestamp":9823269430786,"circlet_count":0,"master_deck":["AscendersBane","Strike_R","Strike_R","Defend_R","Defend_R","Defend_R","Bash","Searing Blow+5","Thunderclap","Armaments","Feed","Sever Soul","Double Tap","Rage"],"special_seed":0,"relics":["Burning Blood","Golden Idol","Bag of Preparation","Tiny Chest","Ancient Tea Set","Cursed Key","Red Mask","Pear","Potion Belt"],"potions_floor_usage":[27],"damage_taken":[{"damage":10.0,"enemies":"2 Louse","floor":1.0,"turns":3.0},{"damage":7.0,"enemies":"Small Slimes","floor":2.0,"turns":3.0},{"damage":32.0,"enemies":"Gremlin Nob","floor":7.0,"turns":4.0},{"damage":0.0,"enemies":"Cultist","floor":11.0,"turns":2.0},{"damage":30.0,"enemies":"Lagavulin","floor":13.0,"turns":6.0},{"damage":1.0,"enemies":"2 Fungi Beasts","floor":14.0,"turns":3.0},{"damage":5.0,"enemies":"Hexaghost","floor":16.0,"turns":9.0},{"damage":0.0,"enemies":"Shell Parasite","floor":18.0,"turns":1.0},{"damage":19.0,"enemies":"Masked Bandits","floor":20.0,"turns":3.0},{"damage":0.0,"enemies":"Spheric Guardian","floor":21.0,"turns":1.0},{"damage":10.0,"enemies":"Snecko","floor":22.0,"turns":3.0},{"damage":33.0,"enemies":"Book of Stabbing","floor":23.0,"turns":3.0},{"damage":26.0,"enemies":"Gremlin Leader","floor":25.0,"turns":4.0},{"damage":41,"enemies":"Book of Stabbing","floor":27,"turns":3}],"seed_played":"2125551421041495073","potions_obtained":[{"floor":11.0,"key":"Swift Potion"},{"floor":14.0,"key":"PowerPotion"},{"floor":16.0,"key":"Poison Potion"},{"floor":18.0,"key":"SteroidPotion"},{"floor":25.0,"key":"GamblersBrew"}],"is_trial":false,"path_per_floor":["M","M","?","$","?","R","E","R","T","R","M","?","E","M","R","B",null,"M","$","?","M","M","E","R","E","T","E"],"character_chosen":"IRONCLAD","items_purchased":[],"campfire_rested":0,"item_purchase_floors":[],"current_hp_per_floor":[64,63,52,52,52,52,26,26,26,26,32,32,8,16,16,17,58,64,64,54,60,59,42,42,22,22,0],"gold":396,"neow_bonus":"TRANSFORM_TWO_CARDS","is_prod":false,"is_daily":false,"chose_seed":false,"campfire_upgraded":5,"win_rate":0,"timestamp":1543663766,"path_taken":["M","M","?","$","?","R","E","R","T","R","M","?","E","?","R","BOSS","M","$","?","M","M","E","R","E","T","E"],"build_version":"2018-11-15","purchased_purges":2,"victory":false,"max_hp_per_floor":[75,75,75,75,68,68,68,68,68,68,68,68,68,71,71,71,71,71,71,74,74,77,87,87,87,87,87],"card_choices":[{"not_picked":["Headbutt","Havoc","Bloodletting"],"picked":"SKIP","floor":1.0},{"not_picked":["Perfected Strike","Carnage","Iron Wave"],"picked":"SKIP","floor":2.0},{"not_picked":["Body Slam","Cleave","Whirlwind"],"picked":"SKIP","floor":7.0},{"not_picked":["Entrench","Battle Trance"],"picked":"Armaments","floor":11.0},{"not_picked":["Havoc","Second Wind","Twin Strike"],"picked":"SKIP","floor":13.0},{"not_picked":["Clash","Metallicize"],"picked":"Double Tap","floor":14.0},{"not_picked":["Thunderclap","Havoc","Perfected Strike"],"picked":"SKIP","floor":18.0},{"not_picked":["Barricade","Warcry","Infernal Blade"],"picked":"SKIP","floor":21.0},{"not_picked":["Havoc","Flame Barrier","Dual Wield"],"picked":"SKIP","floor":22.0},{"not_picked":["Havoc","Flame Barrier","Dual Wield"],"picked":"SKIP","floor":22.0},{"not_picked":["True Grit","Clash"],"picked":"Rage","floor":23.0},{"not_picked":["Feel No Pain","Wild Strike","Dropkick"],"picked":"SKIP","floor":25.0}],"player_experience":2240531,"relics_obtained":[{"floor":7.0,"key":"Bag of Preparation"},{"floor":9.0,"key":"Tiny Chest"},{"floor":13.0,"key":"Ancient Tea Set"},{"floor":20.0,"key":"Red Mask"},{"floor":23.0,"key":"Pear"},{"floor":25.0,"key":"Potion Belt"}],"event_choices":[{"damage_healed":0.0,"max_hp_gain":0.0,"max_hp_loss":0.0,"gold_gain":75.0,"event_name":"World of Goop","player_choice":"Gather Gold","floor":3.0,"gold_loss":0.0,"damage_taken":11.0},{"damage_healed":0.0,"max_hp_gain":0.0,"max_hp_loss":7.0,"gold_gain":0.0,"event_name":"Golden Idol","player_choice":"Lose Max HP","floor":5.0,"gold_loss":0.0,"damage_taken":0.0,"relics_obtained":["Golden Idol"]},{"damage_healed":0.0,"max_hp_gain":0.0,"max_hp_loss":0.0,"gold_gain":0.0,"event_name":"Match and Keep!","player_choice":"2 cards matched","floor":12.0,"gold_loss":0.0,"damage_taken":0.0,"cards_obtained":["Feed","Sever Soul"]},{"damage_healed":0.0,"max_hp_gain":0.0,"max_hp_loss":0.0,"gold_gain":0.0,"event_name":"Masked Bandits","player_choice":"Fought Bandits","floor":20.0,"gold_loss":0.0,"damage_taken":0.0}],"is_beta":false,"boss_relics":[{"not_picked":["Black Star","Eternal Feather"],"picked":"Cursed Key"}],"items_purged_floors":[4,19],"is_endless":false,"potions_floor_spawned":[11,14,16,18,25],"killed_by":"Book of Stabbing","ascension_level":20}