{"gold_per_floor":[110,185,185,195,211,237,313,313,313,313,344,362,362,175,175,247,247,263,263,279,307,207,235,235,262,288,288,5,33,51,68,68,141,141,154,46,99,110,110,141,241,257,282,310,330,365,377,391,391,391,391,391,391,20,47,47],"floor_reached":57,"playtime":2257,"items_purged":["Strike_R","Defend_R"],"score":2866,"play_id":"661fa555-7f7b-43e8-a83f-042a305ce26b","local_time":"20190115123940","is_ascension_mode":true,"campfire_choices":[{"data":"Perfected Strike","floor":8.0,"key":"SMITH"},{"data":"Bash","floor":13.0,"key":"SMITH"},{"data":"Wild Strike","floor":15.0,"key":"SMITH"},{"data":"Perfected Strike","floor":24.0,"key":"SMITH"},{"data":"Impervious","floor":27.0,"key":"SMITH"},{"data":"Pommel Strike","floor":32.0,"key":"SMITH"},{"floor":49.0,"key":"RECALL"},{"data":"Perfected Strike","floor":53,"key":"SMITH"}],"neow_cost":"NONE","seed_source_timestamp":6856284488444,"circlet_count":0,"master_deck":["AscendersBane","Strike_R+1","Strike_R","Strike_R+1","Strike_R","Defend_R","Bash+1","Perfected Strike+1","Pommel Strike+1","Wild Strike+1","Barricade","Impervious+1","Perfected Strike+1","Carnage","Reaper","Backflip+1","Shockwave+1","Underhanded Strike+1","Hello World","Clumsy","Perfected Strike+1","Conserve Battery","Second Wind"],"special_seed":0,"relics":["Burning Blood","NeowsBlessing","Potion Belt","Bottled Flame","Whetstone","PreservedInsect","Bag of Marbles","Snecko Eye","Red Mask","Meat on the Bone","Self Forming Clay","Regal Pillow","PrismaticShard","Orichalcum","Cursed Key","Ice Cream","Mummified Hand","Unceasing Top","Turnip","Omamori","Dead Branch","Gambling Chip"],"potions_floor_usage":[50,51,55,56,56,56,56,56,56],"damage_taken":[{"damage":0.0,"enemies":"Cultist","floor":1.0,"turns":1.0},{"damage":0.0,"enemies":"2 Louse","floor":4.0,"turns":1.0},{"damage":0.0,"enemies":"Jaw Worm","floor":5.0,"turns":1.0},{"damage":40.0,"enemies":"Lagavulin","floor":6.0,"turns":6.0},{"damage":10.0,"enemies":"3 Sentries","floor":11.0,"turns":5.0},{"damage":0.0,"enemies":"3 Louse","floor":12.0,"turns":1.0},{"damage":27.0,"enemies":"Slime Boss","floor":16.0,"turns":6.0},{"damage":10.0,"enemies":"Shell Parasite","floor":18.0,"turns":3.0},{"damage":0.0,"enemies":"Spheric Guardian","floor":20.0,"turns":2.0},{"damage":24.0,"enemies":"Masked Bandits","floor":21.0,"turns":3.0},{"damage":5.0,"enemies":"Slavers","floor":23.0,"turns":2.0},{"damage":15.0,"enemies":"Gremlin Leader","floor":25.0,"turns":6.0},{"damage":5.0,"enemies":"Slavers","floor":29.0,"turns":2.0},{"damage":0.0,"enemies":"3 Cultists","floor":30.0,"turns":4.0},{"damage":0.0,"enemies":"Chosen and Byrds","floor":31.0,"turns":5.0},{"damage":30.0,"enemies":"Collector","floor":33.0,"turns":8.0},{"damage":0.0,"enemies":"3 Darklings","floor":35.0,"turns":5.0},{"damage":2.0,"enemies":"2 Orb Walkers","floor":37.0,"turns":3.0},{"damage":0.0,"enemies":"3 Shapes","floor":38.0,"turns":3.0},{"damage":10.0,"enemies":"Nemesis","floor":40.0,"turns":3.0},{"damage":0.0,"enemies":"Mind Bloom Boss Battle","floor":41.0,"turns":2.0},{"damage":9.0,"enemies":"Sphere and 2 Shapes","floor":42.0,"turns":3.0},{"damage":7.0,"enemies":"Giant Head","floor":44.0,"turns":3.0},{"damage":6.0,"enemies":"3 Darklings","floor":45.0,"turns":4.0},{"damage":0.0,"enemies":"Nemesis","floor":46.0,"turns":3.0},{"damage":16.0,"enemies":"Maw","floor":47.0,"turns":4.0},{"damage":0.0,"enemies":"Spire Growth","floor":48.0,"turns":2.0},{"damage":33,"enemies":"Donu and Deca","floor":50,"turns":8},{"damage":53,"enemies":"Time Eater","floor":51,"turns":7},{"damage":3,"enemies":"Shield and Spear","floor":55,"turns":4},{"damage":46,"enemies":"The Heart","floor":56,"turns":9}],"seed_played":"6387581374904328634","potions_obtained":[{"floor":4.0,"key":"Explosive Potion"},{"floor":6.0,"key":"Poison Potion"},{"floor":12.0,"key":"Regen Potion"},{"floor":16.0,"key":"Regen Potion"},{"floor":18.0,"key":"Explosive Potion"},{"floor":21.0,"key":"Energy Potion"},{"floor":25.0,"key":"Weak Potion"},{"floor":30.0,"key":"Ancient Potion"},{"floor":33.0,"key":"Dexterity Potion"},{"floor":38.0,"key":"SpeedPotion"},{"floor":44.0,"key":"PowerPotion"},{"floor":47.0,"key":"EssenceOfSteel"},{"floor":48.0,"key":"SkillPotion"}],"is_trial":false,"path_per_floor":["M","?","?","M","M","E","T","R","T","?","E","M","R","$","R","B",null,"M","?","M","?","$","E","R","E","T","R","$","E","M","M","R","B",null,"M","$","?","M","?","E","?","M","T","E","M","E","M","M","R","B","B",null,"R","$","E","B",null],"character_chosen":"IRONCLAD","items_purchased":["EntropicBrew","PrismaticShard","FearPotion","EntropicBrew","Dead Branch","SteroidPotion"],"campfire_rested":0,"item_purchase_floors":[14,28,28,36,54,54],"current_hp_per_floor":[74,63,63,69,75,41,41,41,41,30,26,32,32,32,32,11,59,64,64,70,52,52,53,53,48,48,48,48,49,55,67,67,49,69,75,75,75,75,75,71,75,72,72,74,75,75,65,71,71,52,24,62,62,62,71,47],"gold":47,"neow_bonus":"THREE_ENEMY_KILL","is_prod":false,"is_daily":false,"chose_seed":false,"campfire_upgraded":7,"win_rate":0,"timestamp":1547527180,"path_taken":["M","?","?","M","M","E","?","R","T","?","E","M","R","$","R","BOSS","M","?","?","?","$","E","R","E","T","R","$","E","M","M","R","BOSS","M","$","?","M","?","E","?","M","T","E","M","E","?","?","R","BOSS","BOSS","R","$","E","BOSS"],"build_version":"2019-01-10","purchased_purges":2,"victory":true,"max_hp_per_floor":[75,75,75,75,75,75,75,75,75,75,75,75,75,75,75,75,75,75,75,75,75,75,75,75,75,75,75,75,75,75,75,75,75,75,75,75,75,75,75,75,75,75,75,75,75,75,75,75,75,75,75,75,75,75,75,75],"card_choices":[{"not_picked":["Anger","Shrug It Off"],"picked":"Perfected Strike","floor":1.0},{"not_picked":["Flex","Clothesline"],"picked":"Pommel Strike","floor":4.0},{"not_picked":["Rupture","Sword Boomerang"],"picked":"Wild Strike","floor":5.0},{"not_picked":["Clash","Clothesline","Rupture"],"picked":"SKIP","floor":6.0},{"not_picked":["Flex","Thunderclap"],"picked":"Barricade","floor":11.0},{"not_picked":["Pommel Strike","Shrug It Off","Warcry"],"picked":"SKIP","floor":12.0},{"not_picked":["Barricade","Double Tap"],"picked":"Impervious","floor":16.0},{"not_picked":["Inflame","Perfected Strike","Twin Strike"],"picked":"SKIP","floor":18.0},{"not_picked":["Inflame","Twin Strike"],"picked":"Perfected Strike","floor":18.0},{"not_picked":["Blood for Blood","Headbutt","Armaments"],"picked":"SKIP","floor":20.0},{"not_picked":["Combust","Feel No Pain"],"picked":"Reaper","floor":23.0},{"not_picked":["Clothesline","Uppercut","Battle Trance"],"picked":"SKIP","floor":25.0},{"not_picked":["Dagger Throw","Accuracy","Defragment"],"picked":"SKIP","floor":29.0},{"not_picked":["Dagger Throw","Accuracy","Defragment"],"picked":"SKIP","floor":29.0},{"not_picked":["Sentinel","Storm"],"picked":"Backflip+1","floor":30.0},{"not_picked":["Beam Cell","Madness","Steam"],"picked":"SKIP","floor":31.0},{"not_picked":["PiercingWail","Twin Strike","Rebound"],"picked":"SKIP","floor":35.0},{"not_picked":["Masterful Stab","Twin Strike+1"],"picked":"Shockwave+1","floor":38.0},{"not_picked":["Coolheaded","Expertise"],"picked":"Underhanded Strike+1","floor":40.0},{"not_picked":["Feel No Pain+1","Leap"],"picked":"Hello World","floor":42.0},{"not_picked":["Violence","Perfected Strike","Leap"],"picked":"SKIP","floor":44.0},{"not_picked":["Violence","Leap"],"picked":"Perfected Strike","floor":44.0},{"not_picked":["Quick Slash+1","Cloak And Dagger","Mind Blast+1"],"picked":"SKIP","floor":45.0},{"not_picked":["Quick Slash+1","Cloak And Dagger","Mind Blast+1"],"picked":"SKIP","floor":45.0},{"not_picked":["Clothesline+1","Iron Wave"],"picked":"Conserve Battery","floor":46.0},{"not_picked":["Outmaneuver","Headbutt+1","Spot Weakness"],"picked":"SKIP","floor":47.0},{"not_picked":["Outmaneuver","Headbutt+1","Spot Weakness"],"picked":"SKIP","floor":47.0},{"not_picked":["True Grit","Ball Lightning","Deadly Poison+1"],"picked":"SKIP","floor":48.0},{"not_picked":["Rebound+1","Feel No Pain"],"picked":"Second Wind","floor":55}],"player_experience":2537640,"relics_obtained":[{"floor":6.0,"key":"Potion Belt"},{"floor":7.0,"key":"Bottled Flame"},{"floor":9.0,"key":"Whetstone"},{"floor":11.0,"key":"Bag of Marbles"},{"floor":21.0,"key":"Red Mask"},{"floor":23.0,"key":"Meat on the Bone"},{"floor":25.0,"key":"Self Forming Clay"},{"floor":26.0,"key":"Regal Pillow"},{"floor":29.0,"key":"Orichalcum"},{"floor":37.0,"key":"Ice Cream"},{"floor":40.0,"key":"Mummified Hand"},{"floor":41.0,"key":"Unceasing Top"},{"floor":44.0,"key":"Turnip"},{"floor":46.0,"key":"Omamori"},{"floor":55,"key":"Gambling Chip"}],"event_choices":[{"damage_healed":0.0,"max_hp_gain":0.0,"max_hp_loss":0.0,"gold_gain":75.0,"event_name":"World of Goop","player_choice":"Gather Gold","floor":2.0,"gold_loss":0.0,"damage_taken":11.0},{"damage_healed":0.0,"max_hp_gain":0.0,"max_hp_loss":0.0,"gold_gain":0.0,"event_name":"Liars Game","player_choice":"Ignored","floor":3.0,"gold_loss":0.0,"damage_taken":0.0},{"damage_healed":0.0,"max_hp_gain":0.0,"max_hp_loss":0.0,"gold_gain":0.0,"event_name":"Scrap Ooze","player_choice":"Success","floor":10.0,"gold_loss":0.0,"damage_taken":11.0,"relics_obtained":["PreservedInsect"]},{"damage_healed":0.0,"max_hp_gain":0.0,"max_hp_loss":0.0,"gold_gain":0.0,"cards_transformed":["Defend_R"],"event_name":"Transmorgrifier","player_choice":"Transformed","floor":19.0,"gold_loss":0.0,"damage_taken":0.0,"cards_obtained":["Carnage"]},{"damage_healed":0.0,"max_hp_gain":0.0,"max_hp_loss":0.0,"gold_gain":0.0,"event_name":"Masked Bandits","player_choice":"Fought Bandits","floor":21.0,"gold_loss":0.0,"damage_taken":0.0},{"damage_healed":0.0,"max_hp_gain":0.0,"max_hp_loss":0.0,"gold_gain":0.0,"event_name":"Mysterious Sphere","player_choice":"Fight","floor":37.0,"gold_loss":0.0,"damage_taken":0.0},{"cards_removed":["Defend_R"],"damage_healed":0.0,"max_hp_gain":0.0,"max_hp_loss":0.0,"gold_gain":0.0,"event_name":"Falling","player_choice":"Removed Skill","floor":39.0,"gold_loss":0.0,"damage_taken":0.0},{"damage_healed":0.0,"max_hp_gain":0.0,"max_hp_loss":0.0,"gold_gain":0.0,"event_name":"MindBloom","player_choice":"Fight","floor":41.0,"gold_loss":0.0,"damage_taken":0.0}],"is_beta":false,"boss_relics":[{"not_picked":["Fusion Hammer","Runic Dome"],"picked":"Snecko Eye"},{"not_picked":["Philosopher\u0027s Stone","Black Blood"],"picked":"Cursed Key"}],"items_purged_floors":[14,22],"is_endless":false,"potions_floor_spawned":[4,6,12,16,18,21,25,29,30,33,38,44,45,46,47,48],"ascension_level":20}