{"gold_per_floor":[113,130,202,212,287,287,315,331,356,356,373,393,411,443,443,522,522,532,521,144,156,171,171,171],"floor_reached":24,"playtime":1297,"items_purged":["Strike_R"],"score":371,"play_id":"79f338dc-35bb-4ddb-ace3-394bc683714c","local_time":"20181018105919","is_ascension_mode":true,"campfire_choices":[{"data":"Uppercut","floor":6.0,"key":"SMITH"},{"data":"Iron Wave","floor":10.0,"key":"SMITH"},{"data":"Feel No Pain","floor":15.0,"key":"SMITH"},{"data":"True Grit","floor":23,"key":"SMITH"}],"neow_cost":"NONE","seed_source_timestamp":11076605197674,"circlet_count":0,"master_deck":["Strike_R","Strike_R","Strike_R","Strike_R","Defend_R","Defend_R","Defend_R+1","Defend_R","Bash","AscendersBane","Uppercut+1","Shrug It Off+1","Iron Wave+1","Pommel Strike","Feel No Pain+1","Headbutt","Battle Trance","Impervious","Power Through","Uppercut","Evolve","Disarm","True Grit+1"],"special_seed":0,"relics":["Burning Blood","Letter Opener","Orichalcum","War Paint","Paper Frog","Mark of Pain","Juzu Bracelet"],"potions_floor_usage":[24,24],"damage_taken":[{"damage":6.0,"enemies":"Cultist","floor":1.0,"turns":3.0},{"damage":19.0,"enemies":"Small Slimes","floor":2.0,"turns":5.0},{"damage":4.0,"enemies":"Jaw Worm","floor":4.0,"turns":3.0},{"damage":37.0,"enemies":"3 Sentries","floor":7.0,"turns":12.0},{"damage":5.0,"enemies":"2 Fungi Beasts","floor":8.0,"turns":4.0},{"damage":0.0,"enemies":"Exordium Wildlife","floor":11.0,"turns":4.0},{"damage":9.0,"enemies":"Lots of Slimes","floor":12.0,"turns":4.0},{"damage":3.0,"enemies":"Looter","floor":13.0,"turns":3.0},{"damage":11.0,"enemies":"Gremlin Nob","floor":14.0,"turns":4.0},{"damage":29,"enemies":"Slime Boss","floor":16,"turns":16},{"damage":0,"enemies":"Spheric Guardian","floor":18,"turns":4},{"damage":12,"enemies":"2 Thieves","floor":19,"turns":4},{"damage":2,"enemies":"Centurion and Healer","floor":21,"turns":7},{"damage":1,"enemies":"Snecko","floor":22,"turns":8},{"damage":84,"enemies":"Gremlin Leader","floor":24,"turns":14}],"seed_played":"6039247204144397451","potions_obtained":[{"floor":2.0,"key":"BloodPotion"},{"floor":4.0,"key":"GamblersBrew"},{"floor":8.0,"key":"Weak Potion"},{"floor":16,"key":"SteroidPotion"}],"is_trial":false,"path_per_floor":["M","M","T","M","?","R","E","M","T","R","M","M","M","E","R","B",null,"M","M","$","M","M","R"],"character_chosen":"IRONCLAD","items_purchased":["Evolve","SkillPotion","Disarm","Juzu Bracelet"],"campfire_rested":0,"item_purchase_floors":[20,20,20,20],"current_hp_per_floor":[75,62,62,64,53,53,30,31,31,31,37,34,37,32,32,9,64,70,64,64,68,73,73,0],"gold":171,"neow_bonus":"TEN_PERCENT_HP_BONUS","is_prod":false,"is_daily":false,"chose_seed":false,"campfire_upgraded":4,"win_rate":0,"timestamp":1539885559,"path_taken":["M","M","?","M","?","R","E","?","T","R","M","M","M","E","R","BOSS","M","?","$","M","M","R","E"],"build_version":"2018-10-11","purchased_purges":1,"victory":false,"max_hp_per_floor":[82,82,82,82,82,82,82,82,82,82,82,82,82,82,82,82,82,82,82,82,82,82,82,82],"card_choices":[{"not_picked":["Warcry","Clash","Body Slam"],"picked":"SKIP","floor":1.0},{"not_picked":["Wild Strike","Hemokinesis"],"picked":"Uppercut","floor":2.0},{"not_picked":["Armaments","Iron Wave"],"picked":"Shrug It Off","floor":4.0},{"not_picked":["Ghostly Armor","Carnage","Thunderclap"],"picked":"SKIP","floor":7.0},{"not_picked":["Dropkick","Whirlwind"],"picked":"Iron Wave","floor":8.0},{"not_picked":["Infernal Blade","Thunderclap"],"picked":"Pommel Strike","floor":11.0},{"not_picked":["Feel No Pain","Heavy Blade","Cleave"],"picked":"SKIP","floor":12.0},{"not_picked":["Heavy Blade","Cleave"],"picked":"Feel No Pain","floor":12.0},{"not_picked":["Pommel Strike","Shrug It Off"],"picked":"Headbutt","floor":13.0},{"not_picked":["Iron Wave","Twin Strike"],"picked":"Battle Trance","floor":14.0},{"not_picked":["Double Tap","Barricade"],"picked":"Impervious","floor":16},{"not_picked":["Corruption","Armaments"],"picked":"Power Through","floor":18},{"not_picked":["Second Wind","Flame Barrier"],"picked":"Uppercut","floor":19},{"not_picked":["Carnage","Seeing Red"],"picked":"True Grit","floor":21},{"not_picked":["Flex+1","Havoc","Second Wind"],"picked":"SKIP","floor":22}],"player_experience":1382858,"relics_obtained":[{"floor":3.0,"key":"Letter Opener"},{"floor":7.0,"key":"Orichalcum"},{"floor":9.0,"key":"War Paint"},{"floor":14.0,"key":"Paper Frog"}],"event_choices":[{"event_name":"World of Goop","player_choice":"Gather Gold","floor":5.0,"damage_taken":0.0}],"is_beta":false,"boss_relics":[{"not_picked":["Black Blood","Runic Pyramid"],"picked":"Mark of Pain"}],"items_purged_floors":[20],"is_endless":false,"potions_floor_spawned":[2,4,8,16,22],"killed_by":"Gremlin Leader","ascension_level":15}