{"gold_per_floor":[115,133,5,21,21,51,51,51,75,103,113,123,123,23,23,23],"floor_reached":16,"playtime":1944,"items_purged":["Strike_R","Strike_R"],"score":110,"play_id":"599fe2da-6114-4a22-a283-5b1ed6e5086c","local_time":"20190322112247","is_ascension_mode":false,"campfire_choices":[{"data":"Warcry","floor":8,"key":"SMITH"},{"data":"Rage","floor":13,"key":"SMITH"},{"data":"Shrug It Off","floor":15,"key":"SMITH"}],"neow_cost":"NONE","seed_source_timestamp":617118307326900,"circlet_count":0,"master_deck":["Strike_R","Strike_R","Strike_R","Defend_R+1","Defend_R","Defend_R+1","Defend_R","Bash+1","Cleave","Shrug It Off+1","Warcry+1","Parasite","Power Through","Rage+1"],"relics":["Burning Blood","Bronze Scales","Orichalcum","Pear"],"potions_floor_usage":[6,10,16],"damage_taken":[{"damage":10,"enemies":"2 Louse","floor":1,"turns":3},{"damage":11,"enemies":"Jaw Worm","floor":2,"turns":4},{"damage":2,"enemies":"Small Slimes","floor":4,"turns":3},{"damage":15,"enemies":"Gremlin Nob","floor":6,"turns":5},{"damage":21,"enemies":"Lagavulin","floor":10,"turns":9},{"damage":16,"enemies":"Gremlin Gang","floor":11,"turns":7},{"damage":2,"enemies":"Large Slime","floor":12,"turns":7},{"damage":64,"enemies":"The Guardian","floor":16,"turns":14}],"seed_played":"-7810813364024930314","potions_obtained":[{"floor":2,"key":"EssenceOfSteel"},{"floor":4,"key":"Swift Potion"},{"floor":11,"key":"Weak Potion"}],"is_trial":false,"path_per_floor":["M","M","$","M","?","E","?","R","T","E","M","M","R","$","R","B"],"character_chosen":"IRONCLAD","items_purchased":["Shrug It Off"],"campfire_rested":0,"item_purchase_floors":[3],"current_hp_per_floor":[76,71,71,75,59,50,70,70,70,65,55,59,59,59,59,0],"gold":23,"neow_bonus":"UPGRADE_CARD","is_prod":false,"is_daily":false,"chose_seed":false,"campfire_upgraded":3,"win_rate":0.0,"timestamp":1553246567,"path_taken":["M","M","$","M","?","E","?","R","T","E","M","M","R","$","R","BOSS"],"build_version":"2019-01-23","purchased_purges":2,"victory":false,"max_hp_per_floor":[80,80,80,80,80,80,80,80,80,90,90,90,90,90,90,90],"card_choices":[{"not_picked":["Clash","Perfected Strike","Metallicize"],"picked":"SKIP","floor":1},{"not_picked":["Wild Strike","Iron Wave"],"picked":"Cleave","floor":2},{"not_picked":["Clash","Thunderclap","Fire Breathing"],"picked":"SKIP","floor":4},{"not_picked":["True Grit","Blood for Blood"],"picked":"Warcry","floor":6},{"not_picked":["Flex","Clash"],"picked":"Power Through","floor":10},{"not_picked":["Carnage","Wild Strike"],"picked":"Rage","floor":11},{"not_picked":["Limit Break","Entrench","Intimidate"],"picked":"SKIP","floor":12}],"player_experience":26271,"relics_obtained":[{"floor":6,"key":"Bronze Scales"},{"floor":9,"key":"Orichalcum"},{"floor":10,"key":"Pear"}],"event_choices":[{"damage_healed":0,"gold_gain":0,"player_choice":"Entered Light","damage_taken":16,"max_hp_gain":0,"max_hp_loss":0,"event_name":"Shining Light","floor":5,"gold_loss":0,"cards_upgraded":["Defend_R","Defend_R"]},{"damage_healed":20,"gold_gain":0,"player_choice":"Healed and dodged fight","damage_taken":0,"max_hp_gain":0,"max_hp_loss":0,"event_name":"Mushrooms","floor":7,"gold_loss":0,"cards_obtained":["Parasite"]}],"is_beta":false,"boss_relics":[],"items_purged_floors":[3,14],"is_endless":false,"potions_floor_spawned":[2,4,11],"killed_by":"The Guardian","ascension_level":0}