{"gold_per_floor":[109,120,133,133,133,133,162,180,180,508,508,508,508,520,520,598,598,608,224,235,14,30,30],"floor_reached":23,"playtime":889,"items_purged":[],"score":352,"play_id":"2868b33a-9f25-467d-a573-6e899e9e25e3","local_time":"20181227115054","is_ascension_mode":true,"campfire_choices":[{"floor":6.0,"key":"REST"},{"floor":12,"key":"REST"},{"data":"Zap","floor":15,"key":"SMITH"}],"neow_cost":"NONE","seed_source_timestamp":12365613695753,"circlet_count":0,"master_deck":["AscendersBane","Zap+1","Dualcast","Machine Learning","Cold Snap","Echo Form","Creative AI","Conserve Battery","Go for the Eyes","Parasite","Ball Lightning","Rainbow","Hello World","Auto Shields","Aggregate","Cold Snap","Chaos","Ball Lightning","Amplify","Buffer","Leap+1","Steam","Capacitor","Turbo","FTL","Fission","Defragment"],"special_seed":0,"relics":["Cracked Core","Orichalcum","Pantograph","Old Coin","Pandora\u0027s Box","Gremlin Horn"],"potions_floor_usage":[10,10],"damage_taken":[{"damage":2.0,"enemies":"2 Louse","floor":1.0,"turns":2.0},{"damage":2.0,"enemies":"Jaw Worm","floor":2.0,"turns":5.0},{"damage":1.0,"enemies":"Cultist","floor":3.0,"turns":4.0},{"damage":24.0,"enemies":"Gremlin Nob","floor":7.0,"turns":4.0},{"damage":9.0,"enemies":"3 Louse","floor":8.0,"turns":4.0},{"damage":14,"enemies":"3 Sentries","floor":10,"turns":8},{"damage":2,"enemies":"2 Fungi Beasts","floor":14,"turns":3},{"damage":3,"enemies":"Slime Boss","floor":16,"turns":7},{"damage":1,"enemies":"Spheric Guardian","floor":18,"turns":5},{"damage":15,"enemies":"3 Byrds","floor":20,"turns":6},{"damage":15,"enemies":"Centurion and Healer","floor":22,"turns":8},{"damage":37,"enemies":"Slavers","floor":23,"turns":2}],"seed_played":"3210676421288886033","potions_obtained":[{"floor":3.0,"key":"Poison Potion"},{"floor":7.0,"key":"Ancient Potion"},{"floor":8.0,"key":"SpeedPotion"},{"floor":22,"key":"FearPotion"}],"is_trial":false,"path_per_floor":["M","M","M","?","?","R","E","M","T","E","?","R","?","M","R","B",null,"M","$","M","$","M","E"],"character_chosen":"DEFECT","items_purchased":["Steam","Capacitor","Gremlin Horn","FTL","Fission"],"campfire_rested":2,"item_purchase_floors":[19,19,19,21,21],"current_hp_per_floor":[62,60,59,38,28,49,25,16,16,2,2,23,40,38,38,60,68,67,67,52,52,37,0],"gold":30,"neow_bonus":"ONE_RANDOM_RARE_CARD","is_prod":false,"is_daily":false,"chose_seed":false,"campfire_upgraded":1,"win_rate":0,"timestamp":1545940254,"path_taken":["M","M","M","?","?","R","E","?","T","E","?","R","?","M","R","BOSS","M","$","M","$","M","E"],"build_version":"2018-12-20","purchased_purges":0,"victory":false,"max_hp_per_floor":[71,71,71,71,71,71,71,71,71,71,71,71,71,71,71,71,71,71,71,71,71,71,71],"card_choices":[{"not_picked":["Stack","Scrape","Barrage"],"picked":"SKIP","floor":1.0},{"not_picked":["Barrage","Heatsinks"],"picked":"Cold Snap","floor":2.0},{"not_picked":["Steam","Turbo"],"picked":"Echo Form","floor":3.0},{"not_picked":["Go for the Eyes","Force Field"],"picked":"Creative AI","floor":7.0},{"not_picked":["Barrage","Heatsinks"],"picked":"Conserve Battery","floor":8.0},{"not_picked":["Hologram","Conserve Battery"],"picked":"Go for the Eyes","floor":10},{"not_picked":["Sweeping Beam","Compile Driver"],"picked":"Ball Lightning","floor":14},{"not_picked":["Seek","Reboot"],"picked":"Rainbow","floor":16},{"not_picked":["Rebound","Stack"],"picked":"Leap+1","floor":18},{"not_picked":["Gash","Scrape"],"picked":"Turbo","floor":20},{"not_picked":["Aggregate","Compile Driver+1"],"picked":"Defragment","floor":22}],"player_experience":1888438,"relics_obtained":[{"floor":7.0,"key":"Orichalcum"},{"floor":9.0,"key":"Pantograph"},{"floor":10,"key":"Old Coin"}],"event_choices":[{"damage_healed":0.0,"max_hp_gain":0.0,"max_hp_loss":0.0,"gold_gain":0.0,"event_name":"Shining Light","player_choice":"Entered Light","floor":4.0,"gold_loss":0.0,"damage_taken":21.0,"cards_upgraded":["Strike_B","Defend_B"]},{"damage_healed":0.0,"max_hp_gain":0.0,"max_hp_loss":0.0,"gold_gain":0.0,"event_name":"Wheel of Change","player_choice":"Damaged","floor":5.0,"gold_loss":0.0,"damage_taken":10.0},{"damage_healed":0,"gold_gain":0,"player_choice":"Fled","damage_taken":0,"max_hp_gain":0,"max_hp_loss":0,"event_name":"Scrap Ooze","floor":11,"gold_loss":0},{"damage_healed":17,"gold_gain":0,"player_choice":"Healed and dodged fight","damage_taken":0,"max_hp_gain":0,"max_hp_loss":0,"event_name":"Mushrooms","floor":13,"gold_loss":0,"cards_obtained":["Parasite"]}],"is_beta":false,"boss_relics":[{"not_picked":["Orrery","Black Star"],"picked":"Pandora\u0027s Box"}],"items_purged_floors":[],"is_endless":false,"potions_floor_spawned":[3,7,8,22],"killed_by":"Slavers","ascension_level":15}