{"gold_per_floor":[210,225,242,257,273,273,304,304],"floor_reached":8,"playtime":412,"items_purged":[],"score":105,"play_id":"3d7680ab-5938-4b6f-9532-a1943fdc1f60","local_time":"20190109160907","is_ascension_mode":true,"campfire_choices":[{"data":"Neutralize","floor":6.0,"key":"SMITH"}],"neow_cost":"NONE","seed_source_timestamp":29022679487374,"circlet_count":0,"master_deck":["AscendersBane","Defend_G","Defend_G","Defend_G","Defend_G","Defend_G","Strike_G","Strike_G","Strike_G","Strike_G","Strike_G","Survivor","Neutralize+1","Quick Slash","Dagger Throw","Cloak And Dagger","Wraith Form v2","Caltrops"],"special_seed":0,"relics":["Ring of the Snake","Ornamental Fan"],"potions_floor_usage":[8],"damage_taken":[{"damage":5.0,"enemies":"Cultist","floor":1.0,"turns":5.0},{"damage":4.0,"enemies":"Small Slimes","floor":2.0,"turns":4.0},{"damage":1.0,"enemies":"Jaw Worm","floor":3.0,"turns":3.0},{"damage":7.0,"enemies":"Exordium Thugs","floor":4.0,"turns":7.0},{"damage":0.0,"enemies":"2 Fungi Beasts","floor":5.0,"turns":4.0},{"damage":41.0,"enemies":"Lagavulin","floor":7.0,"turns":12.0},{"damage":6,"enemies":"Lots of Slimes","floor":8,"turns":2}],"seed_played":"6908072698081524144","potions_obtained":[{"floor":2.0,"key":"Weak Potion"},{"floor":7.0,"key":"Block Potion"}],"is_trial":false,"path_per_floor":["M","M","M","M","M","R","E","M"],"character_chosen":"THE_SILENT","items_purchased":[],"campfire_rested":0,"item_purchase_floors":[],"current_hp_per_floor":[54,50,49,42,42,42,1,0],"gold":304,"neow_bonus":"HUNDRED_GOLD","is_prod":false,"is_daily":false,"chose_seed":false,"campfire_upgraded":1,"win_rate":0,"timestamp":1547078947,"path_taken":["M","M","M","?","?","R","E","M"],"build_version":"2019-01-03v4","purchased_purges":0,"victory":false,"max_hp_per_floor":[66,66,66,66,66,66,66,66],"card_choices":[{"not_picked":["Choke","Flying Knee"],"picked":"Quick Slash","floor":1.0},{"not_picked":["Acrobatics","Prepared"],"picked":"Dagger Throw","floor":2.0},{"not_picked":["Flying Knee","Finisher","Dagger Throw"],"picked":"SKIP","floor":3.0},{"not_picked":["Dagger Throw","Blade Dance"],"picked":"Cloak And Dagger","floor":4.0},{"not_picked":["Acrobatics","Dagger Throw"],"picked":"Wraith Form v2","floor":5.0},{"not_picked":["Escape Plan","Eviscerate"],"picked":"Caltrops","floor":7.0}],"player_experience":1973522,"relics_obtained":[{"floor":7.0,"key":"Ornamental Fan"}],"event_choices":[],"is_beta":false,"boss_relics":[],"items_purged_floors":[],"is_endless":false,"potions_floor_spawned":[2,7],"killed_by":"Lots of Slimes","ascension_level":15}