{"gold_per_floor":[112,112,37,37,54,54,83,83,110,110,140,158,191,204,204,275,275,287,297,297,15,15,15,15,15,15,15,115,40,90,101,101,174,174,193,24,43,43,0,0,26,26,26,75,75,93,122,133,133,133,133,133,33,67,67],"floor_reached":55,"playtime":3879,"items_purged":["Writhe","Defend_R"],"score":1438,"play_id":"bf326e01-abb3-498c-a4e2-7f24fcb2b021","local_time":"20190507173747","is_ascension_mode":true,"campfire_choices":[{"data":"Demon Form","floor":6.0,"key":"SMITH"},{"floor":8.0,"key":"REST"},{"data":"Feed","floor":10.0,"key":"SMITH"},{"floor":15.0,"key":"REST"},{"data":"Whirlwind","floor":23.0,"key":"SMITH"},{"data":"Power Through","floor":25.0,"key":"SMITH"},{"floor":27.0,"key":"REST"},{"floor":32.0,"key":"REST"},{"floor":40.0,"key":"RECALL"},{"floor":42.0,"key":"REST"},{"floor":49,"key":"REST"},{"data":"Heavy Blade","floor":52,"key":"SMITH"}],"neow_cost":"NONE","seed_source_timestamp":0,"circlet_count":0,"master_deck":["AscendersBane","Defend_R","Defend_R","Bash","Demon Form+1","Clothesline","Heavy Blade+1","Feed+1","Iron Wave","Headbutt","Shrug It Off","Fiend Fire","Power Through+1","Whirlwind+1","Ghostly Armor","Impervious","Reaper","Warcry+1","Shrug It Off","Body Slam+1"],"special_seed":0,"relics":["Burning Blood","Darkstone Periapt","Juzu Bracelet","Shuriken","Pen Nib","Philosopher\u0027s Stone","Red Skull","Meat on the Bone","Blue Candle","Prayer Wheel","Letter Opener","Velvet Choker","Red Mask","Singing Bowl","Nunchaku","Ancient Tea Set","Du-Vu Doll"],"potions_floor_usage":[47,55],"damage_taken":[{"damage":12.0,"enemies":"Small Slimes","floor":1.0,"turns":4.0},{"damage":8.0,"enemies":"Jaw Worm","floor":5.0,"turns":6.0},{"damage":40.0,"enemies":"3 Sentries","floor":7.0,"turns":7.0},{"damage":35.0,"enemies":"Lagavulin","floor":11.0,"turns":7.0},{"damage":1.0,"enemies":"Cultist","floor":12.0,"turns":3.0},{"damage":22.0,"enemies":"Gremlin Nob","floor":13.0,"turns":4.0},{"damage":6.0,"enemies":"Looter","floor":14.0,"turns":3.0},{"damage":35.0,"enemies":"Hexaghost","floor":16.0,"turns":7.0},{"damage":23.0,"enemies":"2 Thieves","floor":18.0,"turns":4.0},{"damage":52.0,"enemies":"3 Byrds","floor":19.0,"turns":6.0},{"damage":29.0,"enemies":"Colosseum Slavers","floor":28.0,"turns":4.0},{"damage":18.0,"enemies":"Colosseum Nobs","floor":28.0,"turns":6.0},{"damage":50.0,"enemies":"Shelled Parasite and Fungi","floor":31.0,"turns":5.0},{"damage":58.0,"enemies":"Automaton","floor":33.0,"turns":7.0},{"damage":8.0,"enemies":"Orb Walker","floor":35.0,"turns":3.0},{"damage":58.0,"enemies":"3 Shapes","floor":37.0,"turns":3.0},{"damage":11.0,"enemies":"Nemesis","floor":41.0,"turns":6.0},{"damage":93.0,"enemies":"2 Orb Walkers","floor":44.0,"turns":5.0},{"damage":39.0,"enemies":"Maw","floor":46.0,"turns":7.0},{"damage":29,"enemies":"Giant Head","floor":47,"turns":7},{"damage":0,"enemies":"Sphere and 2 Shapes","floor":48,"turns":2},{"damage":123,"enemies":"Awakened One","floor":50,"turns":10},{"damage":121,"enemies":"Shield and Spear","floor":54,"turns":6},{"damage":76,"enemies":"The Heart","floor":55,"turns":2}],"seed_played":"-6714369598373091046","potions_obtained":[{"floor":11.0,"key":"Fire Potion"},{"floor":13.0,"key":"SteroidPotion"},{"floor":18.0,"key":"GamblersBrew"},{"floor":19.0,"key":"LiquidBronze"},{"floor":33.0,"key":"SpeedPotion"},{"floor":37.0,"key":"PowerPotion"},{"floor":46.0,"key":"Poison Potion"},{"floor":54,"key":"SkillPotion"}],"is_trial":false,"path_per_floor":["M","?","?","?","M","R","E","R","T","R","E","M","E","M","R","B",null,"M","M","?","$","?","R","?","R","T","R","?","$","?","M","R","B",null,"M","$","M","$","?","R","E","R","T","?","?","M","E","M","R","B",null,"R","$","E","B"],"character_chosen":"IRONCLAD","items_purchased":["Meat on the Bone","Reaper"],"campfire_rested":6,"item_purchase_floors":[21,36],"current_hp_per_floor":[62,62,62,62,60,60,26,48,48,48,23,32,16,20,46,21,74,57,15,21,21,41,41,41,41,41,71,68,68,68,40,73,33,93,95,95,69,69,69,69,78,114,114,60,60,53,55,81,122,37,114,114,114,21,0],"gold":67,"neow_bonus":"TRANSFORM_CARD","is_prod":false,"is_daily":false,"chose_seed":false,"campfire_upgraded":5,"win_rate":0,"timestamp":1557239867,"path_taken":["M","?","?","?","?","R","E","R","T","R","E","M","E","M","R","BOSS","M","M","?","$","?","R","?","R","T","R","?","$","?","M","R","BOSS","M","$","M","$","?","R","E","R","T","?","?","M","E","M","R","BOSS","R","$","E","BOSS"],"build_version":"2019-01-23","purchased_purges":2,"victory":false,"max_hp_per_floor":[75,75,75,75,75,75,75,75,75,75,79,83,83,87,87,91,91,91,95,101,101,101,101,101,101,101,101,109,109,109,113,113,113,113,117,117,121,121,121,121,123,123,123,127,127,129,131,139,139,139,139,139,139,141,141],"card_choices":[{"not_picked":["Armaments","Corruption"],"picked":"Clothesline","floor":1.0},{"not_picked":["Iron Wave","Whirlwind"],"picked":"Heavy Blade","floor":5.0},{"not_picked":["Spot Weakness","Dropkick"],"picked":"Feed","floor":7.0},{"not_picked":["Armaments","Uppercut"],"picked":"Iron Wave","floor":11.0},{"not_picked":["Body Slam","True Grit"],"picked":"Headbutt","floor":12.0},{"not_picked":["Flex","Wild Strike","Anger"],"picked":"SKIP","floor":13.0},{"not_picked":["Cleave","Headbutt"],"picked":"Shrug It Off","floor":14.0},{"not_picked":["Feed","Limit Break"],"picked":"Fiend Fire","floor":16.0},{"not_picked":["Armaments","Sever Soul+1"],"picked":"Power Through","floor":18.0},{"not_picked":["Wild Strike","Battle Trance"],"picked":"Whirlwind","floor":19.0},{"not_picked":["Evolve","Entrench"],"picked":"Ghostly Armor","floor":31.0},{"not_picked":["Pummel","Combust","Searing Blow"],"picked":"SKIP","floor":31.0},{"not_picked":["Bludgeon","Demon Form"],"picked":"Impervious","floor":33.0},{"not_picked":["Clash+1","Pummel+1","Twin Strike"],"picked":"SKIP","floor":35.0},{"not_picked":["Warcry","Havoc+1","Infernal Blade"],"picked":"SKIP","floor":35.0},{"not_picked":["Whirlwind","Burning Pact"],"picked":"Warcry+1","floor":37.0},{"not_picked":["Wild Strike+1","Headbutt+1","Body Slam"],"picked":"SKIP","floor":37.0},{"not_picked":["Iron Wave+1","Infernal Blade","Brutality"],"picked":"Singing Bowl","floor":41.0},{"not_picked":["Dual Wield","Carnage"],"picked":"Shrug It Off","floor":44.0},{"not_picked":["Intimidate","Heavy Blade","True Grit"],"picked":"Singing Bowl","floor":46.0},{"not_picked":["Warcry","Entrench"],"picked":"Body Slam+1","floor":46.0},{"not_picked":["Inflame","Clothesline+1","Sword Boomerang+1"],"picked":"Singing Bowl","floor":47},{"not_picked":["Pommel Strike","Perfected Strike","Feed"],"picked":"Singing Bowl","floor":48},{"not_picked":["Heavy Blade","Anger","Iron Wave+1"],"picked":"Singing Bowl","floor":48},{"not_picked":["Searing Blow","Pommel Strike+1","Clash+1"],"picked":"Singing Bowl","floor":54}],"player_experience":384883,"relics_obtained":[{"floor":7.0,"key":"Darkstone Periapt"},{"floor":9.0,"key":"Juzu Bracelet"},{"floor":11.0,"key":"Shuriken"},{"floor":13.0,"key":"Pen Nib"},{"floor":26.0,"key":"Blue Candle"},{"floor":28.0,"key":"Prayer Wheel"},{"floor":28.0,"key":"Letter Opener"},{"floor":41.0,"key":"Singing Bowl"},{"floor":44.0,"key":"Nunchaku"},{"floor":47,"key":"Ancient Tea Set"},{"floor":54,"key":"Du-Vu Doll"}],"event_choices":[{"cards_removed":["Strike_R"],"damage_healed":0.0,"max_hp_gain":0.0,"max_hp_loss":0.0,"gold_gain":0.0,"event_name":"Living Wall","player_choice":"Forget","floor":2.0,"gold_loss":0.0,"damage_taken":0.0},{"cards_removed":["Strike_R"],"damage_healed":0.0,"max_hp_gain":0.0,"max_hp_loss":0.0,"gold_gain":0.0,"event_name":"The Cleric","player_choice":"Card Removal","floor":3.0,"gold_loss":75.0,"damage_taken":0.0},{"cards_removed":["Strike_R"],"damage_healed":0.0,"max_hp_gain":0.0,"max_hp_loss":0.0,"gold_gain":0.0,"event_name":"Purifier","player_choice":"Purged","floor":4.0,"gold_loss":0.0,"damage_taken":0.0},{"damage_healed":0.0,"max_hp_gain":0.0,"max_hp_loss":0.0,"gold_gain":0.0,"event_name":"The Mausoleum","player_choice":"Opened","floor":20.0,"gold_loss":0.0,"damage_taken":0.0,"relics_obtained":["Red Skull"],"cards_obtained":["Writhe"]},{"damage_healed":20.0,"max_hp_gain":0.0,"max_hp_loss":0.0,"gold_gain":0.0,"event_name":"The Library","player_choice":"Heal","floor":22.0,"gold_loss":0.0,"damage_taken":0.0},{"cards_removed":["Strike_R"],"damage_healed":0.0,"max_hp_gain":0.0,"max_hp_loss":0.0,"gold_gain":0.0,"event_name":"Wheel of Change","player_choice":"Card Removal","floor":24.0,"gold_loss":0.0,"damage_taken":0.0},{"damage_healed":0.0,"max_hp_gain":0.0,"max_hp_loss":0.0,"gold_gain":0.0,"event_name":"Colosseum","player_choice":"Fight","floor":28.0,"gold_loss":0.0,"damage_taken":0.0},{"damage_healed":0.0,"max_hp_gain":0.0,"max_hp_loss":0.0,"gold_gain":0.0,"event_name":"Colosseum","player_choice":"Fought Nobs","floor":28.0,"gold_loss":0.0,"damage_taken":0.0},{"damage_healed":0.0,"max_hp_gain":0.0,"max_hp_loss":0.0,"gold_gain":50.0,"event_name":"Golden Shrine","player_choice":"Pray","floor":30.0,"gold_loss":0.0,"damage_taken":0.0},{"damage_healed":0.0,"max_hp_gain":0.0,"max_hp_loss":0.0,"gold_gain":0.0,"event_name":"Tomb of Lord Red Mask","player_choice":"Paid","floor":39.0,"gold_loss":43.0,"damage_taken":0.0,"relics_obtained":["Red Mask"]},{"damage_healed":0.0,"max_hp_gain":0.0,"max_hp_loss":0.0,"gold_gain":0.0,"event_name":"Mysterious Sphere","player_choice":"Fight","floor":44.0,"gold_loss":0.0,"damage_taken":0.0},{"cards_removed":["Defend_R"],"damage_healed":0.0,"max_hp_gain":0.0,"max_hp_loss":0.0,"gold_gain":0.0,"event_name":"Falling","player_choice":"Removed Skill","floor":45.0,"gold_loss":0.0,"damage_taken":0.0}],"is_beta":false,"boss_relics":[{"not_picked":["Tiny House","Calling Bell"],"picked":"Philosopher\u0027s Stone"},{"not_picked":["Sozu","Lizard Tail"],"picked":"Velvet Choker"}],"items_purged_floors":[29,53],"is_endless":false,"potions_floor_spawned":[11,13,18,19,33,37,46,54],"killed_by":"The Heart","ascension_level":19}