{"gold_per_floor":[116,40,52,63,81,81,101,101,101,135,135,168,93,111,111,182,182,194,204,254,271,290,290],"floor_reached":23,"playtime":1349,"items_purged":[],"score":359,"play_id":"5b86eaee-5094-4557-b48c-ac2b6ad600e9","local_time":"20181017135012","is_ascension_mode":true,"campfire_choices":[{"data":"Neutralize","floor":6.0,"key":"SMITH"},{"data":"Glass Knife","floor":8.0,"key":"SMITH"},{"data":"Footwork","floor":11.0,"key":"SMITH"},{"data":"Calculated Gamble","floor":15.0,"key":"SMITH"}],"neow_cost":"NONE","seed_source_timestamp":16779225257908,"circlet_count":0,"master_deck":["Defend_G","Defend_G","Defend_G","Defend_G","Defend_G","Strike_G+1","Strike_G","Strike_G","Strike_G+1","Survivor","Neutralize+1","AscendersBane","Flying Knee","Footwork+1","Dodge and Roll","Backstab","Glass Knife+1","Dagger Throw","Reflex","Leg Sweep","Calculated Gamble+1","Wraith Form v2","Cloak And Dagger","PiercingWail","Predator","Escape Plan"],"special_seed":0,"relics":["Ring of the Snake","Whetstone","Gambling Chip","Sundial","The Specimen","Fusion Hammer"],"potions_floor_usage":[23,23],"damage_taken":[{"damage":0.0,"enemies":"Jaw Worm","floor":1.0,"turns":6.0},{"damage":1.0,"enemies":"2 Louse","floor":3.0,"turns":3.0},{"damage":0.0,"enemies":"Cultist","floor":4.0,"turns":4.0},{"damage":0.0,"enemies":"Large Slime","floor":5.0,"turns":6.0},{"damage":1.0,"enemies":"Looter","floor":7.0,"turns":2.0},{"damage":2.0,"enemies":"Gremlin Nob","floor":10.0,"turns":3.0},{"damage":2.0,"enemies":"3 Sentries","floor":12.0,"turns":9.0},{"damage":0.0,"enemies":"2 Fungi Beasts","floor":14.0,"turns":3.0},{"damage":4.0,"enemies":"The Guardian","floor":16.0,"turns":19.0},{"damage":14.0,"enemies":"3 Byrds","floor":18.0,"turns":7.0},{"damage":3.0,"enemies":"Spheric Guardian","floor":19.0,"turns":3.0},{"damage":0.0,"enemies":"Shelled Parasite and Fungi","floor":21.0,"turns":9.0},{"damage":9.0,"enemies":"Snake Plant","floor":22.0,"turns":6.0},{"damage":36,"enemies":"Gremlin Leader","floor":23,"turns":9}],"seed_played":"-4011843267282560788","potions_obtained":[{"floor":3.0,"key":"Ancient Potion"},{"floor":5.0,"key":"AttackPotion"},{"floor":12.0,"key":"Energy Potion"},{"floor":14.0,"key":"AttackPotion"}],"is_trial":false,"path_per_floor":["M","$","M","M","M","R","M","R","T","E","R","E","?","M","R","B",null,"M","M","?","M","M"],"character_chosen":"THE_SILENT","items_purchased":["Footwork"],"campfire_rested":0,"item_purchase_floors":[2],"current_hp_per_floor":[59,59,58,58,58,58,57,57,57,55,55,53,53,53,53,49,62,48,45,45,45,36,0],"gold":290,"neow_bonus":"RANDOM_COMMON_RELIC","is_prod":false,"is_daily":false,"chose_seed":false,"campfire_upgraded":4,"win_rate":0,"timestamp":1539809412,"path_taken":["M","$","M","M","M","R","M","R","T","E","R","E","?","M","R","BOSS","M","M","?","M","M","E"],"build_version":"2018-10-11","purchased_purges":0,"victory":false,"max_hp_per_floor":[66,66,66,66,66,66,66,66,66,66,66,66,66,66,66,66,66,66,66,66,66,66,66],"card_choices":[{"not_picked":["Bane","Underhanded Strike"],"picked":"Flying Knee","floor":1.0},{"not_picked":["Catalyst","Caltrops"],"picked":"Dodge and Roll","floor":3.0},{"not_picked":["Infinite Blades","Acrobatics"],"picked":"Backstab","floor":4.0},{"not_picked":["Dodge and Roll","Deadly Poison"],"picked":"Glass Knife","floor":5.0},{"not_picked":["Dodge and Roll","Underhanded Strike"],"picked":"Dagger Throw","floor":7.0},{"not_picked":["Catalyst","Expertise"],"picked":"Reflex","floor":10.0},{"not_picked":["PiercingWail","Deadly Poison"],"picked":"Leg Sweep","floor":12.0},{"not_picked":["Flechettes","Acrobatics"],"picked":"Calculated Gamble","floor":14.0},{"not_picked":["Storm of Steel","Bullet Time"],"picked":"Wraith Form v2","floor":16.0},{"not_picked":["Eviscerate","Footwork"],"picked":"Cloak And Dagger","floor":18.0},{"not_picked":["Riddle With Holes","Prepared"],"picked":"PiercingWail","floor":19.0},{"not_picked":["Cloak And Dagger","Quick Slash"],"picked":"Predator","floor":21.0},{"not_picked":["Outmaneuver","PiercingWail"],"picked":"Escape Plan","floor":22.0}],"player_experience":1375037,"relics_obtained":[{"floor":9.0,"key":"Gambling Chip"},{"floor":10.0,"key":"Sundial"},{"floor":12.0,"key":"The Specimen"}],"event_choices":[{"event_name":"The Cleric","player_choice":"Card Removal","floor":13.0,"damage_taken":0.0},{"event_name":"Nest","player_choice":"Stole From Cult","floor":20.0,"damage_taken":0.0}],"is_beta":false,"boss_relics":[{"not_picked":["White Beast Statue","Lizard Tail"],"picked":"Fusion Hammer"}],"items_purged_floors":[],"is_endless":false,"potions_floor_spawned":[3,5,12,14,16,21],"killed_by":"Gremlin Leader","ascension_level":15}