{"gold_per_floor":[111,36,49,49,63,63,93,93,116,135,150,150,150,166,166,270,270,287,287,303,317,317,346,346,375,375,275,275,293,327,202,202,297,297,315,339,349,349,0,30,30,44,124,124,143,192,292,79,79,79,79,79,6,37,37],"floor_reached":56,"playtime":1626,"items_purged":["Strike_R","Strike_R","Strike_R","Sword Boomerang+1"],"score":1457,"play_id":"c3fd6146-6407-42b5-ad4f-17a50018f9c5","local_time":"20190410002808","is_ascension_mode":true,"campfire_choices":[{"data":"Whirlwind","floor":6.0,"key":"SMITH"},{"data":"Flex","floor":13.0,"key":"SMITH"},{"data":"Evolve","floor":15.0,"key":"SMITH"},{"floor":24.0,"key":"REST"},{"data":"Shockwave","floor":28.0,"key":"SMITH"},{"data":"True Grit","floor":32,"key":"SMITH"},{"data":"Limit Break","floor":41,"key":"SMITH"},{"floor":49,"key":"RECALL"},{"data":"Second Wind","floor":52,"key":"SMITH"}],"neow_cost":"NONE","seed_source_timestamp":3702514534100,"circlet_count":0,"master_deck":["Defend_R","Defend_R","Defend_R","Defend_R","Bash","Whirlwind+1","Shockwave+1","Evolve+1","Flex+1","Necronomicurse","Shrug It Off","True Grit+1","Limit Break+1","Heavy Blade+1","Rage+1","Burning Pact","Second Wind+1"],"special_seed":0,"relics":["Burning Blood","NeowsBlessing","Potion Belt","Blood Vial","White Beast Statue","Necronomicon","Singing Bowl","Regal Pillow","Bronze Scales","Bottled Lightning","Lantern","Coffee Dripper","Membership Card","Ginger","Bottled Tornado","Blue Candle","Calipers","Magic Flower","Brimstone","Bag of Preparation","Strawberry"],"potions_floor_usage":[30,30,33,33,33,40,46,50,50,55,55,55,55],"damage_taken":[{"damage":0.0,"enemies":"Small Slimes","floor":1.0,"turns":1.0},{"damage":0.0,"enemies":"2 Louse","floor":3.0,"turns":1.0},{"damage":0.0,"enemies":"Cultist","floor":5.0,"turns":1.0},{"damage":26.0,"enemies":"Lagavulin","floor":7.0,"turns":5.0},{"damage":2.0,"enemies":"Exordium Wildlife","floor":10.0,"turns":3.0},{"damage":0.0,"enemies":"Large Slime","floor":11.0,"turns":3.0},{"damage":3.0,"enemies":"3 Louse","floor":14.0,"turns":2.0},{"damage":0.0,"enemies":"Slime Boss","floor":16.0,"turns":3.0},{"damage":15.0,"enemies":"Shell Parasite","floor":18.0,"turns":6.0},{"damage":10.0,"enemies":"Chosen","floor":20.0,"turns":3.0},{"damage":24.0,"enemies":"Sentry and Sphere","floor":21.0,"turns":4.0},{"damage":36.0,"enemies":"Gremlin Leader","floor":23.0,"turns":4.0},{"damage":29.0,"enemies":"Book of Stabbing","floor":25.0,"turns":5.0},{"damage":18.0,"enemies":"Shelled Parasite and Fungi","floor":29.0,"turns":2.0},{"damage":15,"enemies":"Slavers","floor":30,"turns":3},{"damage":31,"enemies":"Champ","floor":33,"turns":9},{"damage":15,"enemies":"3 Shapes","floor":35,"turns":2},{"damage":0,"enemies":"3 Darklings","floor":37,"turns":1},{"damage":35,"enemies":"Giant Head","floor":40,"turns":7},{"damage":5,"enemies":"Transient","floor":42,"turns":5},{"damage":21,"enemies":"Writhing Mass","floor":45,"turns":4},{"damage":27,"enemies":"2 Orb Walkers","floor":46,"turns":3},{"damage":0,"enemies":"Mind Bloom Boss Battle","floor":47,"turns":2},{"damage":56,"enemies":"Awakened One","floor":50,"turns":5},{"damage":12,"enemies":"Shield and Spear","floor":54,"turns":2},{"damage":67,"enemies":"The Heart","floor":55,"turns":5}],"seed_played":"1882970696863104690","potions_obtained":[{"floor":1.0,"key":"Swift Potion"},{"floor":3.0,"key":"Dexterity Potion"},{"floor":7.0,"key":"Energy Potion"},{"floor":11.0,"key":"Fruit Juice"},{"floor":16.0,"key":"GamblersBrew"},{"floor":18.0,"key":"Dexterity Potion"},{"floor":20.0,"key":"Weak Potion"},{"floor":21.0,"key":"Fire Potion"},{"floor":23.0,"key":"BloodPotion"},{"floor":25.0,"key":"Ancient Potion"},{"floor":29.0,"key":"Dexterity Potion"},{"floor":30,"key":"FearPotion"},{"floor":33,"key":"SpeedPotion"},{"floor":35,"key":"Poison Potion"},{"floor":37,"key":"SkillPotion"},{"floor":40,"key":"Explosive Potion"},{"floor":42,"key":"EssenceOfSteel"},{"floor":45,"key":"Strength Potion"},{"floor":46,"key":"BloodPotion"},{"floor":47,"key":"Strength Potion"},{"floor":54,"key":"LiquidBronze"}],"is_trial":false,"path_per_floor":["M","$","M","?","M","R","E","?","T","M","M","?","R","M","R","B",null,"M","?","M","M","?","E","R","E","T","$","R","M","E","$","R","B",null,"M","T","M","?","$","E","R","M","T","?","M","?","?","$","R","B",null,"R","$","E","B",null],"character_chosen":"IRONCLAD","items_purchased":["Membership Card","Ginger","Second Wind","Brimstone","Bag of Preparation"],"campfire_rested":1,"item_purchase_floors":[39,39,48,48,53],"current_hp_per_floor":[80,80,80,80,80,80,60,60,60,66,79,79,79,84,84,85,85,76,60,58,42,42,16,57,46,46,46,46,36,31,31,31,8,91,82,82,92,92,92,66,66,71,71,71,58,41,49,49,49,19,94,94,94,100,45],"gold":37,"neow_bonus":"THREE_ENEMY_KILL","is_prod":false,"is_daily":false,"chose_seed":false,"campfire_upgraded":7,"win_rate":0,"timestamp":1554827288,"path_taken":["M","$","M","?","M","R","E","?","T","?","M","?","R","M","R","BOSS","M","?","M","M","?","E","R","E","T","$","R","M","E","$","R","BOSS","M","?","M","?","$","E","R","M","T","?","?","?","?","?","R","BOSS","R","$","E","BOSS"],"build_version":"2019-04-04","purchased_purges":4,"victory":true,"max_hp_per_floor":[80,80,80,80,80,80,80,80,80,80,85,85,85,85,85,85,85,85,85,85,85,85,87,87,89,89,89,89,89,91,91,91,91,91,91,91,93,93,93,95,95,97,97,92,92,94,94,94,94,94,94,94,94,103,103],"card_choices":[{"not_picked":["Blood for Blood","Body Slam"],"picked":"Whirlwind","floor":1.0},{"not_picked":["Iron Wave","Metallicize"],"picked":"Dropkick","floor":3.0},{"not_picked":["Iron Wave","Power Through"],"picked":"Shockwave","floor":5.0},{"not_picked":["Shockwave","Clothesline"],"picked":"Evolve","floor":7.0},{"not_picked":["Havoc","Shockwave","Pommel Strike"],"picked":"SKIP","floor":10.0},{"not_picked":["Havoc","Shockwave","Pommel Strike"],"picked":"SKIP","floor":10.0},{"not_picked":["Flex","Pommel Strike","Combust"],"picked":"SKIP","floor":11.0},{"not_picked":["Pommel Strike","Combust"],"picked":"Flex","floor":11.0},{"not_picked":["Power Through","Pummel","Flame Barrier"],"picked":"SKIP","floor":14.0},{"not_picked":["Power Through","Pummel","Flame Barrier"],"picked":"SKIP","floor":14.0},{"not_picked":["Carnage","Wild Strike","Sword Boomerang+1"],"picked":"SKIP","floor":18.0},{"not_picked":["Carnage","Wild Strike"],"picked":"Sword Boomerang+1","floor":18.0},{"not_picked":["Heavy Blade","Warcry","Perfected Strike"],"picked":"SKIP","floor":20.0},{"not_picked":["Heavy Blade","Warcry","Perfected Strike"],"picked":"SKIP","floor":20.0},{"not_picked":["Wild Strike","Armaments+1"],"picked":"Shrug It Off","floor":21.0},{"not_picked":["Body Slam","Pommel Strike","Whirlwind+1"],"picked":"Singing Bowl","floor":23.0},{"not_picked":["Headbutt","Disarm","Perfected Strike"],"picked":"Singing Bowl","floor":25.0},{"not_picked":["Juggernaut","Bloodletting"],"picked":"True Grit","floor":29.0},{"not_picked":["Rupture","Thunderclap+1","Feel No Pain"],"picked":"Singing Bowl","floor":30},{"not_picked":["Reaper","Double Tap"],"picked":"Limit Break","floor":33},{"not_picked":["Clash","Warcry+1"],"picked":"Heavy Blade+1","floor":35},{"not_picked":["Pommel Strike+1","Sentinel","Thunderclap"],"picked":"Singing Bowl","floor":37},{"not_picked":["Dropkick","Clothesline+1","Searing Blow+1"],"picked":"Singing Bowl","floor":40},{"not_picked":["Heavy Blade+1","Dropkick+1","Body Slam+1"],"picked":"Singing Bowl","floor":42},{"not_picked":["Warcry","Infernal Blade"],"picked":"Rage+1","floor":45},{"not_picked":["Feed","Anger","Warcry"],"picked":"Singing Bowl","floor":46},{"not_picked":["Pommel Strike","True Grit"],"picked":"Burning Pact","floor":47},{"not_picked":["Pummel","Havoc","Rage"],"picked":"Singing Bowl","floor":54}],"player_experience":1378446,"relics_obtained":[{"floor":7.0,"key":"Potion Belt"},{"floor":9.0,"key":"Blood Vial"},{"floor":19.0,"key":"Necronomicon"},{"floor":23.0,"key":"Regal Pillow"},{"floor":25.0,"key":"Bronze Scales"},{"floor":26.0,"key":"Bottled Lightning"},{"floor":30,"key":"Lantern"},{"floor":40,"key":"Bottled Tornado"},{"floor":43,"key":"Blue Candle"},{"floor":46,"key":"Calipers"},{"floor":47,"key":"Magic Flower"},{"floor":54,"key":"Strawberry"}],"event_choices":[{"damage_healed":0.0,"max_hp_gain":0.0,"max_hp_loss":0.0,"gold_gain":0.0,"event_name":"The Cleric","player_choice":"Leave","floor":4.0,"gold_loss":0.0,"damage_taken":0.0},{"cards_removed":["Strike_R"],"damage_healed":0.0,"max_hp_gain":0.0,"max_hp_loss":0.0,"gold_gain":0.0,"event_name":"Bonfire Elementals","player_choice":"Offered Basic","floor":8.0,"gold_loss":0.0,"damage_taken":0.0},{"cards_removed":["Strike_R"],"damage_healed":0.0,"max_hp_gain":0.0,"max_hp_loss":0.0,"gold_gain":0.0,"event_name":"Living Wall","player_choice":"Forget","floor":12.0,"gold_loss":0.0,"damage_taken":0.0},{"damage_healed":0.0,"max_hp_gain":0.0,"max_hp_loss":0.0,"gold_gain":0.0,"event_name":"Cursed Tome","player_choice":"Obtained Book","floor":19.0,"gold_loss":0.0,"damage_taken":16.0},{"damage_healed":0.0,"max_hp_gain":0.0,"max_hp_loss":0.0,"gold_gain":0.0,"event_name":"WeMeetAgain","player_choice":"Gave Potion","floor":22.0,"gold_loss":0.0,"damage_taken":0.0,"relics_obtained":["Singing Bowl"]},{"cards_removed":["Dropkick"],"damage_healed":0,"gold_gain":0,"player_choice":"Removed Attack","damage_taken":0,"max_hp_gain":0,"max_hp_loss":0,"event_name":"Falling","floor":38,"gold_loss":0},{"damage_healed":0,"gold_gain":0,"player_choice":"Max HP","damage_taken":0,"max_hp_gain":0,"max_hp_loss":5,"event_name":"Winding Halls","floor":44,"gold_loss":0},{"damage_healed":0,"gold_gain":0,"player_choice":"Fight","damage_taken":0,"max_hp_gain":0,"max_hp_loss":0,"event_name":"Mysterious Sphere","floor":46,"gold_loss":0},{"damage_healed":0,"gold_gain":0,"player_choice":"Fight","damage_taken":0,"max_hp_gain":0,"max_hp_loss":0,"event_name":"MindBloom","floor":47,"gold_loss":0}],"is_beta":true,"boss_relics":[{"not_picked":["Snecko Eye","Lizard Tail"],"picked":"White Beast Statue"},{"not_picked":["Fusion Hammer","Black Blood"],"picked":"Coffee Dripper"}],"items_purged_floors":[2,27,31,48],"is_endless":false,"potions_floor_spawned":[1,3,7,11,16,18,20,21,23,25,29,30,33,35,37,40,42,45,46,47,54],"ascension_level":1}