{"gold_per_floor":[112,112,112,127,127,161,161,193,193,193,39,39,58,68,68,145,145,163,163,198,198,209,209,209],"floor_reached":24,"playtime":1060,"items_purged":["Strike_R"],"score":454,"play_id":"60621c31-e04c-4ef0-be4d-72dc7054504a","local_time":"20190417201753","is_ascension_mode":true,"campfire_choices":[{"data":"Bash","floor":7,"key":"SMITH"},{"data":"Recycle","floor":10,"key":"SMITH"},{"floor":12,"key":"REST"},{"floor":15,"key":"RECALL"},{"data":"Immolate","floor":23,"key":"SMITH"}],"neow_cost":"NONE","seed_source_timestamp":8930892889300,"circlet_count":0,"master_deck":["AscendersBane","Strike_R+1","Strike_R","Defend_R","Defend_R","Defend_R","Defend_R","Bash+1","Armaments+1","Self Repair+1","Recycle+1","Second Wind+1","Defy Death+1","Infernal Blade+1","WeaponsOverheat+1","Immolate+1","Burning Pact+1","Warcry+1","Life Link","Combust"],"special_seed":0,"relics":["NeowsBlessing","Iron Core","Toxic Egg 2","Strawberry","Quantum Egg","Runic Pyramid","Red Mask"],"potions_floor_usage":[16,18,24],"damage_taken":[{"damage":0.0,"enemies":"Jaw Worm","floor":1.0,"turns":1.0},{"damage":0,"enemies":"Small Slimes","floor":4,"turns":2},{"damage":0,"enemies":"3 Sentries","floor":6,"turns":2},{"damage":33,"enemies":"Erikyupuro","floor":8,"turns":9},{"damage":7,"enemies":"Cultist","floor":13,"turns":4},{"damage":17,"enemies":"Large Slime","floor":14,"turns":8},{"damage":67,"enemies":"Fading Forest","floor":16,"turns":13},{"damage":24,"enemies":"3 Byrds","floor":18,"turns":5},{"damage":23,"enemies":"Masked Bandits","floor":20,"turns":3},{"damage":8,"enemies":"2 Thieves","floor":22,"turns":3},{"damage":25,"enemies":"Slavers","floor":24,"turns":3}],"seed_played":"-163500013186909727","potions_obtained":[{"floor":4,"key":"SpeedPotion"},{"floor":13,"key":"Elixir"},{"floor":16,"key":"Adrenaline Potion"},{"floor":20,"key":"Strength Potion"}],"is_trial":false,"path_per_floor":["M","?","?","M","?","E","R","E","T","R","$","R","M","M","R","B",null,"M","?","?","?","M","R","E"],"character_chosen":"IRONCLAD","items_purchased":["Defy Death+1"],"campfire_rested":1,"item_purchase_floors":[11],"current_hp_per_floor":[74,74,74,74,51,61,61,45,45,45,45,69,72,65,65,38,71,57,57,44,44,36,36,11],"gold":209,"neow_bonus":"THREE_ENEMY_KILL","is_prod":false,"is_daily":false,"chose_seed":false,"campfire_upgraded":3,"win_rate":0,"timestamp":1555503473,"path_taken":["M","?","?","M","?","E","R","E","T","R","$","R","?","?","R","BOSS","M","?","?","?","M","R","E"],"build_version":"2019-01-23","purchased_purges":1,"victory":false,"max_hp_per_floor":[75,75,75,75,75,75,75,82,82,82,82,82,82,82,82,82,82,82,82,82,82,82,82,82],"card_choices":[{"not_picked":["Flex","Wild Strike"],"picked":"Armaments","floor":1.0},{"not_picked":["ReplayTheSpireMod:System Scan","Sword Boomerang"],"picked":"Recycle","floor":4},{"not_picked":["ReplayTheSpireMod:Strike From Hell","Clash"],"picked":"Second Wind","floor":6},{"not_picked":["Massacre","ReplayTheSpireMod:System Scan+1","ReplayTheSpireMod:Strike From Hell"],"picked":"SKIP","floor":8},{"not_picked":["Replay:Undeath\u0027s Touch","Bloodletting+1"],"picked":"Infernal Blade+1","floor":13},{"not_picked":["Anger","Hemokinesis"],"picked":"WeaponsOverheat+1","floor":14},{"not_picked":["Firewall+1","Feed"],"picked":"Immolate","floor":16},{"not_picked":["Replay:Undeath\u0027s Touch","True Grit+1"],"picked":"Burning Pact+1","floor":18},{"not_picked":["Havoc+1","Headbutt"],"picked":"Warcry+1","floor":20},{"not_picked":["Infernal Blade+1","Run Through","Thunderclap+1"],"picked":"SKIP","floor":22},{"not_picked":["Infernal Blade+1","Run Through","Thunderclap+1"],"picked":"SKIP","floor":22}],"player_experience":2997332,"relics_obtained":[{"floor":6,"key":"Toxic Egg 2"},{"floor":8,"key":"Strawberry"},{"floor":9,"key":"Quantum Egg"},{"floor":20,"key":"Red Mask"}],"event_choices":[{"damage_healed":0,"gold_gain":0,"player_choice":"Ignored","damage_taken":0,"max_hp_gain":0,"max_hp_loss":0,"event_name":"Liars Game","floor":3,"gold_loss":0},{"damage_healed":0,"gold_gain":0,"player_choice":"Entered Light","damage_taken":23,"max_hp_gain":0,"max_hp_loss":0,"event_name":"Shining Light","floor":5,"gold_loss":0,"cards_upgraded":["Armaments","Strike_R"]},{"damage_healed":0,"gold_gain":0,"player_choice":"Ignored","damage_taken":0,"max_hp_gain":0,"max_hp_loss":0,"event_name":"Vampires","floor":19,"gold_loss":0},{"damage_healed":0,"gold_gain":0,"player_choice":"Fought Bandits","damage_taken":0,"max_hp_gain":0,"max_hp_loss":0,"event_name":"Masked Bandits","floor":20,"gold_loss":0},{"damage_healed":0,"gold_gain":0,"cards_transformed":["Strike_R","Strike_R"],"player_choice":"Became Test Subject","damage_taken":0,"max_hp_gain":0,"max_hp_loss":0,"event_name":"Drug Dealer","floor":21,"gold_loss":0,"cards_obtained":["Life Link","Combust"]}],"is_beta":false,"boss_relics":[{"not_picked":["Lizard Tail","Snecko Heart"],"picked":"Runic Pyramid"}],"items_purged_floors":[11],"is_endless":false,"potions_floor_spawned":[4,13,16,20],"killed_by":"Slavers","ascension_level":20}