{"gold_per_floor":[99,24,24,24,24,24,24,24,24,24,24,24,24,0,0,0,0,0,0,0,0,0,0,0,0,0,0,0,0,0,0,0,0,0,0,0,0,0,0,0,0,0,0,0,0,0,0,0,0,0,0,0,0,0,0,0],"floor_reached":57,"playtime":3994,"items_purged":["Strike_G"],"score":3934,"play_id":"6a610b63-dd6c-4483-b444-7188ce40e0c1","local_time":"20181208220314","is_ascension_mode":true,"campfire_choices":[{"data":"Skewer","floor":6.0,"key":"SMITH"},{"data":"Masterful Stab","floor":8.0,"key":"SMITH"},{"data":"Acrobatics","floor":15.0,"key":"SMITH"},{"data":"Calculated Gamble","floor":23.0,"key":"SMITH"},{"data":"Tactician","floor":25.0,"key":"SMITH"},{"data":"Footwork","floor":32.0,"key":"SMITH"},{"data":"Reflex","floor":41.0,"key":"SMITH"},{"floor":49.0,"key":"RECALL"},{"data":"Grand Finale","floor":53.0,"key":"SMITH"}],"neow_cost":"NONE","seed_source_timestamp":0,"circlet_count":0,"master_deck":["AscendersBane","Defend_G","Defend_G","Defend_G+1","Defend_G","Defend_G","Strike_G","Survivor","Neutralize","Skewer+1","Neutralize","Masterful Stab+1","Backflip+1","Grand Finale+1","Acrobatics+1","Acrobatics","Calculated Gamble+1","Tactician+1","Footwork+1","After Image","Dodge and Roll+1","Dash+1","Heel Hook+1","Reflex+1"],"special_seed":0,"relics":["Ectoplasm","Bag of Preparation","Pen Nib","War Paint","StoneCalendar","Runic Pyramid","Lantern","Pantograph","Dodecahedron","The Specimen","Astrolabe","Ornamental Fan","Tough Bandages","Calipers","Ninja Scroll"],"potions_floor_usage":[55,56],"damage_taken":[{"damage":0.0,"enemies":"Jaw Worm","floor":1.0,"turns":6.0},{"damage":0.0,"enemies":"Cultist","floor":4.0,"turns":3.0},{"damage":5.0,"enemies":"2 Louse","floor":7.0,"turns":3.0},{"damage":0.0,"enemies":"Red Slaver","floor":10.0,"turns":3.0},{"damage":0.0,"enemies":"Gremlin Nob","floor":11.0,"turns":2.0},{"damage":19.0,"enemies":"3 Sentries","floor":13.0,"turns":9.0},{"damage":3.0,"enemies":"Exordium Thugs","floor":14.0,"turns":4.0},{"damage":16.0,"enemies":"The Guardian","floor":16.0,"turns":8.0},{"damage":0.0,"enemies":"Shell Parasite","floor":18.0,"turns":4.0},{"damage":0.0,"enemies":"3 Byrds","floor":20.0,"turns":3.0},{"damage":0.0,"enemies":"Cultist and Chosen","floor":21.0,"turns":2.0},{"damage":0.0,"enemies":"Chosen and Byrds","floor":22.0,"turns":7.0},{"damage":13.0,"enemies":"Book of Stabbing","floor":24.0,"turns":6.0},{"damage":0.0,"enemies":"Shelled Parasite and Fungi","floor":28.0,"turns":3.0},{"damage":0.0,"enemies":"Snecko","floor":29.0,"turns":4.0},{"damage":9.0,"enemies":"Slavers","floor":30.0,"turns":5.0},{"damage":0.0,"enemies":"Automaton","floor":33.0,"turns":7.0},{"damage":0.0,"enemies":"Orb Walker","floor":35.0,"turns":3.0},{"damage":0.0,"enemies":"3 Darklings","floor":37.0,"turns":3.0},{"damage":4.0,"enemies":"Writhing Mass","floor":38.0,"turns":4.0},{"damage":0.0,"enemies":"Jaw Worm Horde","floor":39.0,"turns":4.0},{"damage":0.0,"enemies":"Nemesis","floor":40.0,"turns":5.0},{"damage":1.0,"enemies":"Transient","floor":45.0,"turns":6.0},{"damage":0.0,"enemies":"Giant Head","floor":47.0,"turns":8.0},{"damage":0.0,"enemies":"Donu and Deca","floor":50.0,"turns":10.0},{"damage":0.0,"enemies":"Time Eater","floor":51.0,"turns":9.0},{"damage":0,"enemies":"Shield and Spear","floor":55,"turns":9},{"damage":28,"enemies":"The Heart","floor":56,"turns":14}],"seed_played":"8847830411017173879","potions_obtained":[{"floor":11.0,"key":"Fire Potion"},{"floor":14.0,"key":"GhostInAJar"},{"floor":18.0,"key":"Fire Potion"},{"floor":28.0,"key":"Weak Potion"},{"floor":33.0,"key":"Weak Potion"},{"floor":35.0,"key":"FearPotion"},{"floor":40.0,"key":"Poison Potion"}],"is_trial":false,"path_per_floor":["M","$","?","M","?","R","M","R","T","M","E","?","E","M","R","B",null,"M","$","M","M","M","R","E","R","T","T","M","M","E","?","R","B",null,"M","$","M","M","M","E","R","?","T","$","M","?","E","T","R","B","B",null,"R","$","E","B",null],"character_chosen":"THE_SILENT","items_purchased":[],"campfire_rested":0,"item_purchase_floors":[],"current_hp_per_floor":[59,59,48,48,48,48,43,43,43,43,43,43,24,21,21,5,51,51,51,51,51,51,51,38,38,38,38,38,38,29,29,29,54,63,63,63,63,59,59,59,59,59,59,59,58,58,58,58,58,66,66,66,66,66,66,38],"gold":0,"neow_bonus":"BOSS_RELIC","is_prod":false,"is_daily":false,"chose_seed":false,"campfire_upgraded":8,"win_rate":0,"timestamp":1544277794,"path_taken":["M","$","?","M","?","R","M","R","T","?","E","?","E","M","R","BOSS","M","?","M","M","M","R","E","R","T","?","M","?","E","?","R","BOSS","M","?","?","M","M","E","R","?","T","$","?","?","E","?","R","BOSS","BOSS","R","$","E","BOSS"],"build_version":"2018-12-06","purchased_purges":1,"victory":true,"max_hp_per_floor":[66,66,66,66,66,66,66,66,66,66,66,66,66,66,66,66,66,66,66,66,66,66,66,66,66,66,66,66,66,66,66,66,66,66,66,66,66,66,66,66,66,66,66,66,66,66,66,66,66,66,66,66,66,66,66,66],"card_choices":[{"not_picked":["Deflect","PiercingWail"],"picked":"Skewer","floor":1.0},{"not_picked":["Blade Dance","Dodge and Roll"],"picked":"After Image","floor":4.0},{"not_picked":["Poisoned Stab","Prepared"],"picked":"Backflip","floor":7.0},{"not_picked":["PiercingWail","Escape Plan"],"picked":"Grand Finale","floor":10.0},{"not_picked":["Die Die Die","Caltrops","Heel Hook"],"picked":"SKIP","floor":11.0},{"not_picked":["Endless Agony","Deadly Poison","Dodge and Roll"],"picked":"SKIP","floor":13.0},{"not_picked":["Sucker Punch","Dodge and Roll"],"picked":"Acrobatics","floor":14.0},{"not_picked":["Quick Slash","Outmaneuver"],"picked":"Acrobatics","floor":18.0},{"not_picked":["Dodge and Roll+1","Acrobatics"],"picked":"Calculated Gamble","floor":20.0},{"not_picked":["Deadly Poison","Crippling Poison"],"picked":"Tactician","floor":21.0},{"not_picked":["Poisoned Stab+1","Dagger Throw","Quick Slash"],"picked":"SKIP","floor":22.0},{"not_picked":["Outmaneuver","Endless Agony"],"picked":"Footwork","floor":24.0},{"not_picked":["Deflect","Reflex"],"picked":"After Image","floor":28.0},{"not_picked":["Noxious Fumes","Bane","Backflip"],"picked":"SKIP","floor":29.0},{"not_picked":["Noxious Fumes","Bane","Backflip"],"picked":"SKIP","floor":29.0},{"not_picked":["Deflect","Flying Knee","Heel Hook"],"picked":"SKIP","floor":30.0},{"not_picked":["Slice","Flying Knee"],"picked":"Reflex","floor":35.0},{"not_picked":["Deflect","Underhanded Strike+1","Flechettes"],"picked":"SKIP","floor":37.0},{"not_picked":["Outmaneuver+1","Blade Dance","Cloak And Dagger"],"picked":"SKIP","floor":38.0},{"not_picked":["Tools of the Trade","Well Laid Plans+1","Skewer+1"],"picked":"SKIP","floor":39.0},{"not_picked":["Accuracy+1","Deflect","Deadly Poison"],"picked":"SKIP","floor":40.0},{"not_picked":["Flechettes","Tactician","Dash+1"],"picked":"SKIP","floor":45.0},{"not_picked":["Deadly Poison","Masterful Stab","Sucker Punch"],"picked":"SKIP","floor":47.0},{"not_picked":["Dash","All Out Attack","Backstab+1"],"picked":"SKIP","floor":55}],"player_experience":2321270,"relics_obtained":[{"floor":9.0,"key":"Pen Nib"},{"floor":11.0,"key":"War Paint"},{"floor":13.0,"key":"StoneCalendar"},{"floor":24.0,"key":"Lantern"},{"floor":26.0,"key":"Pantograph"},{"floor":27.0,"key":"Dodecahedron"},{"floor":30.0,"key":"The Specimen"},{"floor":40.0,"key":"Ornamental Fan"},{"floor":43.0,"key":"Tough Bandages"},{"floor":47.0,"key":"Calipers"},{"floor":55,"key":"Ninja Scroll"}],"event_choices":[{"damage_healed":0.0,"max_hp_gain":0.0,"max_hp_loss":0.0,"gold_gain":0.0,"event_name":"Scrap Ooze","player_choice":"Success","floor":3.0,"gold_loss":0.0,"damage_taken":11.0,"relics_obtained":["Bag of Preparation"]},{"damage_healed":0.0,"max_hp_gain":0.0,"max_hp_loss":0.0,"gold_gain":0.0,"event_name":"Match and Keep!","player_choice":"2 cards matched","floor":5.0,"gold_loss":0.0,"damage_taken":0.0,"cards_obtained":["Neutralize","Masterful Stab"]},{"damage_healed":0.0,"max_hp_gain":0.0,"max_hp_loss":0.0,"gold_gain":50.0,"event_name":"Golden Shrine","player_choice":"Pray","floor":12.0,"gold_loss":0.0,"damage_taken":0.0},{"damage_healed":0.0,"max_hp_gain":0.0,"max_hp_loss":0.0,"gold_gain":50.0,"event_name":"Golden Shrine","player_choice":"Pray","floor":31.0,"gold_loss":0.0,"damage_taken":0.0},{"damage_healed":0.0,"max_hp_gain":0.0,"max_hp_loss":0.0,"gold_gain":0.0,"event_name":"SecretPortal","player_choice":"Ignored","floor":42.0,"gold_loss":0.0,"damage_taken":0.0},{"cards_removed":["After Image"],"damage_healed":0.0,"max_hp_gain":0.0,"max_hp_loss":0.0,"gold_gain":0.0,"event_name":"Falling","player_choice":"Removed Power","floor":46.0,"gold_loss":0.0,"damage_taken":0.0}],"is_beta":false,"boss_relics":[{"not_picked":["Busted Crown","WristBlade"],"picked":"Runic Pyramid"},{"not_picked":["Black Star","Lizard Tail"],"picked":"Astrolabe"}],"items_purged_floors":[2],"is_endless":false,"potions_floor_spawned":[11,14,18,22,28,29,33,35,38,40,47],"ascension_level":20}