{"gold_per_floor":[118,168,185,196,209,209,242,254,310,310,235,261,274,274],"floor_reached":14,"playtime":603,"items_purged":[],"score":229,"play_id":"616b12c6-45e9-4cb9-842f-e5e76b21dfbf","local_time":"20181101173621","is_ascension_mode":true,"campfire_choices":[{"floor":6.0,"key":"REST"}],"neow_cost":"NONE","seed_source_timestamp":23627663370752,"circlet_count":0,"master_deck":["Strike_R","Strike_R","Strike_R","Strike_R","Defend_R","Defend_R","Defend_R","Defend_R","Bash","AscendersBane","Feed+1","Headbutt","Havoc","Feel No Pain","Shrug It Off","Disarm"],"special_seed":0,"relics":["Burning Blood","Singing Bowl","Tiny Chest","Blood Vial"],"potions_floor_usage":[],"damage_taken":[{"damage":28.0,"enemies":"Jaw Worm","floor":1.0,"turns":7.0},{"damage":6.0,"enemies":"Cultist","floor":3.0,"turns":3.0},{"damage":7.0,"enemies":"2 Louse","floor":4.0,"turns":3.0},{"damage":28.0,"enemies":"Lots of Slimes","floor":5.0,"turns":7.0},{"damage":10.0,"enemies":"3 Sentries","floor":7.0,"turns":15.0},{"damage":11.0,"enemies":"Blue Slaver","floor":8.0,"turns":5.0},{"damage":52.0,"enemies":"Gremlin Nob","floor":12.0,"turns":5.0},{"damage":24.0,"enemies":"Red Slaver","floor":13.0,"turns":6.0},{"damage":28,"enemies":"Large Slime","floor":14,"turns":5}],"seed_played":"-863066065098457975","potions_obtained":[{"floor":1.0,"key":"SpeedPotion"},{"floor":3.0,"key":"Strength Potion"},{"floor":7.0,"key":"BloodPotion"}],"is_trial":false,"path_per_floor":["M","?","M","M","M","R","E","M","T","?","?","E","M"],"character_chosen":"IRONCLAD","items_purchased":[],"campfire_rested":1,"item_purchase_floors":[],"current_hp_per_floor":[49,49,52,54,35,61,62,60,60,60,60,16,15,0],"gold":274,"neow_bonus":"ONE_RANDOM_RARE_CARD","is_prod":false,"is_daily":false,"chose_seed":false,"campfire_upgraded":0,"win_rate":0,"timestamp":1541118981,"path_taken":["M","?","M","M","M","R","E","?","T","?","?","E","M","M"],"build_version":"2018-10-25v2","purchased_purges":0,"victory":false,"max_hp_per_floor":[78,78,81,84,87,87,92,95,95,95,95,97,103,103],"card_choices":[{"not_picked":["Corruption","Infernal Blade"],"picked":"Headbutt","floor":1.0},{"not_picked":["Metallicize","Clash"],"picked":"Havoc","floor":3.0},{"not_picked":["Inflame","Warcry"],"picked":"Feel No Pain","floor":4.0},{"not_picked":["Iron Wave","Pommel Strike"],"picked":"Shrug It Off","floor":5.0},{"not_picked":["Entrench","Havoc","Thunderclap"],"picked":"Singing Bowl","floor":7.0},{"not_picked":["Infernal Blade","Flex"],"picked":"Disarm","floor":8.0},{"not_picked":["Thunderclap","Ghostly Armor","Sword Boomerang"],"picked":"Singing Bowl","floor":12.0},{"not_picked":["Clash","Heavy Blade","Second Wind"],"picked":"Singing Bowl","floor":13.0}],"player_experience":1549593,"relics_obtained":[{"floor":7.0,"key":"Singing Bowl"},{"floor":9.0,"key":"Tiny Chest"},{"floor":12.0,"key":"Blood Vial"}],"event_choices":[{"damage_healed":0.0,"max_hp_gain":0.0,"max_hp_loss":0.0,"gold_gain":100.0,"event_name":"Golden Shrine","player_choice":"Pray","floor":2.0,"gold_loss":0.0,"damage_taken":0.0},{"damage_healed":0.0,"max_hp_gain":0.0,"max_hp_loss":0.0,"gold_gain":0.0,"event_name":"Upgrade Shrine","player_choice":"Upgraded","floor":10.0,"gold_loss":0.0,"damage_taken":0.0,"cards_upgraded":["Feed"]},{"cards_removed":["Strike_R"],"damage_healed":0.0,"max_hp_gain":0.0,"max_hp_loss":0.0,"gold_gain":0.0,"event_name":"The Cleric","player_choice":"Card Removal","floor":11.0,"gold_loss":75.0,"damage_taken":0.0}],"is_beta":false,"boss_relics":[],"items_purged_floors":[],"is_endless":false,"potions_floor_spawned":[1,3,7],"killed_by":"Large Slime","ascension_level":20}