{"gold_per_floor":[118,134,144,144,157,157,157,14,14,14,8,25,43,76,76,76],"floor_reached":16,"playtime":564,"items_purged":["Regret"],"score":204,"play_id":"1ed861b3-55ac-4417-9331-36b9ff285f83","local_time":"20190417233742","is_ascension_mode":true,"campfire_choices":[{"data":"Flechettes","floor":6,"key":"SMITH"},{"floor":10,"key":"REST"}],"neow_cost":"NONE","seed_source_timestamp":21410147782900,"circlet_count":0,"master_deck":["AscendersBane","Defend_G","Defend_G","Defend_G","Defend_G","Defend_G","Strike_G","Strike_G","Strike_G","Strike_G","Survivor","Neutralize","Catalyst","Leg Sweep","Flechettes+1","Finisher","Footwork+1","Footwork","Languid","Poison Darts"],"special_seed":0,"relics":["Ring of the Snake","NeowsBlessing","Shuriken","Replay:Mystery Machine","ReplayTheSpireMod:CursedCoin","WingedGreaves"],"potions_floor_usage":[5,14,14],"damage_taken":[{"damage":0.0,"enemies":"Jaw Worm","floor":1.0,"turns":1.0},{"damage":0.0,"enemies":"Small Slimes","floor":2.0,"turns":1.0},{"damage":0.0,"enemies":"Cultist","floor":3.0,"turns":1.0},{"damage":31,"enemies":"Gremlin Gang","floor":5,"turns":7},{"damage":0,"enemies":"Looter","floor":12,"turns":4},{"damage":6,"enemies":"Blue Slaver","floor":13,"turns":7},{"damage":24,"enemies":"Gremlin Nob","floor":14,"turns":5},{"damage":33,"enemies":"Fading Forest","floor":16,"turns":8}],"seed_played":"3704998240922631636","potions_obtained":[{"floor":1.0,"key":"PowerPotion"},{"floor":2.0,"key":"FearPotion"},{"floor":14,"key":"Ancient Potion"}],"is_trial":false,"path_per_floor":["M","M","M","?","M","R","?","$","T","R","$","M","M","E","R","B"],"character_chosen":"THE_SILENT","items_purchased":["Finisher","Footwork","ReplayTheSpireMod:CursedCoin","GhostInAJar"],"campfire_rested":1,"item_purchase_floors":[8,8,11,11],"current_hp_per_floor":[59,59,59,59,28,28,21,21,21,40,40,40,34,10,29,4],"gold":76,"neow_bonus":"THREE_ENEMY_KILL","is_prod":false,"is_daily":false,"chose_seed":false,"campfire_upgraded":1,"win_rate":0,"timestamp":1555515462,"path_taken":["M","M","M","?","M","R","?","$","T","R","?","M","?","E","R","BOSS"],"build_version":"2019-01-23","purchased_purges":1,"victory":false,"max_hp_per_floor":[66,66,66,66,66,66,66,66,66,66,66,66,66,66,66,66],"card_choices":[{"not_picked":["ReplayTheSpireMod:Scrap Shanks","Leg Sweep"],"picked":"Catalyst","floor":1.0},{"not_picked":["Acrobatics","Backflip"],"picked":"Leg Sweep","floor":2.0},{"not_picked":["Bane","Deflect"],"picked":"Flechettes","floor":3.0},{"not_picked":["Deadly Poison","Dodge and Roll","Riddle With Holes"],"picked":"SKIP","floor":5},{"not_picked":["Deadly Poison","Dodge and Roll","Riddle With Holes"],"picked":"SKIP","floor":5},{"not_picked":["Deadly Poison","Dodge and Roll","Riddle With Holes"],"picked":"SKIP","floor":5},{"not_picked":["ReplayTheSpireMod:Speed Training","Flying Knee","All Out Attack"],"picked":"SKIP","floor":12},{"not_picked":["Deflect","Sucker Punch","Acrobatics"],"picked":"SKIP","floor":13},{"not_picked":["Prepared","ReplayTheSpireMod:Exploit Weakness"],"picked":"Poison Darts","floor":14}],"player_experience":3004640,"relics_obtained":[{"floor":9,"key":"Replay:Mystery Machine"},{"floor":14,"key":"WingedGreaves"}],"event_choices":[{"damage_healed":0.0,"max_hp_gain":0.0,"max_hp_loss":0.0,"gold_gain":0.0,"event_name":"Big Fish","player_choice":"Box","floor":4.0,"gold_loss":0.0,"damage_taken":0.0,"relics_obtained":["Shuriken"],"cards_obtained":["Regret"]},{"cards_removed":["Strike_G"],"damage_healed":0,"gold_gain":0,"player_choice":"Card Removal","damage_taken":7,"max_hp_gain":0,"max_hp_loss":0,"event_name":"Golden Wing","floor":7,"gold_loss":0}],"is_beta":false,"boss_relics":[],"items_purged_floors":[11],"is_endless":false,"potions_floor_spawned":[1,2,12,14],"killed_by":"Fading Forest","ascension_level":20}