{"gold_per_floor":[115,115,115,125,46,46,78,78,78,104,134,165,185,254,254,328,328,340,355,355,370,403,432,432,463,486,515,545,574,574,361,361,435,435,448,448,468,468,448,481,481,511,511,21,51,51,86,101,101,101,101],"floor_reached":52,"playtime":2155,"items_purged":[],"score":2991,"play_id":"f7ed049f-6583-41a3-9ac5-625a37479cad","local_time":"20181227123326","daily_mods":["SealedDeck","DeadlyEvents"],"is_ascension_mode":true,"campfire_choices":[{"data":"Capacitor","floor":6.0,"key":"SMITH"},{"data":"Steam","floor":8.0,"key":"SMITH"},{"data":"Genetic Algorithm","floor":15.0,"key":"SMITH"},{"data":"Electrodynamics","floor":24,"key":"SMITH"},{"data":"Defragment","floor":30,"key":"SMITH"},{"data":"Biased Cognition","floor":32,"key":"SMITH"},{"data":"Capacitor","floor":41,"key":"SMITH"},{"data":"Reinforced Body","floor":46,"key":"SMITH"},{"data":"Echo Form","floor":49,"key":"SMITH"}],"neow_cost":"","seed_source_timestamp":13332073566936,"circlet_count":0,"master_deck":["AscendersBane","Ball Lightning","Sweeping Beam","Cold Snap","BootSequence","Ball Lightning","Go for the Eyes+1","Steam+1","Compile Driver","Cold Snap","Ball Lightning","Auto Shields","Reinforced Body+1","Capacitor+1","Genetic Algorithm+1","FTL","Electrodynamics+1","Biased Cognition+1","Defragment+1","Defragment+1","Echo Form+1","Capacitor+1"],"special_seed":0,"relics":["FrozenCore","Strawberry","Cables","Kunai","Smiling Mask","Calipers","Letter Opener","Sozu","FossilizedHelix","Orichalcum","Sundial","Pen Nib","Matryoshka","Anchor","Bag of Marbles","DollysMirror","Turnip","PreservedInsect","Potion Belt","Ornamental Fan","Pantograph","Chemical X","Vajra","Bag of Preparation"],"potions_floor_usage":[51],"damage_taken":[{"damage":0.0,"enemies":"Cultist","floor":1.0,"turns":2.0},{"damage":0.0,"enemies":"2 Louse","floor":4.0,"turns":2.0},{"damage":1.0,"enemies":"3 Sentries","floor":7.0,"turns":6.0},{"damage":0.0,"enemies":"Gremlin Nob","floor":10.0,"turns":3.0},{"damage":5.0,"enemies":"Lagavulin","floor":11.0,"turns":6.0},{"damage":0.0,"enemies":"Gremlin Nob","floor":12.0,"turns":3.0},{"damage":0.0,"enemies":"Jaw Worm","floor":13.0,"turns":2.0},{"damage":0.0,"enemies":"Slime Boss","floor":16.0,"turns":9.0},{"damage":17.0,"enemies":"Chosen","floor":18.0,"turns":4.0},{"damage":0.0,"enemies":"Spheric Guardian","floor":19.0,"turns":3.0},{"damage":0,"enemies":"3 Cultists","floor":21,"turns":2},{"damage":0,"enemies":"Gremlin Leader","floor":22,"turns":5},{"damage":10,"enemies":"Slavers","floor":23,"turns":3},{"damage":0,"enemies":"Gremlin Leader","floor":25,"turns":6},{"damage":14,"enemies":"Book of Stabbing","floor":27,"turns":4},{"damage":0,"enemies":"Slavers","floor":28,"turns":2},{"damage":0,"enemies":"Book of Stabbing","floor":29,"turns":4},{"damage":5,"enemies":"Collector","floor":33,"turns":6},{"damage":0,"enemies":"3 Darklings","floor":35,"turns":3},{"damage":0,"enemies":"3 Shapes","floor":37,"turns":2},{"damage":7,"enemies":"Nemesis","floor":40,"turns":7},{"damage":0,"enemies":"Giant Head","floor":42,"turns":8},{"damage":7,"enemies":"Nemesis","floor":45,"turns":5},{"damage":0,"enemies":"Reptomancer","floor":47,"turns":4},{"damage":25,"enemies":"3 Darklings","floor":48,"turns":3},{"damage":0,"enemies":"Time Eater","floor":50,"turns":10},{"damage":0,"enemies":"Awakened One","floor":51,"turns":15}],"seed_played":"2171513551303300413","potions_obtained":[{"floor":1.0,"key":"Block Potion"},{"floor":7.0,"key":"Regen Potion"},{"floor":11.0,"key":"FearPotion"},{"floor":12.0,"key":"FocusPotion"}],"is_trial":true,"path_per_floor":["M","?","?","M","$","R","E","R","T","E","E","E","M","T","R","B",null,"M","M","?","M","E","E","R","E","T","E","E","E","R","$","R","B",null,"M","$","M","?","?","E","R","E","T","$","E","R","E","M","R","B","B",null],"character_chosen":"DEFECT","items_purchased":["Capacitor","DollysMirror","Pantograph","Chemical X"],"campfire_rested":0,"item_purchase_floors":[5,31,44,44],"current_hp_per_floor":[64,64,64,64,64,64,70,70,70,70,65,65,65,65,65,65,75,58,58,74,74,74,64,64,64,64,50,50,50,50,50,50,45,70,70,70,70,70,70,63,63,63,63,63,56,56,56,31,31,56,74],"gold":101,"neow_bonus":"","is_prod":false,"is_daily":false,"chose_seed":false,"campfire_upgraded":9,"win_rate":0,"timestamp":1545942806,"path_taken":["M","?","?","M","?","R","E","R","T","E","?","E","?","?","R","BOSS","M","M","?","?","?","E","R","E","T","?","?","E","R","$","R","BOSS","M","$","?","?","?","E","R","E","T","$","?","R","E","M","R","BOSS","BOSS"],"build_version":"2018-12-20","purchased_purges":0,"victory":true,"max_hp_per_floor":[71,71,71,71,71,71,78,78,78,78,78,78,78,78,78,78,78,78,78,78,78,78,78,78,78,78,78,78,78,78,78,78,78,78,78,78,78,74,74,74,74,74,74,74,74,74,74,74,74,74,74],"card_choices":[{"not_picked":["Hologram","Coolheaded"],"picked":"Auto Shields","floor":1.0},{"not_picked":["Redo","Beam Cell"],"picked":"Reinforced Body","floor":4.0},{"not_picked":["Ball Lightning","Stack","Rip and Tear"],"picked":"SKIP","floor":7.0},{"not_picked":["Beam Cell","Conserve Battery","Hologram"],"picked":"SKIP","floor":10.0},{"not_picked":["Gash","Streamline"],"picked":"Genetic Algorithm","floor":11.0},{"not_picked":["Melter","Sunder","FTL"],"picked":"SKIP","floor":12.0},{"not_picked":["Melter","Sunder"],"picked":"FTL","floor":12.0},{"not_picked":["Sweeping Beam","FTL","Auto Shields"],"picked":"SKIP","floor":13.0},{"not_picked":["Buffer","Amplify"],"picked":"Electrodynamics","floor":16.0},{"not_picked":["Gash+1","Cold Snap+1","Barrage"],"picked":"SKIP","floor":18.0},{"not_picked":["Ball Lightning","Doom and Gloom","Force Field"],"picked":"SKIP","floor":19.0},{"not_picked":["Sunder","Sweeping Beam","Stack"],"picked":"SKIP","floor":21},{"not_picked":["Beam Cell","Barrage","Streamline+1"],"picked":"SKIP","floor":22},{"not_picked":["Beam Cell","Tempest","Skim"],"picked":"SKIP","floor":23},{"not_picked":["Undo","Consume"],"picked":"Biased Cognition","floor":25},{"not_picked":["Steam","Turbo","Heatsinks"],"picked":"SKIP","floor":27},{"not_picked":["Barrage","Reprogram","FTL"],"picked":"SKIP","floor":28},{"not_picked":["Hologram","Chaos"],"picked":"Defragment","floor":29},{"not_picked":["Buffer","Thunder Strike"],"picked":"Echo Form","floor":33},{"not_picked":["Steam Power+1","Genetic Algorithm","Doom and Gloom"],"picked":"SKIP","floor":35},{"not_picked":["Cold Snap+1","Doom and Gloom+1","Compile Driver+1"],"picked":"SKIP","floor":37},{"not_picked":["FTL","Tempest"],"picked":"Capacitor","floor":40},{"not_picked":["Genetic Algorithm","Capacitor","Double Energy"],"picked":"SKIP","floor":42},{"not_picked":["Loop","Rebound+1","Amplify"],"picked":"SKIP","floor":45},{"not_picked":["Tempest+1","Conserve Battery","Force Field"],"picked":"SKIP","floor":47},{"not_picked":["Go for the Eyes","Self Repair+1","White Noise"],"picked":"SKIP","floor":48}],"player_experience":1889648,"relics_obtained":[{"floor":7.0,"key":"Strawberry"},{"floor":9.0,"key":"Cables"},{"floor":10.0,"key":"Kunai"},{"floor":11.0,"key":"Smiling Mask"},{"floor":12.0,"key":"Calipers"},{"floor":14.0,"key":"Letter Opener"},{"floor":22,"key":"FossilizedHelix"},{"floor":23,"key":"Orichalcum"},{"floor":25,"key":"Sundial"},{"floor":26,"key":"Pen Nib"},{"floor":27,"key":"Matryoshka"},{"floor":28,"key":"Anchor"},{"floor":29,"key":"Bag of Marbles"},{"floor":40,"key":"Turnip"},{"floor":42,"key":"PreservedInsect"},{"floor":43,"key":"Potion Belt"},{"floor":43,"key":"Ornamental Fan"},{"floor":45,"key":"Vajra"},{"floor":47,"key":"Bag of Preparation"}],"event_choices":[{"damage_healed":0.0,"max_hp_gain":0.0,"max_hp_loss":0.0,"gold_gain":0.0,"event_name":"Golden Wing","player_choice":"Ignored","floor":2.0,"gold_loss":0.0,"damage_taken":0.0},{"damage_healed":0.0,"max_hp_gain":0.0,"max_hp_loss":0.0,"gold_gain":0.0,"event_name":"Living Wall","player_choice":"Grow","floor":3.0,"gold_loss":0.0,"damage_taken":0.0,"cards_upgraded":["Go for the Eyes"]},{"damage_healed":16,"gold_gain":0,"player_choice":"Heal","damage_taken":0,"max_hp_gain":0,"max_hp_loss":0,"event_name":"The Library","floor":20,"gold_loss":0},{"damage_healed":0,"gold_gain":0,"player_choice":"Max HP","damage_taken":0,"max_hp_gain":0,"max_hp_loss":4,"event_name":"Winding Halls","floor":38,"gold_loss":0},{"damage_healed":0,"gold_gain":0,"player_choice":"Bought 1 Potion","damage_taken":0,"max_hp_gain":0,"max_hp_loss":0,"event_name":"The Woman in Blue","floor":39,"gold_loss":0}],"is_beta":false,"boss_relics":[{"not_picked":["Philosopher\u0027s Stone","Fusion Hammer"],"picked":"Sozu"},{"not_picked":["White Beast Statue","Astrolabe"],"picked":"FrozenCore"}],"items_purged_floors":[],"is_endless":false,"potions_floor_spawned":[1,7,11,12,13,21,22,23,29,33,35,42,47],"ascension_level":20}