{"gold_per_floor":[20,20,35,49,69,69,100,100,173,184,184,259,287,131,131,228,228,244,159,177,187,207,207,221,249,249,249,249,276,276,288,288,389,389,401,401,224,224,3,31,31,31,31,46,46,81,98,110,110,110],"floor_reached":51,"playtime":4554,"items_purged":["Strike_G","Strike_G"],"score":1383,"play_id":"121c7a92-20cb-47de-898b-f85bc16bfaa0","local_time":"20180705112720","is_ascension_mode":true,"campfire_choices":[{"data":"Glass Knife","floor":6.0,"key":"SMITH"},{"data":"Neutralize","floor":8.0,"key":"SMITH"},{"data":"Backflip","floor":11.0,"key":"SMITH"},{"data":"Sucker Punch","floor":15.0,"key":"SMITH"},{"floor":23.0,"key":"REST"},{"data":"Backflip","floor":27,"key":"SMITH"},{"floor":30,"key":"REST"},{"floor":32,"key":"REST"},{"floor":42,"key":"REST"},{"floor":49,"key":"REST"}],"neow_cost":"","seed_source_timestamp":9637732675058,"circlet_count":0,"master_deck":["Defend_G","Defend_G","Defend_G","Defend_G","Defend_G","Strike_G","Strike_G","Strike_G","Survivor","Neutralize+1","AscendersBane","Glass Knife+1","Dagger Throw","Backflip+1","Calculated Gamble","Dagger Spray","PiercingWail","Sucker Punch+1","Dash","A Thousand Cuts+1","Leg Sweep","Deflect","Dagger Spray+1","Acrobatics","Backflip+1","Well Laid Plans+1","After Image+1","Cloak And Dagger","Acrobatics","Cloak And Dagger+1","Footwork+1","Writhe","Noxious Fumes+1","Bandage Up","Trip","Prepared+1","Concentrate+1","PiercingWail+1","Skewer+1"],"special_seed":0,"relics":["Ring of the Snake","Ice Cream","Letter Opener","Blood Vial","Cursed Key","Incense Burner","Tough Bandages","Frozen Egg 2","Orrery","Ginger","Snake Skull","Prayer Wheel","Mango"],"potions_floor_usage":[40,46,50,50],"damage_taken":[{"damage":1.0,"enemies":"Small Slimes","floor":1.0,"turns":4.0},{"damage":0.0,"enemies":"2 Louse","floor":3.0,"turns":2.0},{"damage":7.0,"enemies":"Jaw Worm","floor":4.0,"turns":4.0},{"damage":0.0,"enemies":"Red Slaver","floor":5.0,"turns":4.0},{"damage":7.0,"enemies":"Lagavulin","floor":7.0,"turns":5.0},{"damage":1.0,"enemies":"Looter","floor":10.0,"turns":2.0},{"damage":9.0,"enemies":"Gremlin Nob","floor":13.0,"turns":4.0},{"damage":24.0,"enemies":"The Guardian","floor":16.0,"turns":16.0},{"damage":1.0,"enemies":"3 Byrds","floor":18.0,"turns":5.0},{"damage":11.0,"enemies":"Shell Parasite","floor":20.0,"turns":5.0},{"damage":8.0,"enemies":"Centurion and Healer","floor":21.0,"turns":8.0},{"damage":12.0,"enemies":"3 Cultists","floor":22.0,"turns":5.0},{"damage":2.0,"enemies":"Snecko","floor":24.0,"turns":7.0},{"damage":15.0,"enemies":"Book of Stabbing","floor":25.0,"turns":8.0},{"damage":8,"enemies":"Gremlin Leader","floor":29,"turns":6},{"damage":0,"enemies":"Cultist and Chosen","floor":31,"turns":4},{"damage":12,"enemies":"Automaton","floor":33,"turns":14},{"damage":0,"enemies":"3 Darklings","floor":35,"turns":5},{"damage":3,"floor":36,"turns":9},{"damage":18,"enemies":"2 Orb Walkers","floor":40,"turns":5},{"damage":8,"enemies":"3 Shapes","floor":44,"turns":4},{"damage":22,"enemies":"Nemesis","floor":46,"turns":7},{"damage":12,"enemies":"Maw","floor":47,"turns":8},{"damage":0,"enemies":"Sphere and 2 Shapes","floor":48,"turns":6},{"damage":31,"enemies":"Time Eater","floor":50,"turns":13}],"seed_played":"763627220143157691","potions_obtained":[{"floor":1.0,"key":"SkillPotion"},{"floor":3.0,"key":"SteroidPotion"},{"floor":16.0,"key":"FearPotion"},{"floor":18.0,"key":"GhostInAJar"},{"floor":21.0,"key":"FearPotion"},{"floor":22.0,"key":"GhostInAJar"},{"floor":25.0,"key":"SteroidPotion"},{"floor":33,"key":"Strength Potion"},{"floor":40,"key":"Ancient Potion"},{"floor":44,"key":"SkillPotion"}],"is_trial":false,"path_per_floor":["M","?","M","M","M","R","E","R","T","M","R","?","E","$","R","B",null,"M","?","M","M","M","R","M","E","T","R","?","E","R","M","R","B",null,"M","?","$","?","$","E","?","R","T","M","$","E","M","M","R","B"],"character_chosen":"THE_SILENT","items_purchased":["Dash","Footwork+1","Noxious Fumes+1","Snake Skull"],"campfire_rested":5,"item_purchase_floors":[],"current_hp_per_floor":[62,62,62,55,55,55,48,48,48,47,47,36,27,27,27,5,54,55,55,46,40,30,51,51,38,38,38,38,32,53,55,70,58,67,69,67,67,70,70,52,47,68,68,62,62,60,54,60,84,57],"gold":110,"neow_bonus":"","is_prod":false,"is_daily":false,"chose_seed":false,"campfire_upgraded":5,"win_rate":0,"timestamp":1530815240,"path_taken":["M","?","M","M","M","R","E","R","T","M","R","?","E","$","R","BOSS","M","?","M","M","M","R","M","E","T","R","?","E","R","?","R","BOSS","M","?","$","?","?","E","?","R","T","M","?","E","M","M","R","BOSS"],"build_version":"2018-06-28","purchased_purges":2,"victory":true,"max_hp_per_floor":[70,70,70,70,70,70,70,70,70,70,70,70,70,70,70,70,70,70,70,70,70,70,70,70,70,70,70,70,70,70,70,70,70,70,70,70,70,70,70,70,70,70,70,70,70,84,84,84,84,84],"card_choices":[{"not_picked":["Night Terror","A Thousand Cuts"],"picked":"Glass Knife","floor":0.0},{"not_picked":["Blur","Outmaneuver"],"picked":"Dagger Throw","floor":1.0},{"not_picked":["Quick Slash","Riddle With Holes"],"picked":"Backflip","floor":3.0},{"not_picked":["Infinite Blades","Acrobatics"],"picked":"Calculated Gamble","floor":4.0},{"not_picked":["Deadly Poison","Malaise"],"picked":"Dagger Spray","floor":5.0},{"not_picked":["Grand Finale","Underhanded Strike","Dagger Spray"],"picked":"SKIP","floor":7.0},{"not_picked":["Acrobatics","Slice"],"picked":"PiercingWail","floor":10.0},{"not_picked":["Die Die Die","Dodge and Roll"],"picked":"Sucker Punch","floor":13.0},{"not_picked":["Tools of the Trade","Unload"],"picked":"A Thousand Cuts","floor":16.0},{"not_picked":["Flying Knee","Calculated Gamble"],"picked":"Leg Sweep","floor":18.0},{"not_picked":["Distraction","Deadly Poison"],"picked":"Deflect","floor":20.0},{"not_picked":["Catalyst+1","Poisoned Stab"],"picked":"Dagger Spray+1","floor":21.0},{"not_picked":["Bane","Infinite Blades+1"],"picked":"Acrobatics","floor":22.0},{"not_picked":["Deadly Poison","PiercingWail+1"],"picked":"Backflip","floor":24.0},{"not_picked":["Blade Dance","Accuracy","Grand Finale"],"picked":"SKIP","floor":25.0},{"not_picked":["Expertise","Endless Agony+1","Heel Hook"],"picked":"SKIP","floor":29},{"not_picked":["Cloak And Dagger","Sucker Punch"],"picked":"Well Laid Plans+1","floor":31},{"not_picked":["Corpse Explosion","Adrenaline"],"picked":"After Image+1","floor":33},{"not_picked":["Catalyst","Acrobatics"],"picked":"Cloak And Dagger","floor":34},{"not_picked":["Underhanded Strike","Infinite Blades+1"],"picked":"Acrobatics","floor":34},{"not_picked":["Blade Dance","Outmaneuver+1"],"picked":"Cloak And Dagger+1","floor":35},{"not_picked":["Eviscerate","Poisoned Stab+1","Bane+1"],"picked":"SKIP","floor":40},{"not_picked":["Mind Blast","Panacea"],"picked":"Bandage Up","floor":41},{"not_picked":["Deep Breath","Madness"],"picked":"Trip","floor":41},{"not_picked":["Concentrate+1","Poisoned Stab+1"],"picked":"Prepared+1","floor":44},{"not_picked":["Sucker Punch+1","Slice+1","Flying Knee+1"],"picked":"SKIP","floor":44},{"not_picked":["Bane","Outmaneuver"],"picked":"Concentrate+1","floor":46},{"not_picked":["Dagger Spray+1","Poisoned Stab+1"],"picked":"PiercingWail+1","floor":47},{"not_picked":["Accuracy+1","Bane+1","Prepared"],"picked":"SKIP","floor":47},{"not_picked":["Terror+1","Leg Sweep+1"],"picked":"Skewer+1","floor":48},{"not_picked":["Heel Hook+1","Dagger Spray","Choke"],"picked":"SKIP","floor":48}],"player_experience":699906,"relics_obtained":[{"floor":7.0,"key":"Ice Cream"},{"floor":9.0,"key":"Letter Opener"},{"floor":13.0,"key":"Blood Vial"},{"floor":25.0,"key":"Tough Bandages"},{"floor":29,"key":"Frozen Egg 2"},{"floor":36,"key":"Ginger"},{"floor":40,"key":"Prayer Wheel"},{"floor":46,"key":"Mango"}],"event_choices":[{"event_name":"The Cleric","player_choice":"Leave","floor":2.0,"damage_taken":0.0},{"event_name":"World of Goop","player_choice":"Gather Gold","floor":12.0,"damage_taken":0.0},{"event_name":"Addict","player_choice":"Obtained Relic","floor":19.0,"damage_taken":0.0},{"event_name":"Upgrade Shrine","player_choice":"Upgraded","floor":28,"damage_taken":0},{"event_name":"MindBloom","player_choice":"Fight","floor":36,"damage_taken":0},{"event_name":"Winding Halls","player_choice":"Writhe","floor":38,"damage_taken":0},{"event_name":"SensoryStone","player_choice":"Memory 2","floor":41,"damage_taken":0}],"boss_relics":[{"not_picked":["Busted Crown","White Beast Statue"],"picked":"Cursed Key"},{"not_picked":["Philosopher\u0027s Stone","Calling Bell"],"picked":"Orrery"}],"items_purged_floors":[],"is_endless":false,"potions_floor_spawned":[1,3,16,18,21,22,25,31,33,35,36,40,44],"ascension_level":10}