{"gold_per_floor":[11,29,44,62,77,104,121,121,176,190,220,220,254,64,64,168,168,183,83,83,94,94,94,4,38,38,38,64,64,80,99,99,194,194,205,205,253,277,74,101,132,151,151,186,186,213,213,233,233,233,233,233,58,91,91],"floor_reached":56,"playtime":3645,"items_purged":["Defend_B","Defend_B","Conserve Battery"],"score":1587,"play_id":"a216e470-e68f-4cd8-a716-c1698fac8108","local_time":"20190301164443","is_ascension_mode":true,"campfire_choices":[{"data":"Zap","floor":8.0,"key":"SMITH"},{"data":"Consume","floor":15.0,"key":"SMITH"},{"data":"Recycle","floor":23.0,"key":"SMITH"},{"data":"Coolheaded","floor":27.0,"key":"SMITH"},{"data":"Capacitor","floor":32.0,"key":"SMITH"},{"data":"Coolheaded","floor":47,"key":"SMITH"},{"floor":49,"key":"RECALL"},{"data":"Hologram","floor":52,"key":"SMITH"}],"neow_cost":"NO_GOLD","seed_source_timestamp":278817050200,"circlet_count":0,"master_deck":["Zap+1","Dualcast","Self Repair","Self Repair","Cold Snap+1","Coolheaded+1","Rip and Tear+1","Recycle+1","Chill","Multi-Cast","Capacitor+1","Consume+1","All For One+1","Blizzard+1","Steam Power+1","Creative AI+1","Double Energy","Hologram+1","Panacea","Coolheaded+1"],"special_seed":0,"relics":["Cracked Core","Bag of Preparation","Tiny Chest","Gambling Chip","Ancient Tea Set","Astrolabe","Centennial Puzzle","Dodecahedron","Symbiotic Virus","Nuclear Battery","WingedGreaves","ClockworkSouvenir","Boot","StoneCalendar","Pear","Whetstone","Incense Burner","Shuriken","DataDisk"],"potions_floor_usage":[40,40,55,55],"damage_taken":[{"damage":11.0,"enemies":"Small Slimes","floor":1.0,"turns":3.0},{"damage":0.0,"enemies":"Cultist","floor":2.0,"turns":4.0},{"damage":4.0,"enemies":"Jaw Worm","floor":3.0,"turns":3.0},{"damage":9.0,"enemies":"3 Louse","floor":4.0,"turns":5.0},{"damage":3.0,"enemies":"Looter","floor":5.0,"turns":4.0},{"damage":0.0,"enemies":"Lagavulin","floor":6.0,"turns":7.0},{"damage":2.0,"enemies":"Exordium Thugs","floor":7.0,"turns":5.0},{"damage":7.0,"enemies":"Exordium Wildlife","floor":10.0,"turns":5.0},{"damage":29.0,"enemies":"Gremlin Nob","floor":11.0,"turns":4.0},{"damage":0.0,"enemies":"3 Sentries","floor":13.0,"turns":9.0},{"damage":22.0,"enemies":"Hexaghost","floor":16.0,"turns":9.0},{"damage":27.0,"enemies":"3 Byrds","floor":18.0,"turns":3.0},{"damage":0.0,"enemies":"Spheric Guardian","floor":21.0,"turns":4.0},{"damage":0.0,"enemies":"Slavers","floor":25.0,"turns":3.0},{"damage":0.0,"enemies":"Gremlin Leader","floor":28.0,"turns":5.0},{"damage":0.0,"enemies":"Snecko","floor":30.0,"turns":3.0},{"damage":1.0,"enemies":"Centurion and Healer","floor":31.0,"turns":3.0},{"damage":0.0,"enemies":"Automaton","floor":33.0,"turns":6.0},{"damage":4.0,"enemies":"Orb Walker","floor":35.0,"turns":4.0},{"damage":21,"enemies":"2 Orb Walkers","floor":37,"turns":5},{"damage":18,"enemies":"Nemesis","floor":40,"turns":11},{"damage":0,"enemies":"Giant Head","floor":41,"turns":10},{"damage":0,"enemies":"3 Darklings","floor":42,"turns":3},{"damage":6,"enemies":"Reptomancer","floor":44,"turns":7},{"damage":17,"enemies":"Nemesis","floor":46,"turns":7},{"damage":15,"enemies":"Sphere and 2 Shapes","floor":48,"turns":3},{"damage":0,"enemies":"Awakened One","floor":50,"turns":13},{"damage":0,"enemies":"Shield and Spear","floor":54,"turns":3},{"damage":61,"enemies":"The Heart","floor":55,"turns":12}],"seed_played":"4570831193430313773","potions_obtained":[{"floor":3.0,"key":"Strength Potion"},{"floor":4.0,"key":"Weak Potion"},{"floor":7.0,"key":"Explosive Potion"},{"floor":11.0,"key":"GamblersBrew"},{"floor":18.0,"key":"Regen Potion"},{"floor":28.0,"key":"EssenceOfSteel"},{"floor":33.0,"key":"Poison Potion"},{"floor":37,"key":"Dexterity Potion"},{"floor":40,"key":"Weak Potion"},{"floor":46,"key":"Weak Potion"}],"is_trial":false,"path_per_floor":["M","M","M","M","M","E","M","R","T","M","E","?","E","$","R","B",null,"M","$","?","M","?","R","?","E","T","R","E","$","M","M","R","B",null,"M","?","?","T","$","E","E","M","T","E","?","E","R","M","R","B",null,"R","$","E","B",null],"character_chosen":"DEFECT","items_purchased":["Capacitor","Consume","ClockworkSouvenir","Swift Potion"],"campfire_rested":0,"item_purchase_floors":[14,14,39,53],"current_hp_per_floor":[75,75,75,75,75,75,75,75,75,75,60,60,74,74,74,59,75,55,55,55,75,75,75,75,75,75,75,75,75,75,75,75,75,75,75,75,61,61,61,57,71,75,85,85,85,75,75,67,67,67,85,85,85,85,31],"gold":91,"neow_bonus":"TRANSFORM_TWO_CARDS","is_prod":false,"is_daily":false,"chose_seed":false,"campfire_upgraded":7,"win_rate":0,"timestamp":1551429883,"path_taken":["M","M","M","M","M","E","M","R","T","M","E","?","E","?","R","BOSS","M","$","?","M","?","R","?","E","T","R","E","$","?","M","R","BOSS","M","?","?","?","?","E","E","M","T","E","?","E","R","M","R","BOSS","R","$","E","BOSS"],"build_version":"2019-01-23","purchased_purges":3,"victory":true,"max_hp_per_floor":[75,75,75,75,75,75,75,75,75,75,75,75,75,75,75,75,75,75,75,75,75,75,75,75,75,75,75,75,75,75,75,75,75,75,75,75,75,75,75,75,75,75,85,85,85,85,85,85,85,85,85,85,85,85,85],"card_choices":[{"not_picked":["Compile Driver","Steam"],"picked":"Conserve Battery","floor":1.0},{"not_picked":["Sweeping Beam","Hologram"],"picked":"Cold Snap","floor":2.0},{"not_picked":["Steam","Undo","Fusion"],"picked":"SKIP","floor":3.0},{"not_picked":["Redo","Steam"],"picked":"Hello World","floor":4.0},{"not_picked":["Multi-Cast","Cold Snap"],"picked":"Coolheaded","floor":5.0},{"not_picked":["Coolheaded","Force Field"],"picked":"Rip and Tear","floor":6.0},{"not_picked":["Reinforced Body","Gash"],"picked":"Recycle","floor":7.0},{"not_picked":["Melter","Rebound","Cold Snap"],"picked":"SKIP","floor":10.0},{"not_picked":["Hello World","Force Field"],"picked":"Chill","floor":11.0},{"not_picked":["Undo","Leap"],"picked":"Multi-Cast","floor":13.0},{"not_picked":["Thunder Strike","Hyperbeam"],"picked":"All For One","floor":16.0},{"not_picked":["Steam","Beam Cell","Fusion"],"picked":"SKIP","floor":18.0},{"not_picked":["Consume","Streamline+1","Go for the Eyes"],"picked":"SKIP","floor":21.0},{"not_picked":["Self Repair","Hello World","Tempest"],"picked":"SKIP","floor":25.0},{"not_picked":["Beam Cell","Ball Lightning"],"picked":"Double Energy","floor":28.0},{"not_picked":["Streamline","Cold Snap+1","Electrodynamics"],"picked":"SKIP","floor":30.0},{"not_picked":["Aggregate","Conserve Battery"],"picked":"Hologram","floor":31.0},{"not_picked":["Auto Shields+1","Leap","Turbo"],"picked":"SKIP","floor":35.0},{"not_picked":["Discovery","Violence"],"picked":"Panacea","floor":36},{"not_picked":["Streamline","Cold Snap"],"picked":"Coolheaded","floor":40},{"not_picked":["Sweeping Beam+1","Redo+1","Melter"],"picked":"SKIP","floor":41},{"not_picked":["Barrage+1","Rebound+1","Streamline"],"picked":"SKIP","floor":42},{"not_picked":["Barrage+1","Rebound+1","Streamline"],"picked":"SKIP","floor":42},{"not_picked":["Cold Snap+1","Static Discharge+1","Hyperbeam"],"picked":"SKIP","floor":44},{"not_picked":["Streamline","Barrage+1","Rebound"],"picked":"SKIP","floor":46},{"not_picked":["Force Field","Static Discharge","Genetic Algorithm+1"],"picked":"SKIP","floor":48},{"not_picked":["Force Field","Static Discharge","Genetic Algorithm+1"],"picked":"SKIP","floor":48},{"not_picked":["Streamline+1","Coolheaded","Sunder+1"],"picked":"SKIP","floor":54}],"player_experience":2675227,"relics_obtained":[{"floor":6.0,"key":"Bag of Preparation"},{"floor":9.0,"key":"Tiny Chest"},{"floor":11.0,"key":"Gambling Chip"},{"floor":13.0,"key":"Ancient Tea Set"},{"floor":25.0,"key":"Centennial Puzzle"},{"floor":26.0,"key":"Dodecahedron"},{"floor":28.0,"key":"Symbiotic Virus"},{"floor":37,"key":"WingedGreaves"},{"floor":40,"key":"Boot"},{"floor":41,"key":"StoneCalendar"},{"floor":43,"key":"Pear"},{"floor":44,"key":"Whetstone"},{"floor":45,"key":"Incense Burner"},{"floor":46,"key":"Shuriken"},{"floor":54,"key":"DataDisk"}],"event_choices":[{"cards_removed":["Strike_B"],"damage_healed":0.0,"max_hp_gain":0.0,"max_hp_loss":0.0,"gold_gain":0.0,"event_name":"Purifier","player_choice":"Purged","floor":12.0,"gold_loss":0.0,"damage_taken":0.0},{"damage_healed":0.0,"max_hp_gain":0.0,"max_hp_loss":0.0,"gold_gain":0.0,"event_name":"Vampires","player_choice":"Ignored","floor":20.0,"gold_loss":0.0,"damage_taken":0.0},{"damage_healed":0.0,"max_hp_gain":0.0,"max_hp_loss":0.0,"gold_gain":0.0,"event_name":"The Mausoleum","player_choice":"Ignored","floor":22.0,"gold_loss":0.0,"damage_taken":0.0},{"cards_removed":["Hello World"],"damage_healed":0.0,"max_hp_gain":0.0,"max_hp_loss":0.0,"gold_gain":0.0,"event_name":"Designer","player_choice":"Upgrade and Remove","floor":24.0,"gold_loss":90.0,"damage_taken":0.0,"cards_upgraded":["Cold Snap"]},{"damage_healed":0,"gold_gain":0,"player_choice":"Memory 1","damage_taken":0,"max_hp_gain":0,"max_hp_loss":0,"event_name":"SensoryStone","floor":36,"gold_loss":0},{"damage_healed":0,"gold_gain":0,"player_choice":"Fight","damage_taken":0,"max_hp_gain":0,"max_hp_loss":0,"event_name":"Mysterious Sphere","floor":37,"gold_loss":0},{"damage_healed":0,"gold_gain":0,"player_choice":"Relic","damage_taken":0,"max_hp_gain":0,"max_hp_loss":0,"event_name":"Wheel of Change","floor":45,"gold_loss":0}],"is_beta":false,"boss_relics":[{"not_picked":["Black Star","Fusion Hammer"],"picked":"Astrolabe"},{"not_picked":["Empty Cage","Sozu"],"picked":"Nuclear Battery"}],"items_purged_floors":[14,19,53],"is_endless":false,"potions_floor_spawned":[3,4,7,11,18,28,33,35,37,40,46],"ascension_level":1}