{"gold_per_floor":[17,17,37,37,47,47,60,85,108,121,121,136,136,136,136,136],"floor_reached":16,"playtime":593,"items_purged":[],"score":189,"play_id":"1825eb94-1e64-4382-bc07-5e915dbaa953","local_time":"20190102203324","is_ascension_mode":true,"campfire_choices":[{"data":"Rampage","floor":6,"key":"SMITH"},{"data":"Shrug It Off","floor":11,"key":"SMITH"},{"data":"Burning Pact","floor":13,"key":"SMITH"},{"floor":15,"key":"REST"}],"neow_cost":"NO_GOLD","seed_source_timestamp":1099462190520824,"circlet_count":0,"master_deck":["AscendersBane","Strike_R+1","Strike_R","Strike_R","Defend_R","Defend_R","Defend_R+1","Defend_R+1","Bash+1","Rampage+1","Bash","Thunderclap","Shrug It Off+1","Burning Pact+1","Dropkick"],"relics":["Burning Blood","FaceOfCleric","Art of War","Whetstone","War Paint"],"potions_floor_usage":[8,16,16],"damage_taken":[{"damage":6,"enemies":"Small Slimes","floor":1,"turns":5},{"damage":1,"enemies":"Cultist","floor":3,"turns":3},{"damage":4,"enemies":"Jaw Worm","floor":5,"turns":4},{"damage":14,"enemies":"Red Slaver","floor":7,"turns":3},{"damage":63,"enemies":"Lagavulin","floor":8,"turns":9},{"damage":2,"enemies":"2 Fungi Beasts","floor":10,"turns":3},{"damage":1,"enemies":"Exordium Wildlife","floor":12,"turns":4},{"damage":45,"enemies":"Hexaghost","floor":16,"turns":9}],"seed_played":"-8935957460810164315","potions_obtained":[{"floor":5,"key":"GamblersBrew"},{"floor":7,"key":"Regen Potion"},{"floor":12,"key":"LiquidBronze"}],"is_trial":false,"path_per_floor":["M","?","M","?","M","R","M","E","T","M","R","M","R","?","R","B"],"character_chosen":"IRONCLAD","items_purchased":[],"campfire_rested":1,"item_purchase_floors":[],"current_hp_per_floor":[68,68,73,73,76,76,69,25,25,30,30,36,36,18,42,0],"gold":136,"neow_bonus":"REMOVE_TWO","is_prod":false,"is_daily":false,"chose_seed":false,"campfire_upgraded":3,"win_rate":0,"timestamp":1546457604,"path_taken":["M","?","?","?","M","R","M","E","T","M","R","?","R","?","R","BOSS"],"build_version":"2018-12-20","purchased_purges":0,"victory":false,"max_hp_per_floor":[75,75,75,75,76,76,77,78,78,79,79,80,80,80,80,80],"card_choices":[{"not_picked":["True Grit","Perfected Strike"],"picked":"Rampage","floor":1},{"not_picked":["Combust","Bloodletting"],"picked":"Thunderclap","floor":3},{"not_picked":["Hemokinesis","Cleave","Pummel"],"picked":"SKIP","floor":5},{"not_picked":["Spot Weakness","Twin Strike","Wild Strike"],"picked":"SKIP","floor":7},{"not_picked":["Berserk","Clothesline"],"picked":"Shrug It Off","floor":8},{"not_picked":["Iron Wave","Thunderclap"],"picked":"Burning Pact","floor":10},{"not_picked":["Perfected Strike","Body Slam"],"picked":"Dropkick","floor":12}],"player_experience":394297,"relics_obtained":[{"floor":8,"key":"Art of War"},{"floor":9,"key":"Whetstone"}],"event_choices":[{"damage_healed":0,"gold_gain":0,"player_choice":"1 cards matched","damage_taken":0,"max_hp_gain":0,"max_hp_loss":0,"event_name":"Match and Keep!","floor":2,"gold_loss":0,"cards_obtained":["Bash"]},{"damage_healed":0,"gold_gain":0,"player_choice":"Trade","damage_taken":0,"relics_obtained":["FaceOfCleric"],"max_hp_gain":0,"max_hp_loss":0,"event_name":"FaceTrader","floor":4,"gold_loss":0},{"damage_healed":0,"gold_gain":0,"player_choice":"Success","damage_taken":18,"relics_obtained":["War Paint"],"max_hp_gain":0,"max_hp_loss":0,"event_name":"Scrap Ooze","floor":14,"gold_loss":0}],"is_beta":false,"boss_relics":[],"items_purged_floors":[],"is_endless":false,"potions_floor_spawned":[5,7,12],"killed_by":"Hexaghost","ascension_level":17}