{"gold_per_floor":[115,125,135,149,50,50,85,85,157,157,176,206,126,126,126,203,203,217,41,41,41,61,92,112,12,12,24,24,36,36,56,56,130,130,148,69,69,69,83,83,102,102,102,116,0,0,11,21,21,21],"floor_reached":50,"playtime":4288,"items_purged":["Strike_B","Strike_B"],"score":873,"play_id":"638630e3-c6f6-4f9d-a054-d632340f0441","local_time":"20180719155119","is_ascension_mode":true,"campfire_choices":[{"data":"Dualcast","floor":6.0,"key":"SMITH"},{"data":"Zap","floor":8.0,"key":"SMITH"},{"data":"Glacier","floor":10.0,"key":"SMITH"},{"data":"Rebound","floor":15.0,"key":"SMITH"},{"data":"Defragment","floor":30.0,"key":"SMITH"},{"floor":32.0,"key":"REST"},{"data":"Hologram","floor":40.0,"key":"SMITH"},{"data":"Echo Form","floor":42.0,"key":"SMITH"},{"data":"Reinforced Body","floor":46.0,"key":"SMITH"},{"floor":49.0,"key":"REST"}],"neow_cost":"NONE","seed_source_timestamp":23011202372161,"circlet_count":0,"master_deck":["Zap+1","Dualcast+1","AscendersBane","Rebound+1","Glacier+1","Compile Driver","Conserve Battery","Chill","Echo Form+1","Sunder","Steam Power","Skim","Rip and Tear","Reinforced Body","Conserve Battery","Conserve Battery","Coolheaded","Defragment+1","Capacitor","Leap","Doom and Gloom","Recycle+1","Capacitor","Seek","Stack","Reinforced Body+1","Panache","Hologram+1","Leap+1","Blizzard+1","Consume"],"special_seed":0,"relics":["Cracked Core","Bronze Scales","Sundial","The Courier","Blood Vial","Pandora\u0027s Box","Pear","Dodecahedron","Inserter","Question Card","Red Mask"],"potions_floor_usage":[50],"damage_taken":[{"damage":1.0,"enemies":"Cultist","floor":1.0,"turns":3.0},{"damage":4.0,"enemies":"Jaw Worm","floor":2.0,"turns":4.0},{"damage":1.0,"enemies":"Small Slimes","floor":3.0,"turns":4.0},{"damage":1.0,"enemies":"Looter","floor":4.0,"turns":3.0},{"damage":7.0,"enemies":"Lagavulin","floor":7.0,"turns":10.0},{"damage":0.0,"enemies":"3 Louse","floor":11.0,"turns":4.0},{"damage":0.0,"enemies":"3 Sentries","floor":12.0,"turns":6.0},{"damage":27.0,"enemies":"The Guardian","floor":16.0,"turns":11.0},{"damage":6.0,"enemies":"Shell Parasite","floor":18.0,"turns":5.0},{"damage":3.0,"enemies":"2 Thieves","floor":22.0,"turns":4.0},{"damage":27.0,"enemies":"Book of Stabbing","floor":23.0,"turns":6.0},{"damage":0.0,"enemies":"Centurion and Healer","floor":24.0,"turns":7.0},{"damage":7.0,"enemies":"Snecko","floor":27.0,"turns":9.0},{"damage":0.0,"enemies":"Chosen and Byrds","floor":29.0,"turns":6.0},{"damage":4.0,"enemies":"Centurion and Healer","floor":31.0,"turns":7.0},{"damage":46.0,"enemies":"Collector","floor":33.0,"turns":17.0},{"damage":4.0,"enemies":"Flame Bruiser 1 Orb","floor":35.0,"turns":10.0},{"damage":5.0,"enemies":"3 Shapes","floor":39.0,"turns":6.0},{"damage":3.0,"enemies":"Spire Growth","floor":41.0,"turns":7.0},{"damage":0.0,"enemies":"Maw","floor":44.0,"turns":10.0},{"damage":45.0,"enemies":"Transient","floor":47.0,"turns":5.0},{"damage":18.0,"enemies":"3 Darklings","floor":48.0,"turns":5.0},{"damage":29,"enemies":"Awakened One","floor":50,"turns":3}],"seed_played":"6092688072253259316","potions_obtained":[{"floor":1.0,"key":"Fire Potion"},{"floor":2.0,"key":"EssenceOfSteel"},{"floor":11.0,"key":"Weak Potion"},{"floor":18.0,"key":"Fire Potion"},{"floor":23.0,"key":"Dexterity Potion"},{"floor":47.0,"key":"Block Potion"}],"is_trial":false,"path_per_floor":["M","M","M","M","$","R","E","R","T","R","M","E","$","?","R","B",null,"M","$","?","?","M","E","M","$","T","M","?","M","R","M","R","B",null,"M","$","?","?","M","R","M","R","T","M","?","R","M","M","R"],"character_chosen":"DEFECT","items_purchased":["Compile Driver","Reinforced Body","Conserve Battery","Conserve Battery","Coolheaded","Leap","FocusPotion","Stack","Reinforced Body"],"campfire_rested":2,"item_purchase_floors":[5,19,19,19,19,25,25,36,36],"current_hp_per_floor":[63,59,58,57,57,57,50,50,50,50,50,50,50,43,43,18,58,54,54,54,54,53,38,40,40,40,35,35,37,37,35,59,15,65,63,63,63,63,60,60,59,59,59,61,61,61,18,2,26,0],"gold":21,"neow_bonus":"RANDOM_COMMON_RELIC","is_prod":false,"is_daily":false,"chose_seed":false,"campfire_upgraded":8,"win_rate":0,"timestamp":1532040679,"path_taken":["M","M","M","M","?","R","E","R","T","R","M","E","$","?","R","BOSS","M","?","?","?","M","E","M","$","T","?","?","M","R","M","R","BOSS","M","$","?","?","M","R","?","R","T","M","?","R","M","M","R","BOSS"],"build_version":"2018-07-12","purchased_purges":2,"victory":false,"max_hp_per_floor":[71,71,71,71,71,71,71,71,71,71,71,71,71,71,71,71,71,71,71,71,71,71,81,81,81,81,81,81,81,81,81,81,81,81,81,81,81,81,81,81,81,81,81,81,81,81,81,81,81,81],"card_choices":[{"not_picked":["Self Repair","Fusion"],"picked":"Rebound","floor":1.0},{"not_picked":["Barrage","Turbo"],"picked":"Glacier","floor":2.0},{"not_picked":["Leap","Self Repair"],"picked":"Compile Driver","floor":3.0},{"not_picked":["Gash","Reprogram","Turbo"],"picked":"SKIP","floor":4.0},{"not_picked":["Amplify","Gash","Stack"],"picked":"SKIP","floor":7.0},{"not_picked":["Turbo","Force Field"],"picked":"Conserve Battery","floor":11.0},{"not_picked":["Hello World","Genetic Algorithm"],"picked":"Chill","floor":12.0},{"not_picked":["Hyperbeam","Seek"],"picked":"Echo Form","floor":16.0},{"not_picked":["Recycle","Reprogram","Streamline"],"picked":"SKIP","floor":18.0},{"not_picked":["Stack","Static Discharge","Gash"],"picked":"SKIP","floor":22.0},{"not_picked":["Consume+1","Undo"],"picked":"Defragment","floor":23.0},{"not_picked":["Steam","Stack"],"picked":"Capacitor","floor":24.0},{"not_picked":["Doom and Gloom","Coolheaded","Turbo"],"picked":"SKIP","floor":27.0},{"not_picked":["Reboot","Force Field"],"picked":"Recycle+1","floor":29.0},{"not_picked":["Force Field","Chaos"],"picked":"Capacitor","floor":31.0},{"not_picked":["Core Surge","Reboot"],"picked":"Seek","floor":33.0},{"not_picked":["Auto Shields","Beam Cell+1","Fusion"],"picked":"SKIP","floor":35.0},{"not_picked":["Trip","Good Instincts"],"picked":"Panache","floor":37.0},{"not_picked":["Streamline","Heatsinks+1"],"picked":"Hologram","floor":39.0},{"not_picked":["Beam Cell+1","Gash"],"picked":"Leap+1","floor":41.0},{"not_picked":["Sweeping Beam","Undo+1","Stack"],"picked":"Blizzard+1","floor":44.0},{"not_picked":["Stack","Barrage","Compile Driver"],"picked":"Consume","floor":47.0},{"not_picked":["Coolheaded","Gash","Echo Form","Cold Snap"],"picked":"SKIP","floor":48.0}],"player_experience":799379,"relics_obtained":[{"floor":7.0,"key":"Sundial"},{"floor":9.0,"key":"The Courier"},{"floor":12.0,"key":"Blood Vial"},{"floor":23.0,"key":"Pear"},{"floor":26.0,"key":"Dodecahedron"},{"floor":43.0,"key":"Question Card"}],"event_choices":[{"event_name":"Golden Wing","player_choice":"Card Removal","floor":14.0,"damage_taken":0.0},{"event_name":"Beggar","player_choice":"Ignored","floor":20.0,"damage_taken":0.0},{"event_name":"Vampires","player_choice":"Ignored","floor":21.0,"damage_taken":0.0},{"event_name":"Transmorgrifier","player_choice":"Transform","floor":28.0,"damage_taken":0.0},{"event_name":"SensoryStone","player_choice":"Memory 1","floor":37.0,"damage_taken":0.0},{"event_name":"Falling","player_choice":"Removed Attack","floor":38.0,"damage_taken":0.0},{"event_name":"Tomb of Lord Red Mask","player_choice":"Paid","floor":45.0,"damage_taken":0.0}],"boss_relics":[{"not_picked":["Busted Crown","Tiny House"],"picked":"Pandora\u0027s Box"},{"not_picked":["Snecko Eye","Runic Pyramid"],"picked":"Inserter"}],"items_purged_floors":[5,13],"is_endless":false,"potions_floor_spawned":[1,2,11,18,23,27,29,39,41,47],"killed_by":"Awakened One","ascension_level":15}