{"gold_per_floor":[314,330,405,422,422,422,422,422,422,64,82,112,132,132,132,209,209,222,234,284,297,297,297,325,225,251,263,178,209,209,221,221,294,294,307,1306,458,458,458,491,505,531,606,653,653,653,227,277,277,277,277,277,277,109,135,135],"floor_reached":57,"playtime":4129,"items_purged":["Strike_G","Strike_G","Normality","Normality"],"score":3448,"play_id":"dbf6e869-1feb-4898-bd5b-338b49d03cc8","local_time":"20190324213744","is_ascension_mode":true,"campfire_choices":[{"data":"Cloak And Dagger","floor":6.0,"key":"SMITH"},{"data":"Finisher","floor":8.0,"key":"SMITH"},{"data":"Apotheosis","floor":15.0,"key":"SMITH"},{"data":"Well Laid Plans","floor":23.0,"key":"SMITH"},{"data":"After Image","floor":32.0,"key":"SMITH"},{"data":"Night Terror","floor":46.0,"key":"SMITH"},{"floor":49.0,"key":"RECALL"},{"data":"After Image","floor":53.0,"key":"SMITH"}],"neow_cost":"NO_GOLD","seed_source_timestamp":0,"circlet_count":0,"master_deck":["AscendersBane","Survivor","Neutralize","Cloak And Dagger+1","Finisher+1","Well Laid Plans+1","Apotheosis+1","Blade Dance","A Thousand Cuts","Cloak And Dagger+1","After Image+1","Footwork","Ghostly","Ghostly+1","Ghostly","Calculated Gamble","Night Terror+1","Slice","Envenom","Escape Plan","After Image+1","All Out Attack","Glass Knife","Backstab","Riddle With Holes","Blur+1","Escape Plan","Discovery","Concentrate","Burning Pact+1","Panacea","Transmutation","Recycle","Backflip","Cloak And Dagger"],"special_seed":0,"relics":["Ring of the Snake","Old Coin","Bronze Scales","Incense Burner","Gambling Chip","Dead Branch","Coffee Dripper","Whetstone","Potion Belt","Darkstone Periapt","Question Card","Nilry\u0027s Codex","Pandora\u0027s Box","PrismaticShard","Ancient Tea Set","Bag of Preparation","Anchor","Nunchaku","Bottled Lightning","Vajra","War Paint"],"potions_floor_usage":[56,56,56],"damage_taken":[{"damage":3.0,"enemies":"2 Louse","floor":1.0,"turns":4.0},{"damage":6.0,"enemies":"Jaw Worm","floor":2.0,"turns":8.0},{"damage":1.0,"enemies":"Cultist","floor":4.0,"turns":4.0},{"damage":0.0,"enemies":"3 Louse","floor":11.0,"turns":3.0},{"damage":16.0,"enemies":"Lagavulin","floor":12.0,"turns":7.0},{"damage":0.0,"enemies":"Lots of Slimes","floor":13.0,"turns":6.0},{"damage":0.0,"enemies":"Hexaghost","floor":16.0,"turns":7.0},{"damage":0.0,"enemies":"Chosen","floor":18.0,"turns":5.0},{"damage":0.0,"enemies":"2 Thieves","floor":19.0,"turns":5.0},{"damage":0.0,"enemies":"Snecko","floor":21.0,"turns":4.0},{"damage":7.0,"enemies":"Gremlin Leader","floor":24.0,"turns":5.0},{"damage":0.0,"enemies":"Snake Plant","floor":27.0,"turns":5.0},{"damage":0.0,"enemies":"Slavers","floor":29.0,"turns":5.0},{"damage":0.0,"enemies":"Cultist and Chosen","floor":31.0,"turns":4.0},{"damage":0.0,"enemies":"Champ","floor":33.0,"turns":7.0},{"damage":0.0,"enemies":"Orb Walker","floor":35.0,"turns":5.0},{"damage":0.0,"enemies":"Reptomancer","floor":40.0,"turns":5.0},{"damage":0.0,"enemies":"3 Darklings","floor":41.0,"turns":2.0},{"damage":0.0,"enemies":"Giant Head","floor":42.0,"turns":10.0},{"damage":4.0,"enemies":"2 Orb Walkers","floor":44.0,"turns":7.0},{"damage":0.0,"enemies":"Reptomancer","floor":48.0,"turns":5.0},{"damage":0.0,"enemies":"Donu and Deca","floor":50.0,"turns":9.0},{"damage":0.0,"enemies":"Awakened One","floor":51.0,"turns":13.0},{"damage":0,"enemies":"Shield and Spear","floor":55,"turns":5},{"damage":0,"enemies":"The Heart","floor":56,"turns":10}],"seed_played":"5566440932280647986","potions_obtained":[{"floor":2.0,"key":"Block Potion"},{"floor":11.0,"key":"Fire Potion"},{"floor":16.0,"key":"Ancient Potion"},{"floor":18.0,"key":"Swift Potion"},{"floor":35.0,"key":"AttackPotion"}],"is_trial":false,"path_per_floor":["M","M","?","M","?","R","T","R","T","$","M","E","M","?","R","B",null,"M","M","?","M","?","R","E","$","T","M","?","E","?","M","R","B",null,"M","?","$","?","?","E","M","E","T","?","?","R","$","E","R","B","B",null,"R","$","E","B",null],"character_chosen":"THE_SILENT","items_purchased":["Well Laid Plans","Apotheosis","PrismaticShard","Escape Plan","Discovery","Ancient Tea Set","Concentrate","SmokeBomb","Bottled Lightning","Energy Potion","Weak Potion","Backflip"],"campfire_rested":0,"item_purchase_floors":[10,10,37,37,37,37,37,37,47,54,54,54],"current_hp_per_floor":[56,50,39,38,38,38,38,38,38,38,38,22,22,4,4,4,51,51,51,45,45,33,33,26,26,26,26,26,26,5,5,5,5,26,26,38,38,38,38,38,38,38,38,34,34,34,34,34,34,34,34,41,41,41,41,41],"gold":135,"neow_bonus":"ONE_RARE_RELIC","is_prod":false,"is_daily":false,"chose_seed":true,"campfire_upgraded":7,"win_rate":0,"timestamp":1553434664,"path_taken":["M","M","?","M","?","R","?","R","T","$","?","E","?","?","R","BOSS","M","M","?","?","?","R","E","$","T","M","?","E","?","M","R","BOSS","M","?","$","?","?","E","M","E","T","?","?","R","?","E","R","BOSS","BOSS","R","$","E","BOSS"],"build_version":"2019-03-15","purchased_purges":4,"victory":true,"max_hp_per_floor":[66,66,66,66,66,66,66,66,66,66,66,66,66,66,66,66,66,66,66,66,66,33,33,33,33,33,33,33,33,33,33,33,33,33,33,45,45,45,43,43,43,43,43,43,43,43,43,43,43,43,43,43,43,43,43,43],"card_choices":[{"not_picked":["PiercingWail","Accuracy"],"picked":"Cloak And Dagger","floor":1.0},{"not_picked":["Dagger Spray","Prepared"],"picked":"Finisher","floor":2.0},{"not_picked":["Underhanded Strike","Slice","Deflect"],"picked":"SKIP","floor":4.0},{"not_picked":["Well Laid Plans","Riddle With Holes"],"picked":"Blade Dance","floor":11.0},{"not_picked":["Deflect","Dagger Spray"],"picked":"A Thousand Cuts","floor":12.0},{"not_picked":["Leg Sweep","Prepared"],"picked":"Cloak And Dagger","floor":13.0},{"not_picked":["Adrenaline","Storm of Steel"],"picked":"After Image","floor":16.0},{"not_picked":["Choke","Quick Slash"],"picked":"Footwork","floor":18.0},{"not_picked":["Blade Dance","Catalyst","All Out Attack"],"picked":"SKIP","floor":19.0},{"not_picked":["Dagger Throw","Prepared","Deadly Poison"],"picked":"SKIP","floor":21.0},{"not_picked":["Choke","Riddle With Holes+1","Slice"],"picked":"SKIP","floor":24.0},{"not_picked":["Quick Slash","Slice","Well Laid Plans"],"picked":"SKIP","floor":27.0},{"not_picked":["Choke","Footwork","Prepared"],"picked":"SKIP","floor":29.0},{"not_picked":["Flying Knee","Poisoned Stab","Escape Plan"],"picked":"Calculated Gamble","floor":31.0},{"not_picked":["Burst","Wraith Form v2","Storm of Steel"],"picked":"Night Terror","floor":33.0},{"not_picked":["Outmaneuver","Underhanded Strike","Backflip"],"picked":"Blur+1","floor":35.0},{"not_picked":["Conserve Battery","Madness","Malaise","Heavy Blade+1"],"picked":"SKIP","floor":40.0},{"not_picked":["Headbutt","Inflame","Perfected Strike+1","Metamorphosis"],"picked":"SKIP","floor":41.0},{"not_picked":["Infinite Blades","Finisher+1","Dash"],"picked":"Burning Pact+1","floor":42.0},{"not_picked":["Slice","Quick Slash","Expertise"],"picked":"Panacea","floor":44.0},{"not_picked":["Jack Of All Trades","Swift Strike","Flash of Steel"],"picked":"Transmutation","floor":45.0},{"not_picked":["Ghostly Armor","PiercingWail","Shockwave"],"picked":"Recycle","floor":48.0},{"not_picked":["Streamline","Crippling Poison","Armaments"],"picked":"Cloak And Dagger","floor":55}],"player_experience":1280912,"relics_obtained":[{"floor":7.0,"key":"Bronze Scales"},{"floor":9.0,"key":"Incense Burner"},{"floor":12.0,"key":"Gambling Chip"},{"floor":24.0,"key":"Whetstone"},{"floor":26.0,"key":"Potion Belt"},{"floor":29.0,"key":"Question Card"},{"floor":30.0,"key":"Nilry\u0027s Codex"},{"floor":40.0,"key":"Bag of Preparation"},{"floor":42.0,"key":"Anchor"},{"floor":44.0,"key":"Nunchaku"},{"floor":48.0,"key":"Vajra"},{"floor":55,"key":"War Paint"}],"event_choices":[{"damage_healed":0.0,"max_hp_gain":0.0,"max_hp_loss":0.0,"gold_gain":75.0,"event_name":"World of Goop","player_choice":"Gather Gold","floor":3.0,"gold_loss":0.0,"damage_taken":11.0},{"damage_healed":0.0,"max_hp_gain":0.0,"max_hp_loss":0.0,"gold_gain":0.0,"event_name":"Shining Light","player_choice":"Ignored","floor":5.0,"gold_loss":0.0,"damage_taken":0.0},{"damage_healed":0.0,"max_hp_gain":0.0,"max_hp_loss":0.0,"gold_gain":0.0,"event_name":"Scrap Ooze","player_choice":"Success","floor":14.0,"gold_loss":0.0,"damage_taken":18.0,"relics_obtained":["Dead Branch"]},{"damage_healed":0.0,"max_hp_gain":0.0,"max_hp_loss":0.0,"gold_gain":50.0,"event_name":"FaceTrader","player_choice":"Touch","floor":20.0,"gold_loss":0.0,"damage_taken":6.0},{"damage_healed":0.0,"max_hp_gain":0.0,"max_hp_loss":33.0,"gold_gain":0.0,"event_name":"Ghosts","player_choice":"Became a Ghost","floor":22.0,"gold_loss":0.0,"damage_taken":0.0,"cards_obtained":["Ghostly","Ghostly","Ghostly"]},{"damage_healed":0.0,"max_hp_gain":0.0,"max_hp_loss":0.0,"gold_gain":0.0,"event_name":"Addict","player_choice":"Obtained Relic","floor":28.0,"gold_loss":85.0,"damage_taken":0.0,"relics_obtained":["Darkstone Periapt"]},{"damage_healed":0.0,"max_hp_gain":0.0,"max_hp_loss":0.0,"gold_gain":0.0,"event_name":"Cursed Tome","player_choice":"Obtained Book","floor":30.0,"gold_loss":0.0,"damage_taken":21.0},{"damage_healed":0.0,"max_hp_gain":0.0,"max_hp_loss":0.0,"gold_gain":999.0,"event_name":"MindBloom","player_choice":"Gold","floor":36.0,"gold_loss":0.0,"damage_taken":0.0,"cards_obtained":["Normality","Normality"]},{"damage_healed":0.0,"max_hp_gain":0.0,"max_hp_loss":0.0,"gold_gain":0.0,"event_name":"Tomb of Lord Red Mask","player_choice":"Ignored","floor":38.0,"gold_loss":0.0,"damage_taken":0.0},{"damage_healed":0.0,"max_hp_gain":0.0,"max_hp_loss":2.0,"gold_gain":0.0,"event_name":"Winding Halls","player_choice":"Max HP","floor":39.0,"gold_loss":0.0,"damage_taken":0.0},{"damage_healed":0.0,"max_hp_gain":0.0,"max_hp_loss":0.0,"gold_gain":0.0,"event_name":"Mysterious Sphere","player_choice":"Fight","floor":44.0,"gold_loss":0.0,"damage_taken":0.0},{"damage_healed":0.0,"max_hp_gain":0.0,"max_hp_loss":0.0,"gold_gain":0.0,"event_name":"SensoryStone","player_choice":"Memory 1","floor":45.0,"gold_loss":0.0,"damage_taken":0.0}],"is_beta":true,"boss_relics":[{"not_picked":["Fusion Hammer","Busted Crown"],"picked":"Coffee Dripper"},{"not_picked":["Runic Pyramid","Calling Bell"],"picked":"Pandora\u0027s Box"}],"items_purged_floors":[10,25,37,47],"is_endless":false,"potions_floor_spawned":[2,11,16,18,21,35,41,55],"ascension_level":20}