{"gold_per_floor":[118,132,144,144,69,69,102,131,170,207,231,261,273,301,313,401,413,441,465,55,55,68,68,83,113,113,113,147,165,165,176,176,251,251,270,370,370,370,370,401,230,230,230,276,309,11,11,38,38,38],"floor_reached":51,"playtime":1927,"items_purged":[],"score":1452,"play_id":"45e31238-7877-4027-b87c-09ecc5631c34","local_time":"20181202101609","is_ascension_mode":true,"campfire_choices":[{"data":"Bash","floor":6.0,"key":"SMITH"},{"data":"Inflame","floor":13.0,"key":"SMITH"},{"data":"Clothesline","floor":15.0,"key":"SMITH"},{"data":"Whirlwind","floor":23.0,"key":"SMITH"},{"data":"Armaments","floor":27.0,"key":"SMITH"},{"floor":32.0,"key":"REST"},{"floor":42.0,"key":"REST"},{"floor":49,"key":"REST"}],"neow_cost":"NONE","seed_source_timestamp":94847042233525,"circlet_count":0,"master_deck":["AscendersBane","Bash+1","Shrug It Off","Clothesline+1","Sword Boomerang","Headbutt","Inflame+1","Iron Wave","Feed","Anger","Fiend Fire","Inflame","Shrug It Off","Thunderclap","Feel No Pain","Disarm","Armaments+1","Body Slam","Shrug It Off","Iron Wave","Whirlwind+1","Spot Weakness","Corruption","Pummel","Pommel Strike","Flash of Steel","Havoc","Shrug It Off","True Grit+1"],"special_seed":0,"relics":["Burning Blood","PreservedInsect","MawBank","Juzu Bracelet","Bag of Preparation","Pandora\u0027s Box","Happy Flower","Chemical X","Potion Belt","Red Skull","Smiling Mask","MutagenicStrength","Runic Dome","Prayer Wheel","Shuriken","Ancient Tea Set","Bottled Lightning","StoneCalendar","Bottled Flame","Lantern","Anchor","Toxic Egg 2"],"potions_floor_usage":[45,50,50,50],"damage_taken":[{"damage":7.0,"enemies":"Small Slimes","floor":1.0,"turns":4.0},{"damage":1.0,"enemies":"2 Louse","floor":2.0,"turns":4.0},{"damage":4.0,"enemies":"Jaw Worm","floor":3.0,"turns":3.0},{"damage":30.0,"enemies":"3 Sentries","floor":7.0,"turns":8.0},{"damage":9.0,"enemies":"Large Slime","floor":8.0,"turns":8.0},{"damage":2.0,"enemies":"Gremlin Nob","floor":10.0,"turns":3.0},{"damage":9.0,"enemies":"2 Fungi Beasts","floor":11.0,"turns":3.0},{"damage":4.0,"enemies":"Looter","floor":12.0,"turns":4.0},{"damage":5.0,"enemies":"Gremlin Gang","floor":14.0,"turns":5.0},{"damage":30.0,"enemies":"Hexaghost","floor":16.0,"turns":9.0},{"damage":7.0,"enemies":"3 Byrds","floor":18.0,"turns":4.0},{"damage":0.0,"enemies":"Shell Parasite","floor":19.0,"turns":5.0},{"damage":24.0,"enemies":"Shelled Parasite and Fungi","floor":22.0,"turns":5.0},{"damage":14.0,"enemies":"Centurion and Healer","floor":24.0,"turns":5.0},{"damage":10.0,"enemies":"Gremlin Leader","floor":25.0,"turns":4.0},{"damage":30.0,"enemies":"Slavers","floor":28.0,"turns":3.0},{"damage":0.0,"enemies":"3 Cultists","floor":29.0,"turns":1.0},{"damage":3.0,"enemies":"Sentry and Sphere","floor":31.0,"turns":3.0},{"damage":64.0,"enemies":"Collector","floor":33.0,"turns":6.0},{"damage":34.0,"enemies":"3 Shapes","floor":35.0,"turns":7.0},{"damage":8.0,"enemies":"Mind Bloom Boss Battle","floor":36.0,"turns":6.0},{"damage":12.0,"enemies":"Giant Head","floor":40.0,"turns":7.0},{"damage":30.0,"enemies":"2 Orb Walkers","floor":44.0,"turns":4.0},{"damage":0,"enemies":"Nemesis","floor":45,"turns":3},{"damage":8,"enemies":"Giant Head","floor":48,"turns":4},{"damage":13,"enemies":"Donu and Deca","floor":50,"turns":7}],"seed_played":"5549632060071458786","potions_obtained":[{"floor":1.0,"key":"FearPotion"},{"floor":2.0,"key":"Energy Potion"},{"floor":16.0,"key":"Swift Potion"},{"floor":19.0,"key":"Fruit Juice"},{"floor":25.0,"key":"Fruit Juice"},{"floor":31.0,"key":"GamblersBrew"},{"floor":33.0,"key":"Strength Potion"},{"floor":35.0,"key":"EssenceOfSteel"},{"floor":36.0,"key":"SkillPotion"},{"floor":47,"key":"Energy Potion"}],"is_trial":false,"path_per_floor":["M","M","M","?","?","R","E","M","T","E","M","M","R","M","R","B",null,"M","M","$","?","M","R","M","E","T","R","E","M","?","M","R","B",null,"M","?","T","?","?","E","$","R","T","?","E","$","?","E","R","B",null],"character_chosen":"IRONCLAD","items_purchased":["Happy Flower","Chemical X","Whirlwind","PowerPotion","Flash of Steel","Havoc","Lantern","Anchor"],"campfire_rested":3,"item_purchase_floors":[20,20,20,41,41,41,46,46],"current_hp_per_floor":[74,79,81,55,55,55,31,28,28,32,29,34,34,38,38,14,70,69,75,75,75,62,62,54,55,55,55,34,40,40,43,73,15,80,55,53,53,53,53,47,47,78,78,57,63,63,63,64,97,90],"gold":38,"neow_bonus":"TEN_PERCENT_HP_BONUS","is_prod":false,"is_daily":false,"chose_seed":false,"campfire_upgraded":5,"win_rate":0,"timestamp":1543774569,"path_taken":["M","M","M","?","?","R","E","M","T","E","M","M","R","M","R","BOSS","M","M","$","?","M","R","M","E","T","R","E","M","?","M","R","BOSS","M","?","?","?","?","E","?","R","T","?","E","$","?","E","R","BOSS"],"build_version":"2018-11-15","purchased_purges":0,"victory":true,"max_hp_per_floor":[82,82,82,82,82,82,82,82,82,82,82,85,85,88,88,88,88,88,88,88,88,93,93,93,98,98,98,101,101,101,101,101,101,101,104,104,104,104,104,104,104,104,104,107,107,107,107,110,110,110],"card_choices":[{"not_picked":["Rage","Cleave"],"picked":"Shrug It Off","floor":1.0},{"not_picked":["Heavy Blade","Anger"],"picked":"Clothesline","floor":2.0},{"not_picked":["Power Through","Warcry"],"picked":"Sword Boomerang","floor":3.0},{"not_picked":["Brutality","Evolve"],"picked":"Headbutt","floor":7.0},{"not_picked":["Body Slam","True Grit"],"picked":"Inflame","floor":8.0},{"not_picked":["Intimidate","Combust"],"picked":"Iron Wave","floor":10.0},{"not_picked":["Searing Blow","Perfected Strike"],"picked":"Feed","floor":11.0},{"not_picked":["Corruption","Pommel Strike"],"picked":"Anger","floor":12.0},{"not_picked":["Clothesline","Carnage","Combust"],"picked":"SKIP","floor":14.0},{"not_picked":["Demon Form","Dark Embrace"],"picked":"Fiend Fire","floor":16.0},{"not_picked":["Power Through","Burning Pact"],"picked":"Shrug It Off","floor":18.0},{"not_picked":["Infernal Blade","Uppercut"],"picked":"Iron Wave","floor":19.0},{"not_picked":["Bloodletting","Wild Strike","Whirlwind"],"picked":"SKIP","floor":22.0},{"not_picked":["Reckless Charge","Perfected Strike"],"picked":"Corruption","floor":24.0},{"not_picked":["Thunderclap","Iron Wave","Twin Strike"],"picked":"SKIP","floor":25.0},{"not_picked":["Feed","Clash","Anger"],"picked":"SKIP","floor":28.0},{"not_picked":["Evolve","Clothesline","Perfected Strike"],"picked":"SKIP","floor":29.0},{"not_picked":["Sever Soul","Sword Boomerang","Fire Breathing+1"],"picked":"SKIP","floor":31.0},{"not_picked":["Corruption","Cleave"],"picked":"Pummel","floor":35.0},{"not_picked":["Headbutt","Iron Wave"],"picked":"Pommel Strike","floor":40.0},{"not_picked":["Blood for Blood","Flex"],"picked":"Shrug It Off","floor":44.0},{"not_picked":["Entrench","Clash","Inflame"],"picked":"SKIP","floor":45},{"not_picked":["Rampage","Sword Boomerang"],"picked":"True Grit","floor":48}],"player_experience":1705943,"relics_obtained":[{"floor":7.0,"key":"MawBank"},{"floor":9.0,"key":"Juzu Bracelet"},{"floor":10.0,"key":"Bag of Preparation"},{"floor":25.0,"key":"Potion Belt"},{"floor":26.0,"key":"Red Skull"},{"floor":28.0,"key":"Smiling Mask"},{"floor":36.0,"key":"Prayer Wheel"},{"floor":37.0,"key":"Shuriken"},{"floor":40.0,"key":"Ancient Tea Set"},{"floor":43.0,"key":"Bottled Lightning"},{"floor":44.0,"key":"StoneCalendar"},{"floor":45,"key":"Bottled Flame"},{"floor":48,"key":"Toxic Egg 2"}],"event_choices":[{"damage_healed":0.0,"max_hp_gain":0.0,"max_hp_loss":0.0,"gold_gain":0.0,"event_name":"Scrap Ooze","player_choice":"Success","floor":4.0,"gold_loss":0.0,"damage_taken":26.0,"relics_obtained":["PreservedInsect"]},{"cards_removed":["Strike_R"],"damage_healed":0.0,"max_hp_gain":0.0,"max_hp_loss":0.0,"gold_gain":0.0,"event_name":"The Cleric","player_choice":"Card Removal","floor":5.0,"gold_loss":75.0,"damage_taken":0.0},{"damage_healed":0.0,"max_hp_gain":0.0,"max_hp_loss":0.0,"gold_gain":0.0,"event_name":"The Library","player_choice":"Read","floor":21.0,"gold_loss":0.0,"damage_taken":0.0,"cards_obtained":["Spot Weakness"]},{"damage_healed":0.0,"max_hp_gain":0.0,"max_hp_loss":0.0,"gold_gain":0.0,"event_name":"Drug Dealer","player_choice":"Inject Mutagens","floor":30.0,"gold_loss":0.0,"damage_taken":0.0,"relics_obtained":["MutagenicStrength"]},{"damage_healed":0.0,"max_hp_gain":0.0,"max_hp_loss":0.0,"gold_gain":0.0,"event_name":"MindBloom","player_choice":"Fight","floor":36.0,"gold_loss":0.0,"damage_taken":0.0},{"damage_healed":0.0,"max_hp_gain":0.0,"max_hp_loss":0.0,"gold_gain":0.0,"event_name":"Tomb of Lord Red Mask","player_choice":"Ignored","floor":38.0,"gold_loss":0.0,"damage_taken":0.0},{"cards_removed":["Warcry"],"damage_healed":0.0,"max_hp_gain":0.0,"max_hp_loss":0.0,"gold_gain":0.0,"event_name":"Falling","player_choice":"Removed Skill","floor":39.0,"gold_loss":0.0,"damage_taken":0.0},{"damage_healed":0.0,"max_hp_gain":0.0,"max_hp_loss":0.0,"gold_gain":0.0,"event_name":"Mysterious Sphere","player_choice":"Fight","floor":44.0,"gold_loss":0.0,"damage_taken":0.0},{"damage_healed":0,"gold_gain":0,"player_choice":"Got Potions","damage_taken":0,"max_hp_gain":0,"max_hp_loss":0,"event_name":"Lab","floor":47,"gold_loss":0}],"is_beta":false,"boss_relics":[{"not_picked":["Tiny House","Runic Cube"],"picked":"Pandora\u0027s Box"},{"not_picked":["Empty Cage","Astrolabe"],"picked":"Runic Dome"}],"items_purged_floors":[],"is_endless":false,"potions_floor_spawned":[1,2,3,16,19,25,31,33,35,36,48],"ascension_level":15}