{"gold_per_floor":[18,35,110,127,107,140,41,58,58,58,78,96,96,112,112,186,186,198,473,483,498,518,518,546,561,561,561,28,28,28,55,55,55],"floor_reached":33,"playtime":1098,"items_purged":["Strike_R"],"score":628,"play_id":"96991414-5de5-4fd6-a6d3-b10ba19c2657","local_time":"25620210145056","is_ascension_mode":true,"campfire_choices":[{"data":"Iron Wave","floor":10,"key":"SMITH"},{"data":"Disarm","floor":13,"key":"SMITH"},{"floor":15,"key":"REST"},{"floor":23,"key":"REST"},{"floor":27,"key":"REST"},{"floor":29,"key":"REST"},{"data":"Juggernaut","floor":32,"key":"SMITH"}],"neow_cost":"NO_GOLD","seed_source_timestamp":13374973510097,"circlet_count":0,"master_deck":["AscendersBane","Strike_R+1","Strike_R+1","Strike_R+1","Strike_R+1","Defend_R+1","Defend_R+1","Defend_R+1","Defend_R+1","Bash","Shockwave","Shrug It Off","Battle Trance","Cleave","Iron Wave+1","Disarm+1","Juggernaut","Metallicize","Immolate","Metallicize","Regret","Pommel Strike+1","Dropkick","Dropkick","Immolate","Clumsy","Juggernaut+1","Metallicize"],"relics":["Burning Blood","Peace Pipe","Letter Opener","Gremlin Horn","Cursed Key","Bottled Flame","PreservedInsect","Oddly Smooth Stone","Ornamental Fan","Dead Branch"],"potions_floor_usage":[6,6,11,12,24],"damage_taken":[{"damage":6,"enemies":"Cultist","floor":1,"turns":3},{"damage":7,"enemies":"Jaw Worm","floor":2,"turns":4},{"damage":0,"enemies":"2 Louse","floor":4,"turns":3},{"damage":42,"enemies":"Gremlin Nob","floor":6,"turns":5},{"damage":11,"enemies":"Red Slaver","floor":8,"turns":6},{"damage":9,"enemies":"3 Louse","floor":11,"turns":4},{"damage":0,"enemies":"Gremlin Gang","floor":12,"turns":3},{"damage":9,"enemies":"Exordium Wildlife","floor":14,"turns":5},{"damage":18,"enemies":"The Guardian","floor":16,"turns":14},{"damage":21,"enemies":"2 Thieves","floor":18,"turns":4},{"damage":18,"enemies":"Spheric Guardian","floor":20,"turns":5},{"damage":13,"enemies":"Snake Plant","floor":21,"turns":5},{"damage":29,"enemies":"3 Cultists","floor":22,"turns":4},{"damage":38,"enemies":"Book of Stabbing","floor":24,"turns":7},{"damage":19,"enemies":"Cultist and Chosen","floor":25,"turns":7},{"damage":0,"enemies":"Slavers","floor":31,"turns":1},{"damage":65,"enemies":"Collector","floor":33,"turns":8}],"seed_played":"8820864988350736021","potions_obtained":[{"floor":1,"key":"LiquidBronze"},{"floor":5,"key":"Block Potion"},{"floor":6,"key":"FairyPotion"},{"floor":8,"key":"Weak Potion"},{"floor":11,"key":"Energy Potion"},{"floor":20,"key":"Swift Potion"},{"floor":22,"key":"Regen Potion"}],"is_trial":false,"path_per_floor":["M","M","?","M","?","E","$","M","T","R","M","M","R","M","R","B",null,"M","?","M","M","M","R","E","M","T","R","$","R","?","E","R","B"],"character_chosen":"IRONCLAD","items_purchased":["Iron Wave","Oddly Smooth Stone","Ornamental Fan","Juggernaut"],"campfire_rested":4,"item_purchase_floors":[7,28,28,28],"current_hp_per_floor":[68,67,56,62,62,26,26,21,21,21,18,24,24,21,43,31,64,49,49,37,30,7,29,12,9,9,31,31,53,53,59,59,0],"gold":55,"neow_bonus":"ONE_RARE_RELIC","is_prod":false,"is_daily":false,"chose_seed":false,"campfire_upgraded":3,"win_rate":0,"timestamp":1549785056,"path_taken":["M","?","?","M","?","E","$","?","T","R","M","M","R","M","R","BOSS","M","?","?","M","M","R","E","M","T","R","$","R","?","E","R","BOSS"],"build_version":"2019-01-23","purchased_purges":1,"victory":false,"max_hp_per_floor":[75,75,75,75,75,75,75,75,75,75,75,75,75,75,75,75,75,75,75,75,75,75,75,75,75,75,75,75,75,75,75,75,75],"card_choices":[{"not_picked":["Dual Wield","Iron Wave"],"picked":"Shockwave","floor":1},{"not_picked":["Sever Soul","Heavy Blade"],"picked":"Shrug It Off","floor":2},{"not_picked":["Heavy Blade","Fire Breathing"],"picked":"Battle Trance","floor":4},{"not_picked":["Warcry","Headbutt"],"picked":"Cleave","floor":6},{"not_picked":["Fire Breathing","Havoc","Pommel Strike"],"picked":"SKIP","floor":8},{"not_picked":["Rampage","Cleave"],"picked":"Disarm","floor":11},{"not_picked":["Entrench","Flex"],"picked":"Juggernaut","floor":12},{"not_picked":["Inflame","Flex"],"picked":"Metallicize","floor":14},{"not_picked":["Reaper","Feed"],"picked":"Immolate","floor":16},{"not_picked":["Clothesline","Infernal Blade"],"picked":"Metallicize","floor":18},{"not_picked":["Body Slam","Anger"],"picked":"Pommel Strike+1","floor":20},{"not_picked":["Sentinel","Spot Weakness"],"picked":"Dropkick","floor":21},{"not_picked":["Pummel","Battle Trance"],"picked":"Dropkick","floor":22},{"not_picked":["Pommel Strike","Rampage","Body Slam"],"picked":"SKIP","floor":24},{"not_picked":["Pommel Strike","Rampage","Body Slam"],"picked":"SKIP","floor":24},{"not_picked":["Heavy Blade","Infernal Blade"],"picked":"Immolate","floor":25},{"not_picked":["Flex","Hemokinesis"],"picked":"Metallicize","floor":31}],"player_experience":243582,"relics_obtained":[{"floor":6,"key":"Letter Opener"},{"floor":9,"key":"Gremlin Horn"},{"floor":24,"key":"Bottled Flame"},{"floor":26,"key":"PreservedInsect"},{"floor":31,"key":"Dead Branch"}],"event_choices":[{"damage_healed":0,"gold_gain":75,"player_choice":"Gather Gold","damage_taken":11,"max_hp_gain":0,"max_hp_loss":0,"event_name":"World of Goop","floor":3,"gold_loss":0},{"damage_healed":0,"gold_gain":0,"player_choice":"Bought 1 Potion","damage_taken":0,"max_hp_gain":0,"max_hp_loss":0,"event_name":"The Woman in Blue","floor":5,"gold_loss":0},{"damage_healed":0,"gold_gain":275,"player_choice":"Desecrate","damage_taken":0,"max_hp_gain":0,"max_hp_loss":0,"event_name":"Golden Shrine","floor":19,"gold_loss":0,"cards_obtained":["Regret"]},{"damage_healed":0,"gold_gain":0,"player_choice":"Simplicity","damage_taken":0,"max_hp_gain":0,"max_hp_loss":0,"event_name":"Back to Basics","floor":30,"gold_loss":0,"cards_upgraded":["Strike_R","Strike_R","Strike_R","Strike_R","Defend_R","Defend_R","Defend_R","Defend_R"]}],"is_beta":false,"boss_relics":[{"not_picked":["Fusion Hammer","Philosopher\u0027s Stone"],"picked":"Cursed Key"}],"items_purged_floors":[7],"is_endless":false,"potions_floor_spawned":[1,6,8,11,20,21,22],"killed_by":"Collector","ascension_level":20}