{"gold_per_floor":[110,110,35,0,17,17,17,17,17,52,52,52,83,83,83,179,179,199,214,58,58,74,74,74,74,74,74,108,27,152,40,40,130,130,145,145,209,209,209],"floor_reached":39,"playtime":2225,"items_purged":["Parasite"],"score":823,"play_id":"bd157af9-351c-4090-af23-90e6e5a3a285","local_time":"20190503152234","is_ascension_mode":true,"campfire_choices":[{"data":"Hemokinesis","floor":6,"key":"SMITH"},{"data":"Demon Form","floor":8,"key":"SMITH"},{"data":"Bash","floor":11,"key":"SMITH"},{"data":"Ghostly Armor","floor":15,"key":"SMITH"},{"data":"Flame Barrier","floor":23,"key":"SMITH"},{"data":"Immolate","floor":25,"key":"SMITH"},{"floor":27,"key":"REST"},{"data":"Heavy Blade","floor":32,"key":"SMITH"}],"neow_cost":"CURSE","seed_source_timestamp":606835482211300,"circlet_count":0,"master_deck":["AscendersBane","Strike_R+1","Strike_R+1","Strike_R+1","Defend_R+1","Defend_R+1","Defend_R+1","Bash+1","Demon Form+1","True Grit+1","Hemokinesis+1","Ghostly Armor+1","Clothesline","Immolate+1","Flame Barrier+1","Impervious","Uppercut","Sentinel+1","Whirlwind","Entrench+1","Heavy Blade+1","Limit Break+1","Body Slam"],"relics":["Burning Blood","Pocketwatch","Letter Opener","Golden Idol","Pear","Bottled Lightning","Mark of Pain","Pantograph","Toxic Egg 2","Turnip","Shuriken","Empty Cage","Ginger"],"potions_floor_usage":[10,13,18,28,30,33,37,37],"damage_taken":[{"damage":8,"enemies":"2 Louse","floor":1,"turns":4},{"damage":6,"enemies":"Cultist","floor":5,"turns":4},{"damage":4,"enemies":"Gremlin Nob","floor":10,"turns":3},{"damage":12,"enemies":"Lagavulin","floor":13,"turns":5},{"damage":48,"enemies":"The Guardian","floor":16,"turns":12},{"damage":2,"enemies":"Chosen","floor":18,"turns":3},{"damage":23,"enemies":"Spheric Guardian","floor":19,"turns":5},{"damage":8,"enemies":"Snecko","floor":22,"turns":4},{"damage":21,"enemies":"Gremlin Leader","floor":28,"turns":5},{"damage":18,"enemies":"Colosseum Slavers","floor":30,"turns":5},{"damage":7,"enemies":"Colosseum Nobs","floor":30,"turns":5},{"damage":6,"enemies":"Champ","floor":33,"turns":9},{"damage":10,"enemies":"Orb Walker","floor":35,"turns":4},{"damage":60,"enemies":"2 Orb Walkers","floor":37,"turns":5},{"damage":28,"enemies":"3 Darklings","floor":39,"turns":2}],"seed_played":"4455072953789457252","potions_obtained":[{"floor":5,"key":"Energy Potion"},{"floor":10,"key":"SneckoOil"},{"floor":13,"key":"Explosive Potion"},{"floor":16,"key":"Ancient Potion"},{"floor":19,"key":"SpeedPotion"},{"floor":28,"key":"Block Potion"},{"floor":33,"key":"Block Potion"}],"is_trial":false,"path_per_floor":["M","?","$","?","M","R","$","R","T","E","R","?","E","T","R","B",null,"M","M","$","?","M","R","?","R","T","R","E","$","?","$","R","B",null,"M","?","?","?","M"],"character_chosen":"IRONCLAD","items_purchased":["Impervious","Whirlwind","Block Potion","Heavy Blade"],"campfire_rested":1,"item_purchase_floors":[20,29,31,31],"current_hp_per_floor":[66,66,66,72,72,72,72,72,72,72,72,47,51,51,51,9,64,68,51,51,51,49,49,49,49,49,73,58,58,45,45,45,70,79,75,75,21,21,0],"gold":209,"neow_bonus":"THREE_RARE_CARDS","is_prod":false,"is_daily":false,"chose_seed":false,"campfire_upgraded":7,"win_rate":0,"timestamp":1556886154,"path_taken":["M","?","?","?","M","R","$","R","T","E","R","?","E","?","R","BOSS","M","M","$","?","M","R","?","R","T","R","E","$","?","$","R","BOSS","M","?","?","?","?"],"build_version":"2019-01-23","purchased_purges":1,"victory":false,"max_hp_per_floor":[75,75,72,72,72,72,72,72,72,72,72,72,82,82,82,82,82,82,82,82,82,82,82,82,82,82,82,82,82,82,82,82,82,82,82,82,82,82,82],"card_choices":[{"not_picked":["Bludgeon","Impervious"],"picked":"Demon Form","floor":0},{"not_picked":["Perfected Strike","Body Slam"],"picked":"True Grit","floor":1},{"not_picked":["Entrench","Flame Barrier"],"picked":"Hemokinesis","floor":5},{"not_picked":["Iron Wave","Blood for Blood"],"picked":"Ghostly Armor","floor":10},{"not_picked":["Rage","Havoc"],"picked":"Clothesline","floor":13},{"not_picked":["Exhume","Berserk"],"picked":"Immolate","floor":16},{"not_picked":["Warcry","Havoc"],"picked":"Flame Barrier","floor":18},{"not_picked":["Iron Wave","Cleave","Body Slam"],"picked":"SKIP","floor":19},{"not_picked":["Inflame","Clash"],"picked":"Uppercut","floor":22},{"not_picked":["Pummel","Clash"],"picked":"Sentinel","floor":28},{"not_picked":["True Grit+1","Dual Wield+1"],"picked":"Entrench+1","floor":30},{"not_picked":["Immolate","Brutality"],"picked":"Limit Break+1","floor":33},{"not_picked":["Clothesline","Reckless Charge","Sword Boomerang"],"picked":"SKIP","floor":35},{"not_picked":["Flex+1","True Grit+1"],"picked":"Body Slam","floor":37}],"player_experience":369548,"relics_obtained":[{"floor":9,"key":"Pocketwatch"},{"floor":10,"key":"Letter Opener"},{"floor":13,"key":"Pear"},{"floor":14,"key":"Bottled Lightning"},{"floor":26,"key":"Pantograph"},{"floor":28,"key":"Toxic Egg 2"},{"floor":30,"key":"Turnip"},{"floor":30,"key":"Shuriken"},{"floor":37,"key":"Ginger"}],"event_choices":[{"damage_healed":0,"gold_gain":0,"player_choice":"Upgraded","damage_taken":0,"max_hp_gain":0,"max_hp_loss":0,"event_name":"Upgrade Shrine","floor":2,"gold_loss":0,"cards_upgraded":["True Grit"]},{"damage_healed":18,"gold_gain":0,"player_choice":"Healed","damage_taken":0,"max_hp_gain":0,"max_hp_loss":0,"event_name":"The Cleric","floor":4,"gold_loss":35},{"damage_healed":0,"gold_gain":0,"player_choice":"Take Damage","damage_taken":25,"relics_obtained":["Golden Idol"],"max_hp_gain":0,"max_hp_loss":0,"event_name":"Golden Idol","floor":12,"gold_loss":0},{"damage_healed":0,"gold_gain":0,"player_choice":"Simplicity","damage_taken":0,"max_hp_gain":0,"max_hp_loss":0,"event_name":"Back to Basics","floor":21,"gold_loss":0,"cards_upgraded":["Strike_R","Strike_R","Strike_R","Strike_R","Strike_R","Defend_R","Defend_R","Defend_R","Defend_R"]},{"damage_healed":0,"gold_gain":0,"player_choice":"Ignored","damage_taken":0,"max_hp_gain":0,"max_hp_loss":0,"event_name":"Ghosts","floor":24,"gold_loss":0},{"damage_healed":0,"gold_gain":0,"player_choice":"Fight","damage_taken":0,"max_hp_gain":0,"max_hp_loss":0,"event_name":"Colosseum","floor":30,"gold_loss":0},{"damage_healed":0,"gold_gain":0,"player_choice":"Fought Nobs","damage_taken":0,"max_hp_gain":0,"max_hp_loss":0,"event_name":"Colosseum","floor":30,"gold_loss":0},{"cards_removed":["Defend_R"],"damage_healed":0,"gold_gain":0,"player_choice":"Removed Skill","damage_taken":0,"max_hp_gain":0,"max_hp_loss":0,"event_name":"Falling","floor":36,"gold_loss":0},{"damage_healed":0,"gold_gain":0,"player_choice":"Fight","damage_taken":0,"max_hp_gain":0,"max_hp_loss":0,"event_name":"Mysterious Sphere","floor":37,"gold_loss":0},{"damage_healed":0,"gold_gain":0,"player_choice":"Ignored","damage_taken":0,"max_hp_gain":0,"max_hp_loss":0,"event_name":"Tomb of Lord Red Mask","floor":38,"gold_loss":0}],"is_beta":false,"boss_relics":[{"not_picked":["Orrery","Black Star"],"picked":"Mark of Pain"},{"not_picked":["Astrolabe","Runic Cube"],"picked":"Empty Cage"}],"items_purged_floors":[3],"is_endless":false,"potions_floor_spawned":[5,10,13,16,19,28,33],"killed_by":"3 Darklings","ascension_level":19}