{"gold_per_floor":[115,115,115,126,126,126,141,201,201,25,40,40,60,80,80,178,178,194,210,125,125,125,125,144,172,240,133,133,153,181,200,200,200],"floor_reached":33,"playtime":1562,"items_purged":[],"score":416,"play_id":"609ddaf4-73a3-4d78-917b-347cff4ec196","local_time":"20190113172249","is_ascension_mode":true,"campfire_choices":[{"data":"Whirlwind","floor":6.0,"key":"SMITH"},{"data":"Sword Boomerang","floor":12.0,"key":"SMITH"},{"data":"Pummel","floor":15.0,"key":"SMITH"},{"data":"Immolate","floor":23.0,"key":"SMITH"},{"data":"Shockwave","floor":28.0,"key":"SMITH"},{"data":"Whirlwind","floor":32.0,"key":"SMITH"}],"neow_cost":"NONE","seed_source_timestamp":0,"circlet_count":0,"master_deck":["Strike_R+1","Strike_R+1","Strike_R+1","Strike_R+1","Defend_R+1","Defend_R+1","Defend_R+1","Defend_R+1","Bash","Wild Strike","Whirlwind+1","Reckless Charge","Sword Boomerang+1","Shrug It Off","Shrug It Off","Pummel+1","Shockwave+1","Immolate+1","Iron Wave+1","Entrench+1","Whirlwind+1","Inflame","Dropkick","Inflame+1","Evolve"],"special_seed":0,"relics":["Burning Blood","Oddly Smooth Stone","Ice Cream","Tiny Chest","Pear","Red Skull","Sozu","Centennial Puzzle","Matryoshka","Anchor","Bottled Lightning","Dodecahedron"],"potions_floor_usage":[33],"damage_taken":[{"damage":4.0,"enemies":"Small Slimes","floor":1.0,"turns":4.0},{"damage":6.0,"enemies":"Cultist","floor":4.0,"turns":3.0},{"damage":0.0,"enemies":"2 Louse","floor":7.0,"turns":2.0},{"damage":22.0,"enemies":"Lagavulin","floor":8.0,"turns":6.0},{"damage":7.0,"enemies":"Looter","floor":11.0,"turns":3.0},{"damage":15.0,"enemies":"Blue Slaver","floor":13.0,"turns":3.0},{"damage":0.0,"enemies":"3 Louse","floor":14.0,"turns":1.0},{"damage":55.0,"enemies":"Hexaghost","floor":16.0,"turns":10.0},{"damage":11.0,"enemies":"2 Thieves","floor":18.0,"turns":3.0},{"damage":0.0,"enemies":"Chosen","floor":19.0,"turns":4.0},{"damage":13.0,"enemies":"Centurion and Healer","floor":24.0,"turns":4.0},{"damage":12.0,"enemies":"Gremlin Leader","floor":25.0,"turns":6.0},{"damage":0.0,"enemies":"3 Cultists","floor":29.0,"turns":2.0},{"damage":9.0,"enemies":"Book of Stabbing","floor":30.0,"turns":4.0},{"damage":0.0,"enemies":"Chosen and Byrds","floor":31.0,"turns":3.0},{"damage":84,"enemies":"Automaton","floor":33,"turns":6}],"seed_played":"1954034002075190879","potions_obtained":[{"floor":7.0,"key":"Ancient Potion"},{"floor":11.0,"key":"Dexterity Potion"},{"floor":13.0,"key":"Weak Potion"},{"floor":16.0,"key":"GamblersBrew"}],"is_trial":false,"path_per_floor":["M","?","$","M","?","R","M","E","T","$","M","R","M","M","R","B",null,"M","M","?","?","?","R","M","E","T","$","R","M","E","M","R","B"],"character_chosen":"IRONCLAD","items_purchased":["Red Skull","Shrug It Off","Inflame","Dropkick"],"campfire_rested":0,"item_purchase_floors":[10,10,27,27],"current_hp_per_floor":[74,74,74,74,67,67,73,57,67,67,66,66,57,63,63,14,71,66,72,72,72,72,72,65,59,59,59,59,65,62,68,68,0],"gold":200,"neow_bonus":"RANDOM_COMMON_RELIC","is_prod":false,"is_daily":false,"chose_seed":false,"campfire_upgraded":6,"win_rate":0,"timestamp":1547396569,"path_taken":["M","?","$","?","?","R","M","E","T","$","M","R","M","M","R","BOSS","M","M","?","?","?","R","M","E","T","$","R","M","E","M","R","BOSS"],"build_version":"2019-01-10","purchased_purges":0,"victory":false,"max_hp_per_floor":[80,80,80,80,80,80,80,80,90,90,90,90,90,90,90,90,90,90,90,90,90,90,90,90,90,90,90,90,90,90,90,90,90],"card_choices":[{"not_picked":["True Grit","Sever Soul"],"picked":"Wild Strike","floor":1.0},{"not_picked":["Body Slam","Clothesline"],"picked":"Whirlwind","floor":4.0},{"not_picked":["Thunderclap","Cleave"],"picked":"Reckless Charge","floor":7.0},{"not_picked":["Fiend Fire","Sever Soul"],"picked":"Sword Boomerang","floor":8.0},{"not_picked":["Body Slam","Clash"],"picked":"Shrug It Off","floor":11.0},{"not_picked":["Whirlwind","Power Through"],"picked":"Pummel","floor":13.0},{"not_picked":["Body Slam","Warcry"],"picked":"Shockwave","floor":14.0},{"not_picked":["Bludgeon","Juggernaut"],"picked":"Immolate","floor":16.0},{"not_picked":["Body Slam","Headbutt"],"picked":"Iron Wave+1","floor":18.0},{"not_picked":["Pommel Strike","Battle Trance+1"],"picked":"Entrench+1","floor":19.0},{"not_picked":["Sever Soul","Feel No Pain","Perfected Strike"],"picked":"SKIP","floor":24.0},{"not_picked":["Thunderclap","Sever Soul+1"],"picked":"Whirlwind","floor":25.0},{"not_picked":["Body Slam","Havoc+1"],"picked":"Inflame+1","floor":29.0},{"not_picked":["Anger","Demon Form"],"picked":"Evolve","floor":30.0},{"not_picked":["Iron Wave","Feel No Pain","Clothesline"],"picked":"SKIP","floor":31.0}],"player_experience":461223,"relics_obtained":[{"floor":8.0,"key":"Tiny Chest"},{"floor":9.0,"key":"Pear"},{"floor":25.0,"key":"Matryoshka"},{"floor":26.0,"key":"Anchor"},{"floor":26.0,"key":"Bottled Lightning"},{"floor":30.0,"key":"Dodecahedron"}],"event_choices":[{"cards_removed":["Strike_R"],"damage_healed":0.0,"max_hp_gain":0.0,"max_hp_loss":0.0,"gold_gain":0.0,"event_name":"Bonfire Elementals","player_choice":"Offered Basic","floor":2.0,"gold_loss":0.0,"damage_taken":0.0},{"damage_healed":0.0,"max_hp_gain":0.0,"max_hp_loss":0.0,"gold_gain":0.0,"event_name":"Scrap Ooze","player_choice":"Success","floor":5.0,"gold_loss":0.0,"damage_taken":7.0,"relics_obtained":["Ice Cream"]},{"damage_healed":0.0,"max_hp_gain":0.0,"max_hp_loss":0.0,"gold_gain":0.0,"event_name":"Addict","player_choice":"Obtained Relic","floor":20.0,"gold_loss":85.0,"damage_taken":0.0,"relics_obtained":["Centennial Puzzle"]},{"damage_healed":0.0,"max_hp_gain":0.0,"max_hp_loss":0.0,"gold_gain":0.0,"event_name":"Back to Basics","player_choice":"Simplicity","floor":21.0,"gold_loss":0.0,"damage_taken":0.0,"cards_upgraded":["Strike_R","Strike_R","Strike_R","Strike_R","Defend_R","Defend_R","Defend_R","Defend_R"]},{"damage_healed":0.0,"max_hp_gain":0.0,"max_hp_loss":0.0,"gold_gain":0.0,"event_name":"Vampires","player_choice":"Ignored","floor":22.0,"gold_loss":0.0,"damage_taken":0.0}],"is_beta":false,"boss_relics":[{"not_picked":["Eternal Feather","Coffee Dripper"],"picked":"Sozu"}],"items_purged_floors":[],"is_endless":false,"potions_floor_spawned":[7,11,13,14,16,18,29,30],"killed_by":"Automaton","ascension_level":9}