{"gold_per_floor":[18,31,45,45,57,90,90,119,119,119,148,178,189,109,109,205,205,224,254,254,265,283,283,318,243,243,259,52,86,86,99,99,201,201,220,234,234,244,244,244,276,287,314,161,161,175,175,22,22,22],"floor_reached":51,"playtime":9264,"items_purged":["Writhe","Clumsy"],"score":1115,"play_id":"310b6736-d824-4f2e-bedc-892565eecb75","local_time":"20181227170720","is_ascension_mode":true,"campfire_choices":[{"floor":7.0,"key":"REST"},{"data":"White Noise","floor":10.0,"key":"SMITH"},{"data":"Dualcast","floor":15,"key":"SMITH"},{"data":"Streamline","floor":23,"key":"SMITH"},{"data":"Hologram","floor":30,"key":"SMITH"},{"data":"Loop","floor":32,"key":"SMITH"},{"data":"Thunder Strike","floor":40,"key":"SMITH"},{"data":"Leap","floor":45,"key":"SMITH"},{"data":"Seek","floor":47,"key":"SMITH"},{"data":"Glacier","floor":49,"key":"SMITH"}],"neow_cost":"NO_GOLD","seed_source_timestamp":5180499728536,"circlet_count":0,"master_deck":["AscendersBane","Strike_B","Defend_B","Defend_B","Defend_B","Zap+1","Dualcast+1","Streamline+1","Ball Lightning","Coolheaded","Leap+1","BootSequence+1","White Noise+1","Rebound","Darkness","Undo","Seek+1","Hologram+1","Glacier+1","Ghostly","Ghostly","Ghostly","Ghostly","Ghostly+1","Consume+1","Loop+1","Reinforced Body+1","Capacitor+1","Redo+1","Thunder Strike+1","Rip and Tear+1","Steam+1","Defragment+1","Streamline+1","Tempest+1","Coolheaded+1","Go for the Eyes+1","Parasite","BootSequence+1","Hologram+1"],"special_seed":0,"relics":["Cracked Core","Pen Nib","Lantern","Pantograph","Ornamental Fan","Odd Mushroom","Cursed Key","Red Mask","Toxic Egg 2","War Paint","Strange Spoon","Mummified Hand","Astrolabe","Blood Vial","Centennial Puzzle"],"potions_floor_usage":[12,18,18,19,21,29,38,46,46,50],"damage_taken":[{"damage":1.0,"enemies":"Cultist","floor":1.0,"turns":3.0},{"damage":0.0,"enemies":"Small Slimes","floor":2.0,"turns":2.0},{"damage":2.0,"enemies":"Jaw Worm","floor":3.0,"turns":3.0},{"damage":7.0,"enemies":"2 Fungi Beasts","floor":5.0,"turns":3.0},{"damage":29.0,"enemies":"Gremlin Nob","floor":6.0,"turns":4.0},{"damage":14.0,"enemies":"Lagavulin","floor":8.0,"turns":6.0},{"damage":21.0,"enemies":"3 Sentries","floor":11.0,"turns":6.0},{"damage":10,"enemies":"The Mushroom Lair","floor":12,"turns":3},{"damage":0,"enemies":"Exordium Thugs","floor":13,"turns":4},{"damage":24,"enemies":"The Guardian","floor":16,"turns":11},{"damage":3,"enemies":"2 Thieves","floor":18,"turns":3},{"damage":15,"enemies":"Masked Bandits","floor":19,"turns":4},{"damage":0,"enemies":"Spheric Guardian","floor":21,"turns":3},{"damage":0,"enemies":"Snake Plant","floor":22,"turns":6},{"damage":4,"enemies":"Slavers","floor":24,"turns":8},{"damage":0,"enemies":"Chosen and Byrds","floor":27,"turns":6},{"damage":3,"enemies":"Book of Stabbing","floor":29,"turns":8},{"damage":0,"enemies":"Centurion and Healer","floor":31,"turns":8},{"damage":6,"enemies":"Automaton","floor":33,"turns":12},{"damage":0,"enemies":"3 Shapes","floor":35,"turns":4},{"damage":1,"enemies":"Orb Walker","floor":36,"turns":4},{"damage":25,"enemies":"Maw","floor":38,"turns":6},{"damage":5,"enemies":"Giant Head","floor":41,"turns":9},{"damage":0,"enemies":"3 Darklings","floor":42,"turns":8},{"damage":0,"enemies":"Sphere and 2 Shapes","floor":46,"turns":4},{"damage":15,"enemies":"Awakened One","floor":50,"turns":19}],"seed_played":"8871374762936482401","potions_obtained":[{"floor":1.0,"key":"Energy Potion"},{"floor":3.0,"key":"Regen Potion"},{"floor":11.0,"key":"Weak Potion"},{"floor":12,"key":"SkillPotion"},{"floor":16,"key":"Weak Potion"},{"floor":18,"key":"Swift Potion"},{"floor":19,"key":"Swift Potion"},{"floor":27,"key":"Poison Potion"},{"floor":36,"key":"Poison Potion"},{"floor":41,"key":"Poison Potion"},{"floor":42,"key":"Explosive Potion"}],"is_trial":false,"path_per_floor":["M","M","?","M","E","R","E","T","R","E","M","$","R","B",null,"M","?","?","M","M","R","E","$","T","M","$","E","R","M","R","B",null,"M","M","?","M","?","R","E","M","T","$","R","M","R","$","R","B",null],"character_chosen":"DEFECT","items_purchased":["Undo","Loop","Strange Spoon","Ancient Potion","Hologram+1"],"campfire_rested":1,"item_purchase_floors":[14,25,28,44,48],"current_hp_per_floor":[81,81,79,79,72,43,69,70,70,70,49,39,39,39,39,40,77,74,59,44,44,44,44,40,40,40,40,40,37,37,37,37,38,43,43,42,42,17,28,28,23,25,25,25,25,27,27,27,27,29],"gold":22,"neow_bonus":"TWENTY_PERCENT_HP_BONUS","is_prod":false,"is_daily":false,"chose_seed":false,"campfire_upgraded":9,"win_rate":0,"timestamp":1545926840,"path_taken":["M","M","M","?","?","E","R","E","T","R","E","?","M","$","R","BOSS","M","?","?","?","M","R","E","$","T","M","$","E","R","M","R","BOSS","M","M","?","?","?","R","E","M","T","$","R","M","R","?","R","BOSS"],"build_version":"2018-12-25","purchased_purges":2,"victory":true,"max_hp_per_floor":[89,89,89,89,89,89,89,89,89,89,89,89,89,89,89,89,89,89,89,44,44,44,44,44,44,44,44,44,44,44,44,44,44,44,44,44,44,44,44,44,44,44,44,44,44,44,44,44,44,44],"card_choices":[{"not_picked":["Barrage","Melter"],"picked":"Streamline","floor":1.0},{"not_picked":["Leap","Hello World"],"picked":"Ball Lightning","floor":2.0},{"not_picked":["Tempest","Cold Snap"],"picked":"Coolheaded","floor":3.0},{"not_picked":["Skim","Aggregate"],"picked":"Leap","floor":5.0},{"not_picked":["Turbo","Force Field"],"picked":"BootSequence","floor":6.0},{"not_picked":["Meteor Strike","Static Discharge"],"picked":"White Noise","floor":8.0},{"not_picked":["Barrage","Blizzard","Stack"],"picked":"SKIP","floor":11.0},{"not_picked":["Stack","Steam"],"picked":"Rebound","floor":12},{"not_picked":["FTL","Ball Lightning"],"picked":"Darkness","floor":13},{"not_picked":["Electrodynamics","Machine Learning"],"picked":"Seek","floor":16},{"not_picked":["Stack","Conserve Battery"],"picked":"Hologram","floor":18},{"not_picked":["Doom and Gloom+1","Hologram"],"picked":"Glacier","floor":19},{"not_picked":["Turbo","Loop"],"picked":"Consume+1","floor":21},{"not_picked":["Rebound","Sweeping Beam","Double Energy"],"picked":"SKIP","floor":22},{"not_picked":["Hello World","Steam","Fusion"],"picked":"SKIP","floor":24},{"not_picked":["Barrage+1","Static Discharge"],"picked":"Reinforced Body+1","floor":27},{"not_picked":["White Noise+1","Lockon"],"picked":"Capacitor+1","floor":29},{"not_picked":["Rebound","Conserve Battery+1"],"picked":"Redo+1","floor":31},{"not_picked":["Amplify+1","Biased Cognition"],"picked":"Thunder Strike","floor":33},{"not_picked":["Loop+1","Chaos+1"],"picked":"Streamline+1","floor":35},{"not_picked":["Steam+1","Compile Driver+1"],"picked":"Tempest+1","floor":36},{"not_picked":["Rebound","Doom and Gloom","Scrape+1"],"picked":"SKIP","floor":38},{"not_picked":["FTL","Melter+1"],"picked":"Coolheaded+1","floor":41},{"not_picked":["Stack+1","Electrodynamics"],"picked":"Go for the Eyes+1","floor":42},{"not_picked":["Steam+1","Glacier+1"],"picked":"BootSequence+1","floor":46}],"player_experience":314638,"relics_obtained":[{"floor":6.0,"key":"Pen Nib"},{"floor":8.0,"key":"Lantern"},{"floor":9.0,"key":"Pantograph"},{"floor":11.0,"key":"Ornamental Fan"},{"floor":12,"key":"Odd Mushroom"},{"floor":19,"key":"Red Mask"},{"floor":24,"key":"Toxic Egg 2"},{"floor":26,"key":"War Paint"},{"floor":29,"key":"Mummified Hand"},{"floor":41,"key":"Blood Vial"},{"floor":43,"key":"Centennial Puzzle"}],"event_choices":[{"damage_healed":0.0,"max_hp_gain":0.0,"max_hp_loss":0.0,"gold_gain":0.0,"event_name":"Upgrade Shrine","player_choice":"Upgraded","floor":4.0,"gold_loss":0.0,"damage_taken":0.0,"cards_upgraded":["Zap"]},{"damage_healed":0,"gold_gain":0,"player_choice":"Fought Mushrooms","damage_taken":0,"max_hp_gain":0,"max_hp_loss":0,"event_name":"Mushrooms","floor":12,"gold_loss":0},{"damage_healed":0,"gold_gain":0,"player_choice":"Fought Bandits","damage_taken":0,"max_hp_gain":0,"max_hp_loss":0,"event_name":"Masked Bandits","floor":19,"gold_loss":0},{"damage_healed":0,"gold_gain":0,"player_choice":"Became a Ghost","damage_taken":0,"max_hp_gain":0,"max_hp_loss":45,"event_name":"Ghosts","floor":20,"gold_loss":0,"cards_obtained":["Ghostly","Ghostly","Ghostly","Ghostly","Ghostly"]},{"cards_removed":["Strike_B"],"damage_healed":0,"gold_gain":0,"player_choice":"Purged","damage_taken":0,"max_hp_gain":0,"max_hp_loss":0,"event_name":"Purifier","floor":37,"gold_loss":0},{"damage_healed":11,"gold_gain":0,"player_choice":"Writhe","damage_taken":0,"max_hp_gain":0,"max_hp_loss":0,"event_name":"Winding Halls","floor":39,"gold_loss":0,"cards_obtained":["Writhe"]}],"is_beta":true,"boss_relics":[{"not_picked":["Tiny House","Ectoplasm"],"picked":"Cursed Key"},{"not_picked":["FrozenCore","Empty Cage"],"picked":"Astrolabe"}],"items_purged_floors":[44,48],"is_endless":false,"potions_floor_spawned":[1,3,11,12,16,18,19,27,36,41,42],"ascension_level":10}