{"gold_per_floor":[112,129,1,1,1,1,329,329,355,383,383,399,8,26,26,103,103,114,384,404,419,432,432,145,173,173,223,223,280,280,299,299,373,373,389,214,229,245,296,328,328,357,384,195,195,230,246,44,44,44,44,44,44,21,46,46],"floor_reached":57,"playtime":4902,"items_purged":["Regret","Strike_R","Decay","Strike_R"],"score":2922,"play_id":"9377c2ad-3f56-43bd-8bea-b6f63e3f475b","local_time":"20190507111215","is_ascension_mode":true,"campfire_choices":[{"data":"Bash","floor":6.0,"key":"SMITH"},{"floor":8.0,"key":"REST"},{"data":"Apotheosis","floor":15.0,"key":"SMITH"},{"data":"Battle Trance","floor":23.0,"key":"SMITH"},{"floor":28.0,"key":"RECALL"},{"floor":32.0,"key":"REST"},{"floor":41,"key":"REST"},{"data":"Burning Pact","floor":45,"key":"SMITH"},{"data":"Inflame","floor":49,"key":"SMITH"},{"data":"Barricade","floor":53,"key":"SMITH"}],"neow_cost":"CURSE","seed_source_timestamp":2753290157000,"circlet_count":0,"master_deck":["AscendersBane","Strike_R","Strike_R","Defend_R","Defend_R","Defend_R","Defend_R","Bash+1","Shockwave","Combust","Shrug It Off","Havoc","Fiend Fire","Apotheosis+1","True Grit","Battle Trance+1","Limit Break","Uppercut","Shockwave","Rupture","Feel No Pain","Corruption","Barricade+1","Headbutt+1","Juggernaut","Corruption","Shrug It Off","Shrug It Off","Burning Pact+1","Feel No Pain","Flame Barrier","Inflame+1","Feel No Pain","Heavy Blade","Twin Strike","Pummel"],"special_seed":0,"relics":["Burning Blood","Charon\u0027s Ashes","Old Coin","Potion Belt","Bag of Preparation","Magic Flower","Membership Card","Snecko Eye","Happy Flower","Sling","Centennial Puzzle","Tiny Chest","Sozu","Medical Kit","Gambling Chip","Nunchaku","Pantograph","PreservedInsect","ClockworkSouvenir","The Courier","Mango","StoneCalendar"],"potions_floor_usage":[56,56],"damage_taken":[{"damage":10.0,"enemies":"2 Louse","floor":1.0,"turns":4.0},{"damage":12.0,"enemies":"Jaw Worm","floor":2.0,"turns":3.0},{"damage":30.0,"enemies":"Lagavulin","floor":7.0,"turns":5.0},{"damage":27.0,"enemies":"Gremlin Nob","floor":10.0,"turns":4.0},{"damage":5.0,"enemies":"Cultist","floor":12.0,"turns":4.0},{"damage":1.0,"enemies":"2 Fungi Beasts","floor":14.0,"turns":2.0},{"damage":17.0,"enemies":"The Guardian","floor":16.0,"turns":11.0},{"damage":0.0,"enemies":"Chosen","floor":18.0,"turns":2.0},{"damage":8.0,"enemies":"2 Thieves","floor":20.0,"turns":4.0},{"damage":8.0,"enemies":"3 Cultists","floor":21.0,"turns":4.0},{"damage":3.0,"enemies":"Centurion and Healer","floor":22.0,"turns":2.0},{"damage":2.0,"enemies":"Gremlin Leader","floor":25.0,"turns":4.0},{"damage":28.0,"enemies":"Book of Stabbing","floor":29.0,"turns":4.0},{"damage":0.0,"enemies":"Snake Plant","floor":31.0,"turns":3.0},{"damage":29.0,"enemies":"Automaton","floor":33.0,"turns":9.0},{"damage":1.0,"enemies":"Orb Walker","floor":35.0,"turns":3.0},{"damage":6.0,"enemies":"3 Darklings","floor":37.0,"turns":3.0},{"damage":11.0,"enemies":"Sphere and 2 Shapes","floor":38.0,"turns":4.0},{"damage":8,"enemies":"2 Orb Walkers","floor":39,"turns":3},{"damage":36,"enemies":"Reptomancer","floor":40,"turns":4},{"damage":6,"enemies":"Giant Head","floor":42,"turns":4},{"damage":0,"enemies":"Nemesis","floor":46,"turns":5},{"damage":0,"enemies":"4 Shapes","floor":47,"turns":3},{"damage":37,"enemies":"Donu and Deca","floor":50,"turns":8},{"damage":7,"enemies":"Time Eater","floor":51,"turns":10},{"damage":11,"enemies":"Shield and Spear","floor":55,"turns":5},{"damage":46,"enemies":"The Heart","floor":56,"turns":8}],"seed_played":"-8072144425590275359","potions_obtained":[{"floor":7.0,"key":"Explosive Potion"},{"floor":10.0,"key":"Poison Potion"},{"floor":12.0,"key":"FairyPotion"},{"floor":16.0,"key":"GamblersBrew"},{"floor":20.0,"key":"EssenceOfSteel"},{"floor":21.0,"key":"GamblersBrew"},{"floor":25.0,"key":"PowerPotion"},{"floor":31.0,"key":"Explosive Potion"}],"is_trial":false,"path_per_floor":["M","M","$","?","$","R","E","R","T","E","?","M","$","M","R","B",null,"M","?","M","M","M","R","$","E","T","?","R","E","?","M","R","B",null,"M","$","M","M","?","E","R","E","T","$","R","E","M","$","R","B","B",null,"R","$","E","B",null],"character_chosen":"IRONCLAD","items_purchased":["Poison Potion","Membership Card","Fiend Fire","Apotheosis","True Grit","Feel No Pain","Happy Flower","Sling","Medical Kit","ClockworkSouvenir","Inflame","Feel No Pain","Mango","Heavy Blade","Twin Strike"],"campfire_rested":3,"item_purchase_floors":[3,13,13,13,13,24,24,24,36,44,48,48,48,48,54],"current_hp_per_floor":[64,58,58,51,51,51,27,49,49,28,17,21,21,29,29,21,62,71,43,44,45,51,51,51,58,58,58,58,39,39,48,70,50,69,75,75,75,73,74,47,69,72,72,72,72,75,75,89,89,61,89,89,89,89,87,52],"gold":46,"neow_bonus":"ONE_RARE_RELIC","is_prod":false,"is_daily":false,"chose_seed":false,"campfire_upgraded":6,"win_rate":0,"timestamp":1557223935,"path_taken":["M","M","$","?","$","R","E","R","T","E","?","M","$","M","R","BOSS","M","?","?","M","M","R","$","E","T","?","R","E","?","M","R","BOSS","M","$","M","M","?","E","R","E","T","?","R","E","M","$","R","BOSS","BOSS","R","$","E","BOSS"],"build_version":"2019-01-23","purchased_purges":4,"victory":true,"max_hp_per_floor":[75,75,75,75,75,75,75,75,75,75,75,75,75,75,75,75,75,75,75,75,75,75,75,75,75,75,75,75,75,75,75,75,75,75,75,75,75,75,75,75,75,75,75,75,75,75,75,89,89,89,89,89,89,89,89,89],"card_choices":[{"not_picked":["True Grit","Clash"],"picked":"Shockwave","floor":1.0},{"not_picked":["Flex","Perfected Strike","Power Through"],"picked":"SKIP","floor":2.0},{"not_picked":["Power Through","Armaments"],"picked":"Combust","floor":7.0},{"not_picked":["True Grit","Second Wind"],"picked":"Shrug It Off","floor":10.0},{"not_picked":["Bloodletting","Body Slam"],"picked":"Havoc","floor":12.0},{"not_picked":["Fire Breathing","Thunderclap"],"picked":"Battle Trance","floor":14.0},{"not_picked":["Bludgeon","Berserk"],"picked":"Limit Break","floor":16.0},{"not_picked":["Shockwave","Twin Strike"],"picked":"Uppercut","floor":18.0},{"not_picked":["Cleave","Combust"],"picked":"Shockwave","floor":20.0},{"not_picked":["Pommel Strike","Hemokinesis","Armaments"],"picked":"SKIP","floor":21.0},{"not_picked":["Perfected Strike","Clash"],"picked":"Rupture","floor":22.0},{"not_picked":["Shrug It Off","Carnage"],"picked":"Corruption","floor":25.0},{"not_picked":["Power Through","Corruption"],"picked":"Barricade","floor":29.0},{"not_picked":["Whirlwind","Cleave"],"picked":"Headbutt+1","floor":31.0},{"not_picked":["Double Tap","Offering"],"picked":"Juggernaut","floor":33.0},{"not_picked":["Reckless Charge","Heavy Blade","Pummel+1"],"picked":"SKIP","floor":35.0},{"not_picked":["Shockwave","Iron Wave"],"picked":"Corruption","floor":37.0},{"not_picked":["Havoc","Warcry"],"picked":"Shrug It Off","floor":38.0},{"not_picked":["Anger","Headbutt"],"picked":"Shrug It Off","floor":39},{"not_picked":["Seeing Red","Iron Wave"],"picked":"Burning Pact","floor":40},{"not_picked":["Body Slam","Ghostly Armor"],"picked":"Feel No Pain","floor":42},{"not_picked":["Carnage","Twin Strike+1"],"picked":"Flame Barrier","floor":46},{"not_picked":["Twin Strike","Pommel Strike","Sword Boomerang+1"],"picked":"SKIP","floor":47},{"not_picked":["Warcry","Headbutt"],"picked":"Pummel","floor":55}],"player_experience":2993310,"relics_obtained":[{"floor":7.0,"key":"Old Coin"},{"floor":9.0,"key":"Potion Belt"},{"floor":10.0,"key":"Bag of Preparation"},{"floor":25.0,"key":"Centennial Puzzle"},{"floor":29.0,"key":"Tiny Chest"},{"floor":39,"key":"Gambling Chip"},{"floor":40,"key":"Nunchaku"},{"floor":42,"key":"Pantograph"},{"floor":43,"key":"PreservedInsect"},{"floor":46,"key":"The Courier"},{"floor":55,"key":"StoneCalendar"}],"event_choices":[{"cards_removed":["Strike_R"],"damage_healed":0.0,"max_hp_gain":0.0,"max_hp_loss":0.0,"gold_gain":0.0,"event_name":"Golden Wing","player_choice":"Card Removal","floor":4.0,"gold_loss":0.0,"damage_taken":7.0},{"damage_healed":0.0,"max_hp_gain":0.0,"max_hp_loss":0.0,"gold_gain":0.0,"event_name":"Scrap Ooze","player_choice":"Success","floor":11.0,"gold_loss":0.0,"damage_taken":11.0,"relics_obtained":["Magic Flower"]},{"damage_healed":0.0,"max_hp_gain":0.0,"max_hp_loss":0.0,"gold_gain":270.0,"event_name":"Knowing Skull","player_choice":"GOLD GOLD GOLD ","floor":19.0,"potions_obtained":[],"gold_loss":0.0,"damage_taken":28.0,"cards_obtained":[]},{"damage_healed":0.0,"max_hp_gain":0.0,"max_hp_loss":0.0,"gold_gain":50.0,"event_name":"Nest","player_choice":"Stole From Cult","floor":27.0,"gold_loss":0.0,"damage_taken":0.0},{"damage_healed":0.0,"max_hp_gain":0.0,"max_hp_loss":0.0,"gold_gain":0.0,"event_name":"Forgotten Altar","player_choice":"Smashed Altar","floor":30.0,"gold_loss":0.0,"damage_taken":0.0,"cards_obtained":["Decay"]},{"damage_healed":0,"gold_gain":0,"player_choice":"Fight","damage_taken":0,"max_hp_gain":0,"max_hp_loss":0,"event_name":"Mysterious Sphere","floor":39,"gold_loss":0}],"is_beta":false,"boss_relics":[{"not_picked":["Velvet Choker","Fusion Hammer"],"picked":"Snecko Eye"},{"not_picked":["Orrery","Coffee Dripper"],"picked":"Sozu"}],"items_purged_floors":[3,24,36,44],"is_endless":false,"potions_floor_spawned":[7,10,12,16,20,21,25,31,35,37,40],"ascension_level":20}