{"gold_per_floor":[363,538,556,556,0,27,27,62,62,79,79,97,97,130,130,229,229,239,251,166,178,206,250,18,18,18,37,37,37,37,37,37,133,133,133],"floor_reached":35,"playtime":1103,"items_purged":["Doubt","Decay"],"score":508,"play_id":"bde16696-eddb-446f-80e3-b0fbc3914c88","local_time":"25611114165017","is_ascension_mode":true,"campfire_choices":[{"floor":7.0,"key":"REST"},{"floor":11.0,"key":"REST"},{"data":"Sunder","floor":13.0,"key":"SMITH"},{"data":"Rip and Tear","floor":15.0,"key":"SMITH"},{"data":"Creative AI","floor":25,"key":"SMITH"},{"floor":28,"key":"REST"},{"floor":32,"key":"REST"}],"neow_cost":"CURSE","seed_source_timestamp":12717542300764,"circlet_count":0,"master_deck":["Strike_B+1","Strike_B+1","Strike_B","Strike_B","Defend_B","Defend_B","Defend_B","Defend_B","Zap","Dualcast","Writhe","Ball Lightning","Sunder+1","Genetic Algorithm","Self Repair","Self Repair","Steam","Rip and Tear+1","Creative AI+1","Skim+1","Ball Lightning+1","Normality","Amplify"],"special_seed":0,"relics":["Cracked Core","Blood Vial","StoneCalendar","Calipers","Cables","Shuriken","Centennial Puzzle","Cursed Key","MawBank","Ornamental Fan","Membership Card","Gambling Chip","WingedGreaves","Inserter"],"potions_floor_usage":[23,30,35],"damage_taken":[{"damage":0.0,"enemies":"Cultist","floor":1.0,"turns":4.0},{"damage":0.0,"enemies":"Small Slimes","floor":3.0,"turns":2.0},{"damage":30.0,"enemies":"Gremlin Nob","floor":6.0,"turns":4.0},{"damage":30.0,"enemies":"Lagavulin","floor":8.0,"turns":6.0},{"damage":9.0,"enemies":"Jaw Worm","floor":10.0,"turns":3.0},{"damage":4.0,"enemies":"Exordium Wildlife","floor":12.0,"turns":4.0},{"damage":16.0,"enemies":"Gremlin Nob","floor":14.0,"turns":3.0},{"damage":6.0,"enemies":"Slime Boss","floor":16.0,"turns":7.0},{"damage":12.0,"enemies":"3 Byrds","floor":18.0,"turns":5.0},{"damage":12.0,"enemies":"Chosen","floor":19.0,"turns":3.0},{"damage":18.0,"enemies":"Centurion and Healer","floor":22.0,"turns":7.0},{"damage":35,"enemies":"Book of Stabbing","floor":23,"turns":4},{"damage":20,"enemies":"Snake Plant","floor":27,"turns":4},{"damage":16,"enemies":"Colosseum Slavers","floor":30,"turns":3},{"damage":73,"enemies":"Collector","floor":33,"turns":8},{"damage":69,"enemies":"3 Darklings","floor":35,"turns":5}],"seed_played":"-5302052668424040778","potions_obtained":[{"floor":10.0,"key":"SteroidPotion"},{"floor":12.0,"key":"Explosive Potion"},{"floor":22.0,"key":"Poison Potion"},{"floor":27,"key":"LiquidBronze"},{"floor":33,"key":"Energy Potion"}],"is_trial":false,"path_per_floor":["M","?","M","?","$","E","R","E","T","M","R","M","R","E","R","B",null,"M","M","?","?","M","E","$","R","T","M","R","?","?","?","R","B",null,"M"],"character_chosen":"DEFECT","items_purchased":["Blood Vial","Genetic Algorithm","StoneCalendar","Membership Card"],"campfire_rested":4,"item_purchase_floors":[5,5,5,24],"current_hp_per_floor":[68,68,68,53,53,25,47,26,26,33,55,67,67,53,53,56,70,74,70,70,70,75,40,40,40,40,36,58,58,51,51,73,16,60,0],"gold":133,"neow_bonus":"TWO_FIFTY_GOLD","is_prod":false,"is_daily":false,"chose_seed":false,"campfire_upgraded":3,"win_rate":0,"timestamp":1542189017,"path_taken":["M","?","M","?","$","E","R","E","T","M","R","?","R","E","R","BOSS","M","M","?","?","?","E","?","R","T","M","R","?","?","?","R","BOSS","M"],"build_version":"2018-11-08","purchased_purges":2,"victory":false,"max_hp_per_floor":[75,75,75,75,75,75,75,75,75,75,75,75,75,75,75,75,75,75,75,75,75,75,75,75,75,75,75,75,75,75,75,75,75,75,75],"card_choices":[{"not_picked":["Beam Cell","Sweeping Beam"],"picked":"Ball Lightning","floor":1.0},{"not_picked":["Turbo","Go for the Eyes"],"picked":"Sunder","floor":3.0},{"not_picked":["Beam Cell","Static Discharge"],"picked":"Self Repair","floor":6.0},{"not_picked":["Machine Learning","Steam"],"picked":"Self Repair","floor":8.0},{"not_picked":["Hologram","Compile Driver"],"picked":"Steam","floor":10.0},{"not_picked":["Rebound","Barrage"],"picked":"Rip and Tear","floor":12.0},{"not_picked":["Compile Driver","Leap","Tempest"],"picked":"SKIP","floor":14.0},{"not_picked":["Fission","Hyperbeam"],"picked":"Creative AI","floor":16.0},{"not_picked":["Streamline","Cold Snap"],"picked":"Skim+1","floor":18.0},{"not_picked":["Ball Lightning+1","Capacitor+1","Conserve Battery"],"picked":"SKIP","floor":19.0},{"not_picked":["Coolheaded+1","Cold Snap+1","Sunder"],"picked":"SKIP","floor":22.0},{"not_picked":["Skim+1","Coolheaded"],"picked":"Ball Lightning+1","floor":23},{"not_picked":["Leap","FTL","Hologram"],"picked":"SKIP","floor":27},{"not_picked":["Seek","Thunder Strike"],"picked":"Amplify","floor":33}],"player_experience":129616,"relics_obtained":[{"floor":6.0,"key":"Calipers"},{"floor":8.0,"key":"Cables"},{"floor":9.0,"key":"Shuriken"},{"floor":14.0,"key":"Centennial Puzzle"},{"floor":23,"key":"Ornamental Fan"},{"floor":26,"key":"Gambling Chip"}],"event_choices":[{"damage_healed":0.0,"max_hp_gain":0.0,"max_hp_loss":0.0,"gold_gain":175.0,"event_name":"Liars Game","player_choice":"AGREE","floor":2.0,"gold_loss":0.0,"damage_taken":0.0,"cards_obtained":["Doubt"]},{"damage_healed":0.0,"max_hp_gain":0.0,"max_hp_loss":0.0,"gold_gain":0.0,"event_name":"Shining Light","player_choice":"Entered Light","floor":4.0,"gold_loss":0.0,"damage_taken":15.0,"cards_upgraded":["Strike_B","Strike_B"]},{"damage_healed":0.0,"max_hp_gain":0.0,"max_hp_loss":0.0,"gold_gain":0.0,"event_name":"Addict","player_choice":"Obtained Relic","floor":20.0,"gold_loss":85.0,"damage_taken":0.0,"relics_obtained":["MawBank"]},{"damage_healed":0.0,"max_hp_gain":0.0,"max_hp_loss":0.0,"gold_gain":0.0,"event_name":"Wheel of Change","player_choice":"Cursed","floor":21.0,"gold_loss":0.0,"damage_taken":0.0,"cards_obtained":["Decay"]},{"damage_healed":0,"gold_gain":0,"player_choice":"Opened","damage_taken":0,"relics_obtained":["WingedGreaves"],"max_hp_gain":0,"max_hp_loss":0,"event_name":"The Mausoleum","floor":29,"gold_loss":0,"cards_obtained":["Writhe"]},{"damage_healed":0,"gold_gain":0,"player_choice":"Fight","damage_taken":0,"max_hp_gain":0,"max_hp_loss":0,"event_name":"Colosseum","floor":30,"gold_loss":0},{"damage_healed":0,"gold_gain":0,"player_choice":"Fled From Nobs","damage_taken":0,"max_hp_gain":0,"max_hp_loss":0,"event_name":"Colosseum","floor":30,"gold_loss":0},{"cards_removed":["Writhe"],"damage_healed":0,"gold_gain":0,"player_choice":"Elegance","damage_taken":0,"max_hp_gain":0,"max_hp_loss":0,"event_name":"Back to Basics","floor":31,"gold_loss":0}],"is_beta":false,"boss_relics":[{"not_picked":["Busted Crown","FrozenCore"],"picked":"Cursed Key"},{"not_picked":["Philosopher\u0027s Stone","Snecko Eye"],"picked":"Inserter"}],"items_purged_floors":[5,24],"is_endless":false,"potions_floor_spawned":[10,12,22,27,30,33],"killed_by":"3 Darklings","ascension_level":6}