{"gold_per_floor":[114,134,152,152,102,102,140,140,191,366,384,384,399,418,418,543,543,558,558,657,681,378,378,417,417,417,417,438,438,474,487,487,610,610,630,645,157,171,26,26,67,67,140,140,140,175,0,13,13,13],"floor_reached":51,"playtime":3008,"items_purged":["Doubt"],"score":1048,"play_id":"a1b52145-0ff8-4e5b-8312-c105e7c8aa2a","local_time":"20180718021908","is_ascension_mode":true,"campfire_choices":[{"data":"Neutralize","floor":6,"key":"SMITH"},{"floor":8,"key":"REST"},{"data":"Blur","floor":12,"key":"SMITH"},{"data":"Footwork","floor":15,"key":"SMITH"},{"data":"Noxious Fumes","floor":23,"key":"SMITH"},{"data":"Leg Sweep","floor":27,"key":"SMITH"},{"data":"After Image","floor":29,"key":"SMITH"},{"data":"After Image","floor":32,"key":"SMITH"},{"data":"Footwork","floor":40,"key":"SMITH"},{"data":"Catalyst","floor":42,"key":"SMITH"},{"data":"Night Terror","floor":45,"key":"SMITH"},{"data":"Noxious Fumes","floor":49,"key":"SMITH"}],"neow_cost":"NONE","seed_source_timestamp":17869006744569,"circlet_count":0,"master_deck":["Defend_G+1","Defend_G+1","Defend_G+1","Defend_G+1","Defend_G+1","Strike_G+1","Strike_G+1","Strike_G+1","Survivor","Neutralize+1","Poisoned Stab","Dodge and Roll","PiercingWail+1","Blur+1","PiercingWail+1","Leg Sweep+1","Footwork+1","After Image+1","Dodge and Roll","Noxious Fumes+1","Deadly Poison","After Image+1","Night Terror+1","Noxious Fumes+1","Footwork+1","Escape Plan","Catalyst+1"],"relics":["Ring of the Snake","Bronze Scales","Golden Idol","Blood Vial","Snake Skull","Black Star","War Paint","Bird Faced Urn","Dead Branch","Enchiridion","Pantograph","Blue Candle","Bottled Tornado","Velvet Choker","The Specimen","Juzu Bracelet","Omamori","Regal Pillow","Letter Opener","Mummified Hand","Mercury Hourglass","Red Mask"],"potions_floor_usage":[16,18,30,30,36,41,48],"damage_taken":[{"damage":0,"enemies":"2 Louse","floor":1,"turns":4},{"damage":0,"enemies":"Small Slimes","floor":2,"turns":4},{"damage":0,"enemies":"Cultist","floor":3,"turns":4},{"damage":34,"enemies":"Gremlin Nob","floor":7,"turns":6},{"damage":3,"enemies":"Looter","floor":11,"turns":4},{"damage":0,"enemies":"2 Fungi Beasts","floor":13,"turns":4},{"damage":7,"enemies":"Exordium Thugs","floor":14,"turns":10},{"damage":8,"enemies":"Hexaghost","floor":16,"turns":17},{"damage":0,"enemies":"Chosen","floor":18,"turns":9},{"damage":0,"enemies":"Shell Parasite","floor":21,"turns":10},{"damage":0,"enemies":"Book of Stabbing","floor":24,"turns":10},{"damage":0,"enemies":"Centurion and Healer","floor":28,"turns":9},{"damage":20,"enemies":"Gremlin Leader","floor":30,"turns":10},{"damage":0,"enemies":"Snake Plant","floor":31,"turns":6},{"damage":0,"enemies":"Automaton","floor":33,"turns":12},{"damage":0,"enemies":"Orb Walker","floor":35,"turns":5},{"damage":0,"enemies":"Flame Bruiser 1 Orb","floor":36,"turns":7},{"damage":11,"enemies":"Spire Growth","floor":38,"turns":7},{"damage":7,"enemies":"2 Orb Walkers","floor":41,"turns":6},{"damage":0,"enemies":"Nemesis","floor":46,"turns":7},{"damage":0,"enemies":"Flame Bruiser 2 Orb","floor":48,"turns":6},{"damage":0,"enemies":"Donu and Deca","floor":50,"turns":9}],"seed_played":"-8923050831683525836","potions_obtained":[{"floor":2,"key":"Swift Potion"},{"floor":7,"key":"EssenceOfSteel"},{"floor":14,"key":"AttackPotion"},{"floor":16,"key":"GhostInAJar"},{"floor":18,"key":"Fire Potion"},{"floor":36,"key":"Fire Potion"},{"floor":38,"key":"GamblersBrew"}],"is_trial":false,"path_per_floor":["M","M","M","?","?","R","E","R","T","?","M","R","M","M","R","B",null,"M","?","?","M","$","R","E","?","T","R","M","R","E","M","R","B",null,"M","M","$","M","$","R","E","R","T","?","R","E","?","M","R","B"],"character_chosen":"THE_SILENT","items_purchased":["Noxious Fumes","War Paint","Footwork","Escape Plan","The Specimen","GhostInAJar","Juzu Bracelet"],"campfire_rested":1,"item_purchase_floors":[22,22,37,37,37,37,39],"current_hp_per_floor":[70,70,70,53,53,53,19,40,40,40,39,39,41,36,36,30,70,70,70,70,70,70,70,70,54,54,54,64,64,54,64,64,70,70,70,70,70,61,61,61,63,63,63,63,63,70,70,70,70,70],"gold":13,"neow_bonus":"RANDOM_COMMON_RELIC","is_prod":false,"is_daily":false,"chose_seed":false,"campfire_upgraded":11,"win_rate":0,"timestamp":1531873148,"path_taken":["M","M","M","?","?","R","E","R","T","?","?","R","M","M","R","BOSS","M","?","?","M","$","R","E","?","T","R","?","R","E","M","R","BOSS","M","M","$","M","$","R","E","R","T","?","R","E","?","M","R","BOSS"],"build_version":"2018-07-12","purchased_purges":1,"victory":true,"max_hp_per_floor":[70,70,70,70,70,70,70,70,70,70,70,70,70,70,70,70,70,70,70,70,70,70,70,70,70,70,70,70,70,70,70,70,70,70,70,70,70,70,70,70,70,70,70,70,70,70,70,70,70,70],"card_choices":[{"not_picked":["Backflip","Quick Slash"],"picked":"Poisoned Stab","floor":1},{"not_picked":["Blade Dance","Outmaneuver"],"picked":"Dodge and Roll","floor":2},{"not_picked":["Sucker Punch","Outmaneuver"],"picked":"PiercingWail","floor":3},{"not_picked":["A Thousand Cuts","Bane"],"picked":"Blur","floor":7},{"not_picked":["Flechettes","Eviscerate"],"picked":"PiercingWail","floor":11},{"not_picked":["Dagger Throw","Dagger Spray"],"picked":"Leg Sweep","floor":13},{"not_picked":["Bane","Distraction"],"picked":"Footwork","floor":14},{"not_picked":["A Thousand Cuts","Glass Knife"],"picked":"After Image","floor":16},{"not_picked":["Sucker Punch","Choke"],"picked":"Dodge and Roll","floor":18},{"not_picked":["Choke","Cloak And Dagger","Bane+1"],"picked":"SKIP","floor":21},{"not_picked":["Flechettes","PiercingWail"],"picked":"Deadly Poison","floor":24},{"not_picked":["Accuracy","Poisoned Stab","Slice"],"picked":"SKIP","floor":28},{"not_picked":["Prepared","Masterful Stab","Accuracy"],"picked":"SKIP","floor":30},{"not_picked":["Backstab","Terror+1"],"picked":"After Image","floor":31},{"not_picked":["Bullet Time","A Thousand Cuts"],"picked":"Night Terror","floor":33},{"not_picked":["Skewer+1","Underhanded Strike+1","Masterful Stab"],"picked":"SKIP","floor":35},{"not_picked":["Acrobatics+1","Underhanded Strike"],"picked":"Noxious Fumes","floor":36},{"not_picked":["Heel Hook","Underhanded Strike","Accuracy"],"picked":"SKIP","floor":38},{"not_picked":["Acrobatics+1","Prepared+1"],"picked":"Catalyst","floor":41},{"not_picked":["Skewer+1","Expertise","Terror"],"picked":"SKIP","floor":46},{"not_picked":["Cloak And Dagger","Deadly Poison","Riddle With Holes"],"picked":"SKIP","floor":48}],"player_experience":152555,"relics_obtained":[{"floor":7,"key":"Blood Vial"},{"floor":9,"key":"Snake Skull"},{"floor":24,"key":"Bird Faced Urn"},{"floor":24,"key":"Dead Branch"},{"floor":25,"key":"Enchiridion"},{"floor":26,"key":"Pantograph"},{"floor":30,"key":"Blue Candle"},{"floor":30,"key":"Bottled Tornado"},{"floor":41,"key":"Omamori"},{"floor":41,"key":"Regal Pillow"},{"floor":43,"key":"Letter Opener"},{"floor":46,"key":"Mummified Hand"},{"floor":46,"key":"Mercury Hourglass"}],"event_choices":[{"event_name":"Golden Idol","player_choice":"Take Damage","floor":4,"damage_taken":0},{"event_name":"The Cleric","player_choice":"Card Removal","floor":5,"damage_taken":0},{"event_name":"Liars Game","player_choice":"agreed","floor":10,"damage_taken":0},{"event_name":"Back to Basics","player_choice":"Simplicity","floor":19,"damage_taken":0},{"event_name":"Nest","player_choice":"Stole From Cult","floor":20,"damage_taken":0},{"event_name":"Cursed Tome","player_choice":"Obtained Book","floor":25,"damage_taken":0},{"event_name":"Purifier","player_choice":"One Purge","floor":44,"damage_taken":0},{"event_name":"Tomb of Lord Red Mask","player_choice":"Paid","floor":47,"damage_taken":0}],"boss_relics":[{"not_picked":["Philosopher\u0027s Stone","Lizard Tail"],"picked":"Black Star"},{"not_picked":["White Beast Statue","Ring of the Serpent"],"picked":"Velvet Choker"}],"items_purged_floors":[22],"is_endless":false,"potions_floor_spawned":[2,7,14,16,18,21,28,36,38],"ascension_level":3}