{"gold_per_floor":[111,111,125,140,110,141,18,18,42,53,72,102,117,147,147,219,219,232,282,87,101,101,134,134,144,222,248,263,281,314,334,334,407,407,418,429,224,239,257,257,267,267,292,392,422,422,422,92,92,92],"floor_reached":51,"playtime":2598,"items_purged":["Clumsy","Anger"],"score":1335,"play_id":"3fb51588-d95f-4097-b56e-89fea427089d","local_time":"20181203133631","is_ascension_mode":true,"campfire_choices":[{"data":"Uppercut","floor":15.0,"key":"SMITH"},{"data":"Demon Form","floor":24.0,"key":"SMITH"},{"data":"Sword Boomerang","floor":32.0,"key":"SMITH"},{"data":"True Grit","floor":40,"key":"SMITH"},{"data":"Power Through","floor":42,"key":"SMITH"},{"data":"Decay","floor":47,"key":"PURGE"},{"data":"Dual Wield","floor":49,"key":"SMITH"}],"neow_cost":"CURSE","seed_source_timestamp":19105709500067,"circlet_count":0,"master_deck":["AscendersBane","Bash","Fiend Fire","Flame Barrier","Second Wind","Shrug It Off","Uppercut+1","Iron Wave","Twin Strike","Sentinel","Shockwave","Reaper","Demon Form+1","Heavy Blade+1","Sword Boomerang+1","Shockwave+1","Exhume","Wild Strike","Entrench","Impervious","Anger","Wild Strike","Body Slam","Havoc","Power Through+1","Body Slam","Wild Strike","Clothesline","Headbutt+1","True Grit+1","True Grit+1","Battle Trance","Dual Wield+1","Rupture"],"special_seed":0,"relics":["Burning Blood","Red Skull","Happy Flower","Paper Frog","Snecko Eye","Medical Kit","Question Card","Gremlin Horn","Blood Vial","Meat on the Bone","Pandora\u0027s Box","PreservedInsect","Vajra","Peace Pipe","Dodecahedron","Orichalcum"],"potions_floor_usage":[41,50,50],"damage_taken":[{"damage":5.0,"enemies":"Small Slimes","floor":1.0,"turns":3.0},{"damage":1.0,"enemies":"Cultist","floor":3.0,"turns":4.0},{"damage":1.0,"enemies":"Jaw Worm","floor":4.0,"turns":4.0},{"damage":0.0,"enemies":"Looter","floor":5.0,"turns":4.0},{"damage":55.0,"enemies":"3 Sentries","floor":6.0,"turns":15.0},{"damage":0.0,"enemies":"Lots of Slimes","floor":10.0,"turns":4.0},{"damage":5.0,"enemies":"Exordium Wildlife","floor":11.0,"turns":4.0},{"damage":15.0,"enemies":"Lagavulin","floor":12.0,"turns":5.0},{"damage":0.0,"enemies":"3 Louse","floor":13.0,"turns":3.0},{"damage":8.0,"enemies":"3 Sentries","floor":14.0,"turns":9.0},{"damage":35.0,"enemies":"Slime Boss","floor":16.0,"turns":11.0},{"damage":4.0,"enemies":"2 Thieves","floor":18.0,"turns":2.0},{"damage":0.0,"enemies":"Spheric Guardian","floor":21.0,"turns":3.0},{"damage":26.0,"enemies":"Gremlin Leader","floor":23.0,"turns":6.0},{"damage":8.0,"enemies":"Snecko","floor":25.0,"turns":3.0},{"damage":24.0,"enemies":"Book of Stabbing","floor":27.0,"turns":4.0},{"damage":12.0,"enemies":"Centurion and Healer","floor":28.0,"turns":6.0},{"damage":8.0,"enemies":"Shelled Parasite and Fungi","floor":29.0,"turns":3.0},{"damage":25.0,"enemies":"Slavers","floor":30.0,"turns":3.0},{"damage":0.0,"enemies":"3 Cultists","floor":31.0,"turns":3.0},{"damage":22.0,"enemies":"Champ","floor":33.0,"turns":8.0},{"damage":18.0,"enemies":"3 Shapes","floor":35.0,"turns":4.0},{"damage":18.0,"enemies":"Orb Walker","floor":36.0,"turns":5.0},{"damage":9.0,"enemies":"3 Darklings","floor":38.0,"turns":2.0},{"damage":35,"enemies":"Sphere and 2 Shapes","floor":39,"turns":5},{"damage":24,"enemies":"Transient","floor":41,"turns":5},{"damage":0,"enemies":"Mind Bloom Boss Battle","floor":44,"turns":7},{"damage":3,"enemies":"Reptomancer","floor":45,"turns":4},{"damage":33,"enemies":"Time Eater","floor":50,"turns":7}],"seed_played":"-4589937697745735199","potions_obtained":[{"floor":1.0,"key":"Dexterity Potion"},{"floor":10.0,"key":"Ancient Potion"},{"floor":13.0,"key":"EssenceOfSteel"},{"floor":18.0,"key":"EssenceOfSteel"},{"floor":45,"key":"SpeedPotion"}],"is_trial":false,"path_per_floor":["M","?","M","M","M","E","$","?","T","M","M","E","M","E","E","R","B",null,"M","?","$","M","$","E","R","M","T","E","M","M","E","M","R","B",null,"M","M","$","M","M","R","M","R","T","?","E","?","R","$","R","B",null],"character_chosen":"IRONCLAD","items_purchased":["Fire Potion","Medical Kit","Strength Potion","PreservedInsect","Orichalcum","Rupture"],"campfire_rested":0,"item_purchase_floors":[7,20,37,37,48,48],"current_hp_per_floor":[69,69,74,75,75,26,26,26,26,32,33,24,30,42,42,13,60,62,62,62,68,68,75,75,73,73,55,68,68,64,75,75,59,71,75,75,75,72,64,64,58,58,58,75,75,75,75,75,75,48],"gold":92,"neow_bonus":"THREE_RARE_CARDS","is_prod":false,"is_daily":false,"chose_seed":false,"campfire_upgraded":6,"win_rate":0,"timestamp":1543872991,"path_taken":["M","?","?","M","M","E","?","?","T","?","M","E","M","E","R","BOSS","M","?","?","M","$","E","R","M","T","E","?","M","E","M","R","BOSS","M","M","$","M","M","R","M","R","T","?","E","?","R","$","R","BOSS"],"build_version":"2018-11-15","purchased_purges":2,"victory":true,"max_hp_per_floor":[75,75,75,75,75,75,75,75,75,75,75,75,75,75,75,75,75,75,75,75,75,75,75,75,75,75,75,75,75,75,75,75,75,75,75,75,75,75,75,75,75,75,75,75,75,75,75,75,75,75],"card_choices":[{"not_picked":["Bludgeon","Double Tap"],"picked":"Fiend Fire","floor":0.0},{"not_picked":["Rampage","Iron Wave"],"picked":"Flame Barrier","floor":1.0},{"not_picked":["Heavy Blade","Perfected Strike"],"picked":"Shrug It Off","floor":3.0},{"not_picked":["Twin Strike","Sword Boomerang"],"picked":"Uppercut","floor":4.0},{"not_picked":["Seeing Red","Corruption"],"picked":"Iron Wave","floor":5.0},{"not_picked":["Perfected Strike","Combust"],"picked":"Twin Strike","floor":6.0},{"not_picked":["Clash","Flex"],"picked":"Sentinel","floor":10.0},{"not_picked":["Havoc","Twin Strike"],"picked":"Anger","floor":11.0},{"not_picked":["Sever Soul","Fire Breathing"],"picked":"Shockwave","floor":12.0},{"not_picked":["Carnage","Sword Boomerang"],"picked":"Reaper","floor":13.0},{"not_picked":["Anger","Dropkick","Heavy Blade"],"picked":"SKIP","floor":14.0},{"not_picked":["Brutality","Double Tap"],"picked":"Demon Form","floor":16.0},{"not_picked":["Pummel","Power Through","Thunderclap"],"picked":"SKIP","floor":18.0},{"not_picked":["Flex","Warcry","Cleave"],"picked":"SKIP","floor":21.0},{"not_picked":["Flex","Infernal Blade"],"picked":"Heavy Blade+1","floor":23.0},{"not_picked":["Clothesline","Warcry","Thunderclap","Armaments"],"picked":"SKIP","floor":25.0},{"not_picked":["Uppercut","Armaments","Sentinel"],"picked":"Sword Boomerang","floor":27.0},{"not_picked":["Cleave","Warcry","Armaments"],"picked":"Shockwave+1","floor":28.0},{"not_picked":["Perfected Strike","Evolve","Sever Soul"],"picked":"Exhume","floor":29.0},{"not_picked":["Body Slam","Uppercut","Carnage"],"picked":"Wild Strike","floor":30.0},{"not_picked":["Thunderclap","Rage","Wild Strike"],"picked":"Entrench","floor":31.0},{"not_picked":["Reaper","Juggernaut","Feed"],"picked":"Impervious","floor":33.0},{"not_picked":["Whirlwind","Clash","Warcry"],"picked":"Headbutt+1","floor":35.0},{"not_picked":["Perfected Strike","Inflame","Sever Soul"],"picked":"True Grit","floor":36.0},{"not_picked":["Shrug It Off","Perfected Strike","Entrench"],"picked":"True Grit+1","floor":38.0},{"not_picked":["Thunderclap","Clash+1","Warcry"],"picked":"Battle Trance","floor":39},{"not_picked":["Heavy Blade","Armaments","Combust","Searing Blow"],"picked":"SKIP","floor":41},{"not_picked":["Iron Wave","Fiend Fire","True Grit"],"picked":"Dual Wield","floor":44},{"not_picked":["Reckless Charge","Rage","Perfected Strike","Sword Boomerang"],"picked":"SKIP","floor":45}],"player_experience":1717145,"relics_obtained":[{"floor":6.0,"key":"Red Skull"},{"floor":9.0,"key":"Happy Flower"},{"floor":12.0,"key":"Paper Frog"},{"floor":23.0,"key":"Question Card"},{"floor":26.0,"key":"Gremlin Horn"},{"floor":27.0,"key":"Blood Vial"},{"floor":30.0,"key":"Meat on the Bone"},{"floor":43,"key":"Vajra"},{"floor":44,"key":"Peace Pipe"},{"floor":45,"key":"Dodecahedron"}],"event_choices":[{"damage_healed":0.0,"max_hp_gain":0.0,"max_hp_loss":0.0,"gold_gain":0.0,"cards_transformed":["Strike_R"],"event_name":"Transmorgrifier","player_choice":"Transformed","floor":2.0,"gold_loss":0.0,"damage_taken":0.0,"cards_obtained":["Second Wind"]},{"damage_healed":0.0,"max_hp_gain":0.0,"max_hp_loss":0.0,"gold_gain":0.0,"event_name":"FaceTrader","player_choice":"Leave","floor":8.0,"gold_loss":0.0,"damage_taken":0.0},{"damage_healed":0.0,"max_hp_gain":0.0,"max_hp_loss":0.0,"gold_gain":50.0,"event_name":"Golden Shrine","player_choice":"Pray","floor":19.0,"gold_loss":0.0,"damage_taken":0.0},{"damage_healed":0,"gold_gain":0,"player_choice":"Fight","damage_taken":0,"max_hp_gain":0,"max_hp_loss":0,"event_name":"MindBloom","floor":44,"gold_loss":0},{"damage_healed":0,"gold_gain":0,"player_choice":"Cursed","damage_taken":0,"max_hp_gain":0,"max_hp_loss":0,"event_name":"Wheel of Change","floor":46,"gold_loss":0,"cards_obtained":["Decay"]}],"is_beta":false,"boss_relics":[{"not_picked":["Coffee Dripper","Ectoplasm"],"picked":"Snecko Eye"},{"not_picked":["Empty Cage","Eternal Feather"],"picked":"Pandora\u0027s Box"}],"items_purged_floors":[7,48],"is_endless":false,"potions_floor_spawned":[1,10,13,18,21,27,28,38,45],"ascension_level":15}