{"gold_per_floor":[114,130,130,143,143,169,169,197,197,217,217,250,266,293,293,371,371,381,391,407,407,422,449,449,483,510,523,523,553,125,225,225,302,352,369,369,388,406,320,350,116,116,116,116,134,134,167,184,184,184,184],"floor_reached":52,"playtime":3543,"items_purged":["Doubt"],"score":2005,"play_id":"adda46fc-7b3f-43c7-9ee7-24acb8888634","local_time":"20181011215214","daily_mods":["SealedDeck"],"is_ascension_mode":true,"campfire_choices":[{"data":"Noxious Fumes","floor":7.0,"key":"SMITH"},{"data":"Sucker Punch","floor":11.0,"key":"SMITH"},{"data":"Cloak And Dagger","floor":15.0,"key":"SMITH"},{"data":"Malaise","floor":24.0,"key":"SMITH"},{"data":"Cloak And Dagger","floor":28.0,"key":"SMITH"},{"floor":32.0,"key":"REST"},{"data":"Leg Sweep","floor":42.0,"key":"SMITH"},{"data":"Finisher","floor":46,"key":"SMITH"},{"data":"Dodge and Roll","floor":49,"key":"SMITH"}],"neow_cost":"","seed_source_timestamp":0,"circlet_count":0,"master_deck":["AscendersBane","Slice","Flying Knee","Dodge and Roll+1","Cloak And Dagger+1","Terror+1","Noxious Fumes+1","Sucker Punch+1","Deflect+1","Cloak And Dagger+1","Dagger Throw","Dagger Spray","Escape Plan+1","Malaise+1","Accuracy+1","After Image","Blur","Leg Sweep+1","Finisher+1","Backflip"],"special_seed":0,"relics":["Ring of the Snake","Strawberry","Question Card","Bottled Tornado","Pen Nib","Ancient Tea Set","Cursed Key","Darkstone Periapt","The Courier","Bag of Marbles","Tingsha","Lantern","Pear","Gambling Chip","Singing Bowl","Tiny House","Bird Faced Urn","Oddly Smooth Stone","Pantograph","Thread and Needle","Mango"],"potions_floor_usage":[51,51,51,51],"damage_taken":[{"damage":0.0,"enemies":"Small Slimes","floor":1.0,"turns":3.0},{"damage":0.0,"enemies":"2 Louse","floor":2.0,"turns":3.0},{"damage":0.0,"enemies":"Cultist","floor":4.0,"turns":2.0},{"damage":9.0,"enemies":"Lagavulin","floor":6.0,"turns":5.0},{"damage":10.0,"enemies":"3 Sentries","floor":8.0,"turns":6.0},{"damage":0.0,"enemies":"2 Fungi Beasts","floor":10.0,"turns":3.0},{"damage":6.0,"enemies":"Gremlin Nob","floor":12.0,"turns":3.0},{"damage":4.0,"enemies":"Exordium Wildlife","floor":13.0,"turns":3.0},{"damage":0.0,"enemies":"Gremlin Nob","floor":14.0,"turns":3.0},{"damage":6.0,"enemies":"The Guardian","floor":16.0,"turns":10.0},{"damage":0.0,"enemies":"3 Byrds","floor":18.0,"turns":4.0},{"damage":4.0,"enemies":"Shell Parasite","floor":19.0,"turns":4.0},{"damage":3.0,"enemies":"Snecko","floor":20.0,"turns":4.0},{"damage":0.0,"enemies":"Sentry and Sphere","floor":22.0,"turns":6.0},{"damage":0.0,"enemies":"Slavers","floor":23.0,"turns":3.0},{"damage":12.0,"enemies":"Book of Stabbing","floor":25.0,"turns":5.0},{"damage":10.0,"enemies":"Centurion and Healer","floor":27.0,"turns":6.0},{"damage":25.0,"enemies":"Slavers","floor":29.0,"turns":4.0},{"damage":4.0,"enemies":"Colosseum Slavers","floor":31.0,"turns":3.0},{"damage":0.0,"enemies":"Colosseum Nobs","floor":31.0,"turns":4.0},{"damage":9.0,"enemies":"Automaton","floor":33.0,"turns":9.0},{"damage":2.0,"enemies":"3 Darklings","floor":35.0,"turns":4.0},{"damage":0.0,"enemies":"Orb Walker","floor":37.0,"turns":3.0},{"damage":0.0,"enemies":"Transient","floor":38.0,"turns":6.0},{"damage":46.0,"enemies":"2 Orb Walkers","floor":40.0,"turns":6.0},{"damage":0,"enemies":"Mind Bloom Boss Battle","floor":44,"turns":5},{"damage":2,"enemies":"4 Shapes","floor":45,"turns":7},{"damage":1,"enemies":"Nemesis","floor":47,"turns":9},{"damage":21,"enemies":"Reptomancer","floor":48,"turns":6},{"damage":47,"enemies":"Time Eater","floor":50,"turns":16},{"damage":28,"enemies":"Awakened One","floor":51,"turns":18}],"seed_played":"2795055344373480455","potions_obtained":[{"floor":1.0,"key":"SmokeBomb"},{"floor":12.0,"key":"EssenceOfSteel"},{"floor":16.0,"key":"PowerPotion"},{"floor":19.0,"key":"Strength Potion"},{"floor":23.0,"key":"EssenceOfSteel"},{"floor":33.0,"key":"Energy Potion"},{"floor":34.0,"key":"EntropicBrew"}],"is_trial":true,"path_per_floor":["M","M","?","M","?","E","R","E","T","M","R","E","M","?","R","B",null,"M","M","M","?","M","E","R","E","T","M","R","E","$","?","R","B",null,"M","$","M","M","?","E","$","R","T","?","M","R","E","M","R","B","B"],"character_chosen":"THE_SILENT","items_purchased":["Lantern","Pear","Pantograph"],"campfire_rested":1,"item_purchase_floors":[30,30,41],"current_hp_per_floor":[59,59,39,39,61,59,59,49,49,49,49,43,39,39,39,33,63,63,59,56,56,56,56,56,44,50,40,40,15,25,23,50,43,88,88,88,90,90,90,52,52,52,52,83,89,89,108,95,95,77,80],"gold":184,"neow_bonus":"","is_prod":false,"is_daily":false,"chose_seed":false,"campfire_upgraded":8,"win_rate":0,"timestamp":1539319934,"path_taken":["M","M","?","?","?","E","R","E","T","M","R","E","M","?","R","BOSS","M","?","M","?","M","E","R","E","T","?","R","E","$","?","R","BOSS","M","$","M","M","?","E","$","R","T","?","M","R","E","?","R","BOSS","BOSS"],"build_version":"2018-10-11","purchased_purges":1,"victory":true,"max_hp_per_floor":[66,66,66,66,66,73,73,73,73,73,73,73,73,73,73,73,73,73,73,73,73,73,73,73,73,79,79,79,79,89,91,91,93,100,102,102,104,104,104,106,106,106,106,106,108,108,122,124,124,124,124],"card_choices":[{"not_picked":["Cloak And Dagger","Acrobatics","Eviscerate"],"picked":"SKIP","floor":1.0},{"not_picked":["Leg Sweep","Outmaneuver"],"picked":"Dagger Spray","floor":2.0},{"not_picked":["Dodge and Roll","Prepared","Blade Dance"],"picked":"SKIP","floor":4.0},{"not_picked":["Terror","Infinite Blades","Choke"],"picked":"SKIP","floor":6.0},{"not_picked":["Dodge and Roll","Finisher"],"picked":"Escape Plan","floor":8.0},{"not_picked":["Flying Knee","Dodge and Roll","PiercingWail","Terror"],"picked":"SKIP","floor":10.0},{"not_picked":["Reflex","Concentrate","Deflect","Infinite Blades"],"picked":"SKIP","floor":12.0},{"not_picked":["Heel Hook","Acrobatics","Unload","Deadly Poison"],"picked":"SKIP","floor":13.0},{"not_picked":["Burst","Wraith Form v2","Doppelganger"],"picked":"Malaise","floor":16.0},{"not_picked":["Acrobatics","Quick Slash","Deadly Poison+1"],"picked":"Accuracy+1","floor":18.0},{"not_picked":["Crippling Poison","Bane","Tactician","Blade Dance"],"picked":"SKIP","floor":19.0},{"not_picked":["Noxious Fumes","Slice","Flechettes","Bane"],"picked":"SKIP","floor":20.0},{"not_picked":["Tactician","Heel Hook","Predator","Dagger Throw"],"picked":"SKIP","floor":22.0},{"not_picked":["Deflect","Acrobatics","Setup","Prepared+1"],"picked":"SKIP","floor":23.0},{"not_picked":["Backflip","Doppelganger","Blade Dance","Finisher"],"picked":"SKIP","floor":25.0},{"not_picked":["Prepared+1","Endless Agony","Bane","Bouncing Flask"],"picked":"SKIP","floor":27.0},{"not_picked":["Flying Knee","PiercingWail","Expertise"],"picked":"Blur","floor":29.0},{"not_picked":["Underhanded Strike","Acrobatics","Flying Knee","Backflip"],"picked":"Singing Bowl","floor":31.0},{"not_picked":["Storm of Steel","Doppelganger","Venomology","Corpse Explosion"],"picked":"Singing Bowl","floor":33.0},{"not_picked":["Dodge and Roll+1","Backstab","Deadly Poison","Bane"],"picked":"Singing Bowl","floor":34.0},{"not_picked":["Acrobatics","Dagger Throw+1","Backstab","Concentrate"],"picked":"Singing Bowl","floor":35.0},{"not_picked":["Blade Dance","Caltrops","Outmaneuver+1","Dagger Throw"],"picked":"Singing Bowl","floor":37.0},{"not_picked":["Sucker Punch","Dodge and Roll+1","Flechettes"],"picked":"Leg Sweep","floor":38.0},{"not_picked":["PiercingWail","Deflect+1","Poisoned Stab","Well Laid Plans+1"],"picked":"Singing Bowl","floor":40.0},{"not_picked":["Poisoned Stab","Choke","Catalyst"],"picked":"Finisher","floor":44},{"not_picked":["Dagger Spray","Bouncing Flask","Backflip","Dash"],"picked":"Singing Bowl","floor":45},{"not_picked":["Catalyst","Reflex+1","Accuracy"],"picked":"Backflip","floor":47},{"not_picked":["Corpse Explosion","Poisoned Stab","Underhanded Strike","Dodge and Roll"],"picked":"Singing Bowl","floor":48}],"player_experience":1338363,"relics_obtained":[{"floor":6.0,"key":"Strawberry"},{"floor":8.0,"key":"Question Card"},{"floor":9.0,"key":"Bottled Tornado"},{"floor":12.0,"key":"Pen Nib"},{"floor":23.0,"key":"Darkstone Periapt"},{"floor":25.0,"key":"The Courier"},{"floor":26.0,"key":"Bag of Marbles"},{"floor":29.0,"key":"Tingsha"},{"floor":31.0,"key":"Gambling Chip"},{"floor":31.0,"key":"Singing Bowl"},{"floor":40.0,"key":"Oddly Smooth Stone"},{"floor":44,"key":"Thread and Needle"},{"floor":47,"key":"Mango"}],"event_choices":[{"event_name":"Shining Light","player_choice":"Entered Light","floor":3.0,"damage_taken":0.0},{"event_name":"Big Fish","player_choice":"Banana","floor":5.0,"damage_taken":0.0},{"event_name":"Dead Adventurer","player_choice":"Searched \u00273\u0027 times","floor":14.0,"damage_taken":0.0},{"event_name":"The Library","player_choice":"Read","floor":21.0,"damage_taken":0.0},{"event_name":"Colosseum","player_choice":"Fight","floor":31.0,"damage_taken":0.0},{"event_name":"Colosseum","player_choice":"Fought Nobs","floor":31.0,"damage_taken":0.0},{"event_name":"WeMeetAgain","player_choice":"Gold","floor":39.0,"damage_taken":0.0},{"event_name":"MindBloom","player_choice":"Fight","floor":44,"damage_taken":0}],"is_beta":false,"boss_relics":[{"not_picked":["Pandora\u0027s Box","Ectoplasm"],"picked":"Cursed Key"},{"not_picked":["Empty Cage","Eternal Feather"],"picked":"Tiny House"}],"items_purged_floors":[30],"is_endless":false,"potions_floor_spawned":[1,12,13,14,16,19,23,31,33,45],"ascension_level":20}