{"gold_per_floor":[110,28,44,44,56,111,111,146,169,13,47,47,47,78,78,155,155,170,182,182,198,248,580,580,607,630,656,690,724,743,771,771,845,845,857,907,907,918,936,970,970,1002,1002,1002,137,137,437,462,462,462],"floor_reached":51,"playtime":2250,"items_purged":["Strike_R"],"score":1603,"play_id":"8400fc7e-f2ab-4013-9515-62881504cbb2","local_time":"20190324194732","is_ascension_mode":true,"campfire_choices":[{"data":"Bash","floor":7.0,"key":"SMITH"},{"data":"Inflame","floor":13.0,"key":"SMITH"},{"data":"Heavy Blade","floor":15.0,"key":"SMITH"},{"data":"Whirlwind","floor":24.0,"key":"SMITH"},{"data":"Feel No Pain","floor":32.0,"key":"SMITH"},{"data":"Pommel Strike","floor":41,"key":"SMITH"},{"data":"Shrug It Off","floor":44,"key":"SMITH"},{"data":"Metallicize","floor":46,"key":"SMITH"},{"data":"Uppercut","floor":49,"key":"SMITH"}],"neow_cost":"NONE","seed_source_timestamp":43030025785619,"circlet_count":0,"master_deck":["AscendersBane","Strike_R","Strike_R","Strike_R","Defend_R","Defend_R","Defend_R","Defend_R","Bash+1","Shrug It Off+1","Inflame+1","Anger+1","Reaper","Fiend Fire+1","Heavy Blade+1","Feed","True Grit+1","Limit Break+1","Shrug It Off+1","Clothesline","Warcry+1","Whirlwind+1","Headbutt","Second Wind+1","Flame Barrier+1","Feel No Pain+1","Offering+1","Pommel Strike+1","Warcry+1","Shrug It Off+1","Metallicize+1","Havoc+1","Chrysalis+1","Enlightenment+1","Uppercut+1"],"special_seed":0,"relics":["Burning Blood","Tiny Chest","Art of War","Ancient Tea Set","PreservedInsect","Toxic Egg 2","Anchor","Velvet Choker","Old Coin","Juzu Bracelet","Bag of Preparation","Charon\u0027s Ashes","Red Mask","Torii","Bottled Flame","Black Star","FossilizedHelix","Boot","Smiling Mask","Happy Flower","Bottled Lightning","Shuriken","Regal Pillow","Question Card","Magic Flower"],"potions_floor_usage":[39,48,50,50],"damage_taken":[{"damage":9.0,"enemies":"Jaw Worm","floor":1.0,"turns":5.0},{"damage":6.0,"enemies":"Cultist","floor":3.0,"turns":4.0},{"damage":14.0,"enemies":"2 Louse","floor":5.0,"turns":3.0},{"damage":24.0,"enemies":"Lagavulin","floor":6.0,"turns":7.0},{"damage":15.0,"enemies":"3 Sentries","floor":8.0,"turns":6.0},{"damage":20.0,"enemies":"Lagavulin","floor":11.0,"turns":4.0},{"damage":2.0,"enemies":"3 Sentries","floor":14.0,"turns":5.0},{"damage":1.0,"enemies":"Slime Boss","floor":16.0,"turns":11.0},{"damage":0.0,"enemies":"Spheric Guardian","floor":18.0,"turns":2.0},{"damage":17.0,"enemies":"2 Thieves","floor":19.0,"turns":4.0},{"damage":3.0,"enemies":"Centurion and Healer","floor":21.0,"turns":6.0},{"damage":29.0,"enemies":"Book of Stabbing","floor":23.0,"turns":5.0},{"damage":16.0,"enemies":"Slavers","floor":25.0,"turns":4.0},{"damage":13.0,"enemies":"Gremlin Leader","floor":27.0,"turns":4.0},{"damage":2.0,"enemies":"Masked Bandits","floor":28.0,"turns":2.0},{"damage":18.0,"enemies":"Book of Stabbing","floor":29.0,"turns":4.0},{"damage":0.0,"enemies":"Snake Plant","floor":30.0,"turns":1.0},{"damage":1.0,"enemies":"Slavers","floor":31.0,"turns":3.0},{"damage":62.0,"enemies":"Automaton","floor":33.0,"turns":9.0},{"damage":1.0,"enemies":"Orb Walker","floor":35.0,"turns":3.0},{"damage":6,"enemies":"3 Shapes","floor":38,"turns":5},{"damage":29,"enemies":"Maw","floor":39,"turns":7},{"damage":15,"enemies":"Nemesis","floor":40,"turns":10},{"damage":15,"enemies":"Reptomancer","floor":42,"turns":5},{"damage":10,"enemies":"Giant Head","floor":48,"turns":7},{"damage":80,"enemies":"Awakened One","floor":50,"turns":13}],"seed_played":"8510794738381207076","potions_obtained":[{"floor":0.0,"key":"Fire Potion"},{"floor":0.0,"key":"FearPotion"},{"floor":8.0,"key":"PowerPotion"},{"floor":14.0,"key":"AttackPotion"},{"floor":18.0,"key":"SmokeBomb"},{"floor":25.0,"key":"BloodPotion"},{"floor":28.0,"key":"EssenceOfSteel"},{"floor":33.0,"key":"AttackPotion"},{"floor":39,"key":"Explosive Potion"},{"floor":48,"key":"BloodPotion"}],"is_trial":false,"path_per_floor":["M","$","M","?","M","E","R","E","T","$","E","?","R","E","R","B",null,"M","M","?","M","?","E","R","E","T","E","?","E","M","E","R","B",null,"M","?","?","M","M","E","R","E","T","R","$","R","?","E","R","B",null],"character_chosen":"IRONCLAD","items_purchased":["Inflame","PreservedInsect","Shrug It Off+1","Shuriken","Metallicize","Havoc+1","Chrysalis+1","Enlightenment+1","Regal Pillow"],"campfire_rested":0,"item_purchase_floors":[2,10,45,45,45,45,45,45,45],"current_hp_per_floor":[65,65,65,65,69,60,60,69,69,69,61,38,38,57,57,65,77,84,84,84,87,87,68,68,79,79,83,90,78,84,90,90,37,79,90,81,81,91,86,87,87,85,85,85,85,85,85,94,94,57],"gold":462,"neow_bonus":"THREE_SMALL_POTIONS","is_prod":false,"is_daily":false,"chose_seed":false,"campfire_upgraded":9,"win_rate":0,"timestamp":1553482052,"path_taken":["M","$","M","?","?","E","R","E","T","$","E","?","R","E","R","BOSS","M","M","?","M","?","E","R","E","T","E","?","E","M","E","R","BOSS","M","?","?","M","M","E","R","E","T","R","$","R","?","E","R","BOSS"],"build_version":"2019-01-23","purchased_purges":1,"victory":true,"max_hp_per_floor":[75,75,75,75,75,75,75,75,75,75,75,75,75,78,78,81,81,84,84,84,87,87,87,87,90,90,90,90,90,90,90,90,93,93,93,93,88,91,94,94,94,94,94,94,94,94,94,94,94,94],"card_choices":[{"not_picked":["Armaments","Havoc"],"picked":"Shrug It Off","floor":1.0},{"not_picked":["Cleave","Inflame"],"picked":"Anger","floor":3.0},{"not_picked":["Reckless Charge","Anger"],"picked":"Fiend Fire","floor":5.0},{"not_picked":["Havoc","Corruption"],"picked":"Heavy Blade","floor":6.0},{"not_picked":["Heavy Blade","Havoc","Anger"],"picked":"SKIP","floor":8.0},{"not_picked":["Clash","Cleave"],"picked":"Feed","floor":11.0},{"not_picked":["Anger","Pommel Strike"],"picked":"True Grit+1","floor":14.0},{"not_picked":["Berserk","Feed"],"picked":"Limit Break+1","floor":16.0},{"not_picked":["Uppercut","Blood for Blood"],"picked":"Shrug It Off+1","floor":18.0},{"not_picked":["Anger","Pummel"],"picked":"Clothesline","floor":19.0},{"not_picked":["Uppercut+1","Sword Boomerang"],"picked":"Warcry+1","floor":21.0},{"not_picked":["Rampage","Clash"],"picked":"Whirlwind","floor":23.0},{"not_picked":["Sword Boomerang+1","Searing Blow"],"picked":"Headbutt","floor":25.0},{"not_picked":["Cleave+1","Body Slam"],"picked":"Second Wind+1","floor":27.0},{"not_picked":["Juggernaut","Armaments+1"],"picked":"Flame Barrier+1","floor":28.0},{"not_picked":["Infernal Blade+1","Bludgeon","Brutality"],"picked":"SKIP","floor":29.0},{"not_picked":["True Grit+1","Inflame"],"picked":"Feel No Pain","floor":30.0},{"not_picked":["Perfected Strike","Flex+1","Clash"],"picked":"SKIP","floor":31.0},{"not_picked":["Feed","Barricade"],"picked":"Offering+1","floor":33.0},{"not_picked":["Sentinel+1","Twin Strike+1"],"picked":"Pommel Strike","floor":35.0},{"not_picked":["Perfected Strike+1","Clash"],"picked":"Warcry+1","floor":38},{"not_picked":["Pummel","Pommel Strike","Second Wind+1"],"picked":"SKIP","floor":39},{"not_picked":["Thunderclap","Brutality","Twin Strike"],"picked":"SKIP","floor":40},{"not_picked":["Blood for Blood+1","Anger","Iron Wave"],"picked":"SKIP","floor":42},{"not_picked":["Hemokinesis+1","Clothesline"],"picked":"Uppercut","floor":48}],"player_experience":2368409,"relics_obtained":[{"floor":6.0,"key":"Tiny Chest"},{"floor":8.0,"key":"Art of War"},{"floor":9.0,"key":"Ancient Tea Set"},{"floor":11.0,"key":"Toxic Egg 2"},{"floor":14.0,"key":"Anchor"},{"floor":23.0,"key":"Old Coin"},{"floor":25.0,"key":"Juzu Bracelet"},{"floor":26.0,"key":"Bag of Preparation"},{"floor":27.0,"key":"Charon\u0027s Ashes"},{"floor":28.0,"key":"Red Mask"},{"floor":29.0,"key":"Torii"},{"floor":31.0,"key":"Bottled Flame"},{"floor":40,"key":"FossilizedHelix"},{"floor":40,"key":"Boot"},{"floor":42,"key":"Smiling Mask"},{"floor":42,"key":"Happy Flower"},{"floor":43,"key":"Bottled Lightning"},{"floor":48,"key":"Question Card"},{"floor":48,"key":"Magic Flower"}],"event_choices":[{"damage_healed":0.0,"max_hp_gain":0.0,"max_hp_loss":0.0,"gold_gain":0.0,"cards_transformed":["Strike_R"],"event_name":"Transmorgrifier","player_choice":"Transformed","floor":4.0,"gold_loss":0.0,"damage_taken":0.0,"cards_obtained":["Reaper"]},{"damage_healed":0.0,"max_hp_gain":0.0,"max_hp_loss":0.0,"gold_gain":0.0,"event_name":"Shining Light","player_choice":"Entered Light","floor":12.0,"gold_loss":0.0,"damage_taken":23.0,"cards_upgraded":["Fiend Fire","Anger"]},{"damage_healed":0.0,"max_hp_gain":0.0,"max_hp_loss":0.0,"gold_gain":0.0,"event_name":"Vampires","player_choice":"Ignored","floor":20.0,"gold_loss":0.0,"damage_taken":0.0},{"damage_healed":0.0,"max_hp_gain":0.0,"max_hp_loss":0.0,"gold_gain":50.0,"event_name":"Nest","player_choice":"Stole From Cult","floor":22.0,"gold_loss":0.0,"damage_taken":0.0},{"damage_healed":0.0,"max_hp_gain":0.0,"max_hp_loss":0.0,"gold_gain":0.0,"event_name":"Masked Bandits","player_choice":"Fought Bandits","floor":28.0,"gold_loss":0.0,"damage_taken":0.0},{"damage_healed":0,"gold_gain":50,"player_choice":"Touch","damage_taken":9,"max_hp_gain":0,"max_hp_loss":0,"event_name":"FaceTrader","floor":36,"gold_loss":0},{"damage_healed":0,"gold_gain":0,"player_choice":"Max HP","damage_taken":0,"max_hp_gain":0,"max_hp_loss":5,"event_name":"Winding Halls","floor":37,"gold_loss":0},{"damage_healed":0,"gold_gain":300,"player_choice":"Gold","damage_taken":0,"max_hp_gain":0,"max_hp_loss":0,"event_name":"Wheel of Change","floor":47,"gold_loss":0}],"is_beta":false,"boss_relics":[{"not_picked":["Ectoplasm","Busted Crown"],"picked":"Velvet Choker"},{"not_picked":["Eternal Feather","Snecko Eye"],"picked":"Black Star"}],"items_purged_floors":[45],"is_endless":false,"potions_floor_spawned":[3,8,14,18,19,25,28,33,39,48],"ascension_level":15}