{"path_per_floor":["M","M","M","$","?","R","E","R","T","E","M","R","?","M","R","B",null,"M","?","$","?","M","R","?","R","T","?","R","M","M","M","R","B",null,"M","?","?","M","?","R","$","M","T","R","?","E","M","M","R"],"character_chosen":"THE_SILENT","items_purchased":["Deadly Poison","Crippling Poison","Bane","Sadistic Nature","Well Laid Plans","Burst","Leg Sweep"],"gold_per_floor":[112,126,142,7,7,7,34,34,57,92,108,108,108,122,122,218,218,231,281,27,27,39,39,39,39,64,64,64,84,104,114,114,210,210,224,224,273,293,293,293,62,82,106,106,106,139,150,169,169],"floor_reached":50,"campfire_rested":3,"playtime":4498,"current_hp_per_floor":[70,70,65,65,65,65,57,57,57,47,49,49,49,43,43,32,70,53,53,53,53,48,48,48,69,69,69,69,70,65,45,66,3,70,68,59,33,35,61,61,61,61,61,61,61,41,47,47,61],"items_purged":[],"gold":169,"score":506,"play_id":"bad942ed-21bc-4d04-9797-6345218108ec","is_prod":false,"is_daily":false,"is_ascension_mode":false,"campfire_upgraded":8,"path_taken":["M","M","M","?","?","R","E","R","T","E","M","R","?","M","R","BOSS","M","?","$","?","?","R","?","R","T","?","R","M","?","M","R","BOSS","M","?","?","M","?","R","$","M","T","R","?","E","M","M","R","BOSS"],"build_version":"2018-02-15-PROD1","purchased_purges":0,"victory":false,"master_deck":["Defend_G+1","Defend_G+1","Defend_G+1","Defend_G+1","Defend_G+1","Well Laid Plans+1","Noxious Fumes+1","Prepared+1","Deadly Poison","Crippling Poison+1","Bane","Poisoned Stab","Catalyst+1","Noxious Fumes+1","Escape Plan","Corpse Explosion+1","Backflip+1","Sadistic Nature","Well Laid Plans+1","Bite","Bite","Bite","Bite","Bite","Outmaneuver+1","Poisoned Stab+1","Dagger Spray+1","Die Die Die+1","Prepared+1","Dodge and Roll+1","Madness","Poisoned Stab+1","Burst+1","Leg Sweep","Prepared+1","Slice"],"max_hp_per_floor":[70,70,70,70,70,70,70,70,70,70,70,70,70,70,70,70,70,70,70,70,70,70,70,70,70,70,70,70,70,70,70,70,70,70,70,70,70,70,61,61,61,61,61,61,61,61,61,61,61],"relics":["Ring of the Snake","Anchor","Happy Flower","Philosopher\u0027s Stone","Pen Nib","Astrolabe","Unceasing Top","Lantern","Vajra"],"card_choices":[{"not_picked":["Blur","Crippling Poison"],"picked":"Noxious Fumes"},{"not_picked":["Deflect","Dagger Throw"],"picked":"Prepared"},{"not_picked":["Expertise","PiercingWail"],"picked":"Flying Knee"},{"not_picked":["Outmaneuver","Skewer"],"picked":"Poisoned Stab"},{"not_picked":["Deadly Poison","Dodge and Roll"],"picked":"Catalyst"},{"not_picked":["Backstab","Bane"],"picked":"Noxious Fumes"},{"not_picked":["Glass Knife","Deflect"],"picked":"Escape Plan"},{"not_picked":["Venomology","Phantasmal Killer"],"picked":"Corpse Explosion"},{"not_picked":["Skewer","Slice"],"picked":"Backflip"},{"not_picked":["Riddle With Holes","Slice"],"picked":"Outmaneuver"},{"not_picked":["Bane","Malaise"],"picked":"Poisoned Stab"},{"not_picked":["Riddle With Holes","Quick Slash"],"picked":"Dodge and Roll"},{"not_picked":["Sucker Punch","Choke"],"picked":"Poisoned Stab"},{"not_picked":["Acrobatics","Outmaneuver"],"picked":"Prepared"},{"not_picked":["Sucker Punch","Blur"],"picked":"Slice"}],"player_experience":38863,"potions_floor_usage":[10,10,10,22,33,37,47,50],"damage_taken":[{"damage":0,"enemies":"Cultist","floor":1,"turns":5},{"damage":0,"enemies":"2 Louse","floor":2,"turns":4},{"damage":5,"enemies":"Small Slimes","floor":3,"turns":5},{"damage":8,"enemies":"Lagavulin","floor":7,"turns":6},{"damage":12,"enemies":"Gremlin Nob","floor":10,"turns":3},{"damage":0,"enemies":"Looter","floor":11,"turns":3},{"damage":8,"enemies":"Lots of Slimes","floor":14,"turns":3},{"damage":13,"enemies":"Slime Boss","floor":16,"turns":8},{"damage":17,"enemies":"2 Thieves","floor":18,"turns":3},{"damage":13,"enemies":"Spheric Guardian","floor":22,"turns":4},{"damage":0,"enemies":"Centurion and Healer","floor":29,"turns":6},{"damage":9,"enemies":"Snake Plant","floor":30,"turns":3},{"damage":27,"enemies":"Snecko","floor":31,"turns":5},{"damage":73,"enemies":"Collector","floor":33,"turns":7},{"damage":4,"enemies":"3 Darklings","floor":35,"turns":3},{"damage":32,"enemies":"Mysterious Sphere","floor":37,"turns":4},{"damage":0,"enemies":"Orb Walker","floor":38,"turns":3},{"damage":10,"enemies":"Maw","floor":42,"turns":8},{"damage":30,"enemies":"Giant Head","floor":46,"turns":8},{"damage":0,"enemies":"Sphere and 2 Shapes","floor":47,"turns":3},{"damage":4,"enemies":"4 Shapes","floor":48,"turns":6},{"damage":64,"enemies":"Awakened One","floor":50,"turns":3}],"event_choices":[{"event_name":"Accursed Blacksmith","player_choice":"Forge","floor":5,"damage_taken":0},{"event_name":"Bonfire Elementals","player_choice":"BASIC","floor":13,"damage_taken":0},{"event_name":"The Joust","player_choice":"Bet on Murderer","floor":19,"damage_taken":0},{"event_name":"Vampires","player_choice":"Became a vampire (Vial)","floor":21,"damage_taken":0},{"event_name":"Back to Basics","player_choice":"Simplicity","floor":24,"damage_taken":0},{"event_name":"Addict","player_choice":"Ignored","floor":27,"damage_taken":0},{"event_name":"Winding Halls","player_choice":"Embrace Madness","floor":36,"damage_taken":0},{"event_name":"Mysterious Sphere","player_choice":"Fight","floor":37,"damage_taken":0},{"event_name":"The Moai Head","player_choice":"Heal","floor":39,"damage_taken":0}],"boss_relics":[{"not_picked":["Snecko Eye","Velvet Choker"],"picked":"Philosopher\u0027s Stone"},{"not_picked":["Runic Pyramid","White Beast Statue"],"picked":"Astrolabe"}],"potions_floor_spawned":[1,2,3,14,16,18,33,37,47,48],"seed_played":"-111750488652110412","killed_by":"Awakened One","ascension_level":0,"is_trial":false}