{"gold_per_floor":[110,127,141,141,13,13,40,53,53,53,53,87,98,117,117,194,194,208,191,191,210,230,230],"floor_reached":23,"playtime":1830,"items_purged":["Strike_G"],"score":359,"play_id":"2b0361e7-3053-43df-af3f-53263d4a7d5c","local_time":"20180722105809","is_ascension_mode":true,"campfire_choices":[{"data":"Neutralize","floor":6.0,"key":"SMITH"},{"floor":11.0,"key":"REST"},{"floor":15,"key":"REST"}],"neow_cost":"","seed_source_timestamp":11300970968726,"circlet_count":0,"master_deck":["Defend_G+1","Defend_G","Defend_G","Defend_G","Strike_G","Strike_G+1","Survivor","Neutralize+1","AscendersBane","Slice","Quick Slash","All Out Attack","Backflip","Crippling Poison","Dodge and Roll+1","Cloak And Dagger+1","Blur+1","Adrenaline+1","Footwork+1","Reflex+1","Blade Dance+1","Cloak And Dagger+1","Escape Plan+1","Prepared+1"],"special_seed":0,"relics":["Ring of the Snake","Ornamental Fan","Question Card","Toxic Egg 2","Astrolabe"],"potions_floor_usage":[16,23,23],"damage_taken":[{"damage":7.0,"enemies":"2 Louse","floor":1.0,"turns":3.0},{"damage":2.0,"enemies":"Small Slimes","floor":2.0,"turns":4.0},{"damage":0.0,"enemies":"Cultist","floor":3.0,"turns":3.0},{"damage":10.0,"enemies":"3 Sentries","floor":7.0,"turns":8.0},{"damage":6.0,"enemies":"Looter","floor":8.0,"turns":3.0},{"damage":14.0,"enemies":"Gremlin Nob","floor":12.0,"turns":5.0},{"damage":3,"enemies":"3 Louse","floor":13,"turns":3},{"damage":0,"enemies":"Red Slaver","floor":14,"turns":4},{"damage":8,"enemies":"Hexaghost","floor":16,"turns":16},{"damage":0,"enemies":"3 Byrds","floor":18,"turns":6},{"damage":2,"enemies":"2 Thieves","floor":19,"turns":4},{"damage":6,"enemies":"Snake Plant","floor":21,"turns":9},{"damage":0,"enemies":"Centurion and Healer","floor":22,"turns":8},{"damage":53,"enemies":"Gremlin Leader","floor":23,"turns":8}],"seed_played":"6118623651724947493","potions_obtained":[{"floor":2.0,"key":"Fire Potion"},{"floor":8.0,"key":"Swift Potion"},{"floor":12,"key":"LiquidBronze"},{"floor":14,"key":"EssenceOfSteel"},{"floor":16,"key":"FearPotion"}],"is_trial":false,"path_per_floor":["M","M","M","?","$","R","E","M","T","?","R","E","M","M","R","B",null,"M","M","?","M","M"],"character_chosen":"THE_SILENT","items_purchased":["Backflip"],"campfire_rested":2,"item_purchase_floors":[5],"current_hp_per_floor":[52,50,50,30,30,30,20,14,14,14,33,19,16,16,35,27,56,56,54,54,48,48,0],"gold":230,"neow_bonus":"","is_prod":false,"is_daily":false,"chose_seed":false,"campfire_upgraded":1,"win_rate":0,"timestamp":1532282289,"path_taken":["M","M","M","?","$","R","E","M","T","?","R","E","M","M","R","BOSS","M","M","?","?","M","E"],"build_version":"2018-07-19v2","purchased_purges":1,"victory":false,"max_hp_per_floor":[66,66,66,66,66,66,66,66,66,66,66,66,66,66,66,66,66,66,66,66,66,66,66],"card_choices":[{"not_picked":["Calculated Gamble","Prepared"],"picked":"Slice","floor":1.0},{"not_picked":["Setup","Concentrate"],"picked":"Quick Slash","floor":2.0},{"not_picked":["Dagger Throw","Blade Dance"],"picked":"All Out Attack","floor":3.0},{"not_picked":["Reflex","Slice"],"picked":"Crippling Poison","floor":7.0},{"not_picked":["Sucker Punch","Choke"],"picked":"Dodge and Roll","floor":8.0},{"not_picked":["A Thousand Cuts","Unload","Skewer"],"picked":"Cloak And Dagger","floor":12},{"not_picked":["Flying Knee","Bane","Quick Slash"],"picked":"Blur+1","floor":13},{"not_picked":["Underhanded Strike","Quick Slash","Acrobatics+1","Tools of the Trade"],"picked":"SKIP","floor":14},{"not_picked":["Die Die Die","Tools of the Trade","Wraith Form v2"],"picked":"Adrenaline+1","floor":16},{"not_picked":["Slice","Poisoned Stab","Bouncing Flask+1"],"picked":"Cloak And Dagger+1","floor":18},{"not_picked":["Dagger Spray","Deadly Poison+1","Grand Finale","Outmaneuver+1"],"picked":"SKIP","floor":19},{"not_picked":["Underhanded Strike","Finisher","Acrobatics+1"],"picked":"Escape Plan+1","floor":21},{"not_picked":["Acrobatics+1","Dagger Spray","Crippling Poison+1"],"picked":"Prepared+1","floor":22}],"player_experience":849107,"relics_obtained":[{"floor":7.0,"key":"Ornamental Fan"},{"floor":9.0,"key":"Question Card"},{"floor":12,"key":"Toxic Egg 2"}],"event_choices":[{"event_name":"Shining Light","player_choice":"Entered Light","floor":4.0,"damage_taken":0.0},{"event_name":"Accursed Blacksmith","player_choice":"Forge","floor":10.0,"damage_taken":0.0},{"event_name":"Drug Dealer","player_choice":"Ignored","floor":20,"damage_taken":0}],"is_beta":false,"boss_relics":[{"not_picked":["Busted Crown","Philosopher\u0027s Stone"],"picked":"Astrolabe"}],"items_purged_floors":[5],"is_endless":false,"potions_floor_spawned":[2,8,12,14,16,18,19],"killed_by":"Gremlin Leader","ascension_level":15}