{"gold_per_floor":[113,113,113,125,144,144,144,163,190,218,218,218,245,264,264,340,340,358,67,67,80,180,211,211,223,223,223,57,69,84,110,110,189,189,207,261,361,375,375,375,177,189,212,246,265,265,280,314,314,314,314,314,314,34,68,68],"floor_reached":57,"playtime":3414,"items_purged":["Strike_R","Pommel Strike"],"score":3455,"play_id":"5d0feefa-cf29-4fc4-a29c-bdc7cde2c8d9","local_time":"20181201233811","is_ascension_mode":true,"campfire_choices":[{"data":"Rampage","floor":6.0,"key":"SMITH"},{"floor":11.0,"key":"REST"},{"data":"Havoc","floor":15.0,"key":"SMITH"},{"floor":24.0,"key":"REST"},{"data":"Cloak And Dagger","floor":32.0,"key":"SMITH"},{"data":"Barricade","floor":40.0,"key":"SMITH"},{"floor":49.0,"key":"RECALL"},{"data":"Apotheosis","floor":53.0,"key":"SMITH"}],"neow_cost":"PERCENT_DAMAGE","seed_source_timestamp":21047864457717,"circlet_count":0,"master_deck":["AscendersBane","Defend_R","Defend_R","Defend_R","Bash","Bandage Up","Deep Breath","Rampage+1","Headbutt","Barricade+1","Havoc+1","Immolate","Offering","Shrug It Off+1","Cloak And Dagger+1","Backstab","Blade Dance","Endless Agony","After Image","Bloodletting+1","Dual Wield+1","Warcry+1","Recycle","Panacea","Turbo+1","Double Energy","Apotheosis+1","Chrysalis","Juggernaut","Master of Strategy"],"special_seed":0,"relics":["Black Blood","Juzu Bracelet","Lantern","Dead Branch","Strawberry","PrismaticShard","Enchiridion","Ice Cream","Sundial","Art of War","Nunchaku","Bag of Preparation","Darkstone Periapt","Astrolabe","StoneCalendar","Girya","Prayer Wheel","Dodecahedron","Pen Nib"],"potions_floor_usage":[56],"damage_taken":[{"damage":13.0,"enemies":"Jaw Worm","floor":1.0,"turns":5.0},{"damage":1.0,"enemies":"Cultist","floor":4.0,"turns":3.0},{"damage":0.0,"enemies":"Small Slimes","floor":5.0,"turns":4.0},{"damage":6.0,"enemies":"Blue Slaver","floor":8.0,"turns":3.0},{"damage":56.0,"enemies":"Gremlin Nob","floor":10.0,"turns":5.0},{"damage":30.0,"enemies":"Lagavulin","floor":13.0,"turns":6.0},{"damage":11.0,"enemies":"Exordium Thugs","floor":14.0,"turns":4.0},{"damage":3.0,"enemies":"Slime Boss","floor":16.0,"turns":5.0},{"damage":17.0,"enemies":"Spheric Guardian","floor":18.0,"turns":3.0},{"damage":6.0,"enemies":"Chosen","floor":21.0,"turns":2.0},{"damage":3.0,"enemies":"Colosseum Slavers","floor":22.0,"turns":2.0},{"damage":37.0,"enemies":"Colosseum Nobs","floor":22.0,"turns":4.0},{"damage":37.0,"enemies":"Book of Stabbing","floor":23.0,"turns":3.0},{"damage":12.0,"enemies":"Centurion and Healer","floor":25.0,"turns":8.0},{"damage":10.0,"enemies":"Shelled Parasite and Fungi","floor":29.0,"turns":4.0},{"damage":6.0,"enemies":"Cultist and Chosen","floor":30.0,"turns":3.0},{"damage":6.0,"enemies":"Slavers","floor":31.0,"turns":2.0},{"damage":6.0,"enemies":"Champ","floor":33.0,"turns":17.0},{"damage":23.0,"enemies":"3 Darklings","floor":35.0,"turns":4.0},{"damage":3.0,"enemies":"2 Orb Walkers","floor":36.0,"turns":2.0},{"damage":16.0,"enemies":"Mind Bloom Boss Battle","floor":37.0,"turns":6.0},{"damage":8.0,"enemies":"3 Shapes","floor":38.0,"turns":5.0},{"damage":22.0,"enemies":"3 Darklings","floor":42.0,"turns":3.0},{"damage":9.0,"enemies":"Nemesis","floor":44.0,"turns":5.0},{"damage":9.0,"enemies":"Jaw Worm Horde","floor":45.0,"turns":3.0},{"damage":17.0,"enemies":"Transient","floor":47.0,"turns":6.0},{"damage":29.0,"enemies":"Reptomancer","floor":48.0,"turns":6.0},{"damage":15.0,"enemies":"Awakened One","floor":50.0,"turns":6.0},{"damage":0.0,"enemies":"Time Eater","floor":51.0,"turns":3.0},{"damage":3.0,"enemies":"Shield and Spear","floor":55.0,"turns":3.0},{"damage":73,"enemies":"The Heart","floor":56,"turns":8}],"seed_played":"-3643525787378480845","potions_obtained":[{"floor":1.0,"key":"Swift Potion"},{"floor":4.0,"key":"Explosive Potion"},{"floor":10.0,"key":"AttackPotion"},{"floor":18.0,"key":"FearPotion"},{"floor":25.0,"key":"GamblersBrew"},{"floor":27.0,"key":"Energy Potion"},{"floor":27.0,"key":"Swift Potion"},{"floor":29.0,"key":"Strength Potion"},{"floor":35.0,"key":"BloodPotion"},{"floor":47.0,"key":"EntropicBrew"},{"floor":48.0,"key":"PowerPotion"}],"is_trial":false,"path_per_floor":["M","?","?","M","M","R","?","M","T","E","R","?","E","M","R","B",null,"M","$","?","M","?","E","R","M","T","?","$","M","M","E","R","B",null,"M","?","?","M","?","R","$","M","T","E","M","?","M","E","R","B","B",null,"R","$","E","B",null],"character_chosen":"IRONCLAD","items_purchased":["PrismaticShard","Bag of Preparation","Panacea","Juggernaut","Master of Strategy"],"campfire_rested":2,"item_purchase_floors":[19,28,41,54,54],"current_hp_per_floor":[47,47,40,49,59,59,59,63,63,13,35,35,22,21,21,28,69,66,66,45,53,37,14,38,40,40,40,40,48,56,60,60,68,79,69,80,78,82,82,82,82,70,70,82,82,72,71,58,58,59,75,80,80,80,82,25],"gold":68,"neow_bonus":"RANDOM_COLORLESS_2","is_prod":false,"is_daily":false,"chose_seed":false,"campfire_upgraded":5,"win_rate":0,"timestamp":1543678691,"path_taken":["M","?","?","M","?","R","?","M","T","E","R","?","E","M","R","BOSS","M","$","?","M","?","E","R","M","T","?","$","M","M","E","R","BOSS","M","?","?","M","?","R","$","M","T","E","M","?","M","E","R","BOSS","BOSS","R","$","E","BOSS"],"build_version":"2018-11-15","purchased_purges":2,"victory":true,"max_hp_per_floor":[75,75,75,75,75,75,75,75,75,75,75,75,82,82,82,82,82,82,82,82,82,82,82,82,82,82,82,82,82,82,82,82,82,82,82,82,82,82,82,82,82,82,82,82,82,82,82,82,82,82,82,82,82,82,82,82],"card_choices":[{"not_picked":["Sentinel","Anger"],"picked":"Rampage","floor":1.0},{"not_picked":["Headbutt","Twin Strike","Perfected Strike"],"picked":"SKIP","floor":4.0},{"not_picked":["Twin Strike","Perfected Strike"],"picked":"Headbutt","floor":4.0},{"not_picked":["Thunderclap","Sentinel","Flex"],"picked":"SKIP","floor":5.0},{"not_picked":["Havoc","Carnage","Hemokinesis"],"picked":"SKIP","floor":8.0},{"not_picked":["Perfected Strike","Iron Wave"],"picked":"Shrug It Off","floor":10.0},{"not_picked":["Thunderclap","Headbutt"],"picked":"Havoc","floor":13.0},{"not_picked":["Heavy Blade","Warcry"],"picked":"Immolate","floor":14.0},{"not_picked":["Bludgeon","Demon Form"],"picked":"Offering","floor":16.0},{"not_picked":["Entrench","Clash+1"],"picked":"Shrug It Off+1","floor":18.0},{"not_picked":["Bane+1","Deadly Poison","Masterful Stab"],"picked":"SKIP","floor":21.0},{"not_picked":["Escape Plan","Prepared"],"picked":"Cloak And Dagger","floor":22.0},{"not_picked":["Tactician+1","Biased Cognition"],"picked":"Backstab","floor":23.0},{"not_picked":["Twin Strike","Iron Wave","Pommel Strike"],"picked":"SKIP","floor":25.0},{"not_picked":["Sunder","Carnage","Clash"],"picked":"SKIP","floor":29.0},{"not_picked":["Outmaneuver","Finisher"],"picked":"Blade Dance","floor":30.0},{"not_picked":["Steam Power","Deadly Poison"],"picked":"Endless Agony","floor":31.0},{"not_picked":["Impervious","Buffer"],"picked":"After Image","floor":33.0},{"not_picked":["Caltrops","Heavy Blade","Hello World"],"picked":"SKIP","floor":35.0},{"not_picked":["Gash","Outmaneuver"],"picked":"Warcry+1","floor":37.0},{"not_picked":["Good Instincts","Armaments"],"picked":"Recycle","floor":38.0},{"not_picked":["Wild Strike","Havoc","Pommel Strike+1"],"picked":"SKIP","floor":42.0},{"not_picked":["Reaper","Undo+1"],"picked":"Turbo+1","floor":44.0},{"not_picked":["Conserve Battery+1","Catalyst"],"picked":"Double Energy","floor":45.0},{"not_picked":["Searing Blow","Force Field","Cloak And Dagger"],"picked":"SKIP","floor":45.0},{"not_picked":["Impatience","Discovery"],"picked":"Apotheosis","floor":46.0},{"not_picked":["Mind Blast","Blind"],"picked":"Chrysalis","floor":46.0},{"not_picked":["Anger","Thunderclap+1","Wild Strike"],"picked":"SKIP","floor":47.0},{"not_picked":["Dagger Spray+1","Gash","Rupture"],"picked":"SKIP","floor":47.0},{"not_picked":["Heavy Blade","Dagger Throw+1","Cleave"],"picked":"SKIP","floor":48.0},{"not_picked":["Metamorphosis","Perfected Strike+1","Compile Driver+1"],"picked":"SKIP","floor":55.0}],"player_experience":2251035,"relics_obtained":[{"floor":9.0,"key":"Juzu Bracelet"},{"floor":10.0,"key":"Lantern"},{"floor":13.0,"key":"Strawberry"},{"floor":20.0,"key":"Enchiridion"},{"floor":22.0,"key":"Ice Cream"},{"floor":22.0,"key":"Sundial"},{"floor":23.0,"key":"Art of War"},{"floor":26.0,"key":"Nunchaku"},{"floor":31.0,"key":"Darkstone Periapt"},{"floor":36.0,"key":"StoneCalendar"},{"floor":37.0,"key":"Girya"},{"floor":44.0,"key":"Prayer Wheel"},{"floor":48.0,"key":"Dodecahedron"},{"floor":55.0,"key":"Pen Nib"}],"event_choices":[{"damage_healed":0.0,"max_hp_gain":0.0,"max_hp_loss":0.0,"gold_gain":0.0,"cards_transformed":["Strike_R"],"event_name":"Living Wall","player_choice":"Change","floor":2.0,"gold_loss":0.0,"damage_taken":0.0,"cards_obtained":["Pommel Strike"]},{"cards_removed":["Strike_R"],"damage_healed":0.0,"max_hp_gain":0.0,"max_hp_loss":0.0,"gold_gain":0.0,"event_name":"Golden Wing","player_choice":"Card Removal","floor":3.0,"gold_loss":0.0,"damage_taken":7.0},{"damage_healed":0.0,"max_hp_gain":0.0,"max_hp_loss":0.0,"gold_gain":0.0,"event_name":"Match and Keep!","player_choice":"1 cards matched","floor":7.0,"gold_loss":0.0,"damage_taken":0.0,"cards_obtained":["Barricade"]},{"cards_removed":["Shrug It Off"],"damage_healed":0.0,"max_hp_gain":0.0,"max_hp_loss":0.0,"gold_gain":0.0,"event_name":"WeMeetAgain","player_choice":"Gave Card","floor":12.0,"gold_loss":0.0,"damage_taken":0.0,"relics_obtained":["Dead Branch"]},{"damage_healed":0.0,"max_hp_gain":0.0,"max_hp_loss":0.0,"gold_gain":0.0,"event_name":"Cursed Tome","player_choice":"Obtained Book","floor":20.0,"gold_loss":0.0,"damage_taken":21.0},{"damage_healed":0.0,"max_hp_gain":0.0,"max_hp_loss":0.0,"gold_gain":0.0,"event_name":"Colosseum","player_choice":"Fight","floor":22.0,"gold_loss":0.0,"damage_taken":0.0},{"damage_healed":0.0,"max_hp_gain":0.0,"max_hp_loss":0.0,"gold_gain":0.0,"event_name":"Colosseum","player_choice":"Fought Nobs","floor":22.0,"gold_loss":0.0,"damage_taken":0.0},{"damage_healed":0.0,"max_hp_gain":0.0,"max_hp_loss":0.0,"gold_gain":0.0,"event_name":"Lab","player_choice":"Got Potions","floor":27.0,"gold_loss":0.0,"damage_taken":0.0},{"damage_healed":0.0,"max_hp_gain":0.0,"max_hp_loss":0.0,"gold_gain":0.0,"event_name":"Mysterious Sphere","player_choice":"Fight","floor":36.0,"gold_loss":0.0,"damage_taken":0.0},{"damage_healed":0.0,"max_hp_gain":0.0,"max_hp_loss":0.0,"gold_gain":0.0,"event_name":"MindBloom","player_choice":"Fight","floor":37.0,"gold_loss":0.0,"damage_taken":0.0},{"cards_removed":["Rupture"],"damage_healed":0.0,"max_hp_gain":0.0,"max_hp_loss":0.0,"gold_gain":0.0,"event_name":"Falling","player_choice":"Removed Power","floor":39.0,"gold_loss":0.0,"damage_taken":0.0},{"damage_healed":0.0,"max_hp_gain":0.0,"max_hp_loss":0.0,"gold_gain":0.0,"event_name":"SensoryStone","player_choice":"Memory 3","floor":46.0,"gold_loss":0.0,"damage_taken":10.0}],"is_beta":false,"boss_relics":[{"not_picked":["Runic Pyramid","White Beast Statue"],"picked":"Black Blood"},{"not_picked":["Empty Cage","Snecko Eye"],"picked":"Astrolabe"}],"items_purged_floors":[19,41],"is_endless":false,"potions_floor_spawned":[1,4,10,18,25,29,31,35,37,47,48],"ascension_level":20}