{"gold_per_floor":[112,126,145,145,163,163,176,56,82,98,132,132,132,132,132,209,209,228,228,228,238,49,49,49,63,87,119,119,132,132,142,142,219,269,287,300,12,12,12,12,42,42,68,83,83,103,103,103,103,103],"floor_reached":51,"playtime":2963,"items_purged":["Strike_G","Strike_G","Defend_G"],"score":1280,"play_id":"903ede7e-af4d-4119-a609-4bb238c8bf32","local_time":"20180824100252","is_ascension_mode":true,"campfire_choices":[{"data":"Neutralize","floor":6.0,"key":"SMITH"},{"floor":12.0,"key":"REST"},{"data":"After Image","floor":15.0,"key":"SMITH"},{"floor":23.0,"key":"REST"},{"floor":28.0,"key":"REST"},{"floor":30.0,"key":"REST"},{"floor":32.0,"key":"REST"},{"data":"Malaise","floor":40.0,"key":"SMITH"},{"data":"Footwork","floor":42.0,"key":"SMITH"},{"floor":49,"key":"REST"}],"neow_cost":"NONE","seed_source_timestamp":2849180016369,"circlet_count":0,"master_deck":["Defend_G","Defend_G","Defend_G","Strike_G","Strike_G","Survivor","Neutralize+1","AscendersBane","Die Die Die+1","Dagger Spray+1","Sucker Punch+1","Blur","Dagger Spray","Footwork+1","After Image+1","Glass Knife","Backflip","Backstab","Blur","Dash+1","Malaise+1","Envenom+1","Dodge and Roll","Finesse"],"special_seed":0,"relics":["Ring of the Snake","Centennial Puzzle","Omamori","Philosopher\u0027s Stone","Nilry\u0027s Codex","Oddly Smooth Stone","Vajra","Tiny House","Nunchaku","Bag of Preparation"],"potions_floor_usage":[46],"damage_taken":[{"damage":7.0,"enemies":"Small Slimes","floor":1.0,"turns":4.0},{"damage":1.0,"enemies":"Cultist","floor":2.0,"turns":4.0},{"damage":0.0,"enemies":"2 Louse","floor":3.0,"turns":2.0},{"damage":12.0,"enemies":"Exordium Wildlife","floor":5.0,"turns":5.0},{"damage":0.0,"enemies":"Large Slime","floor":7.0,"turns":5.0},{"damage":9.0,"enemies":"Blue Slaver","floor":10.0,"turns":4.0},{"damage":6.0,"enemies":"Lagavulin","floor":11.0,"turns":10.0},{"damage":0.0,"enemies":"The Guardian","floor":16.0,"turns":15.0},{"damage":12.0,"enemies":"Chosen","floor":18.0,"turns":7.0},{"damage":17.0,"enemies":"Spheric Guardian","floor":21.0,"turns":4.0},{"damage":5.0,"enemies":"Shelled Parasite and Fungi","floor":25.0,"turns":8.0},{"damage":9.0,"enemies":"Gremlin Leader","floor":27.0,"turns":8.0},{"damage":10.0,"enemies":"Chosen and Byrds","floor":29.0,"turns":5.0},{"damage":2.0,"enemies":"Centurion and Healer","floor":31.0,"turns":4.0},{"damage":54.0,"enemies":"Collector","floor":33.0,"turns":17.0},{"damage":0.0,"enemies":"Flame Bruiser 1 Orb","floor":35.0,"turns":8.0},{"damage":0.0,"enemies":"3 Darklings","floor":36.0,"turns":8.0},{"damage":13.0,"enemies":"Nemesis","floor":41.0,"turns":13.0},{"damage":0.0,"enemies":"Flame Bruiser 2 Orb","floor":44.0,"turns":7.0},{"damage":0.0,"enemies":"Transient","floor":45.0,"turns":1.0},{"damage":0,"enemies":"3 Darklings","floor":46,"turns":1},{"damage":29,"enemies":"Awakened One","floor":50,"turns":30}],"seed_played":"8925023864361666258","potions_obtained":[{"floor":3.0,"key":"Strength Potion"},{"floor":5.0,"key":"AttackPotion"},{"floor":11.0,"key":"Strength Potion"},{"floor":16.0,"key":"Swift Potion"},{"floor":21.0,"key":"Block Potion"},{"floor":29.0,"key":"SteroidPotion"},{"floor":31.0,"key":"EssenceOfSteel"},{"floor":33.0,"key":"Fruit Juice"},{"floor":34.0,"key":"SmokeBomb"},{"floor":41.0,"key":"SteroidPotion"}],"is_trial":false,"path_per_floor":["M","M","M","?","M","R","M","$","T","M","E","R","?","?","R","B",null,"M","?","?","M","$","R","?","M","T","E","R","M","R","M","R","B",null,"M","M","$","?","?","R","E","R","T","M","M","M","?","?","R","B"],"character_chosen":"THE_SILENT","items_purchased":["Footwork","Backstab","Envenom"],"campfire_rested":6,"item_purchase_floors":[8,22,37],"current_hp_per_floor":[52,51,51,31,19,19,19,19,19,10,4,23,23,23,23,23,55,43,43,22,5,5,24,24,19,19,10,29,19,38,36,55,6,60,60,60,60,60,60,60,47,47,47,47,47,47,42,57,76,47],"gold":103,"neow_bonus":"ONE_RANDOM_RARE_CARD","is_prod":false,"is_daily":false,"chose_seed":false,"campfire_upgraded":4,"win_rate":0,"timestamp":1535130172,"path_taken":["M","M","M","?","M","R","M","$","T","M","E","R","?","?","R","BOSS","M","?","?","M","?","R","?","M","T","E","R","M","R","M","R","BOSS","M","M","$","?","?","R","E","R","T","M","M","M","?","?","R","BOSS"],"build_version":"2018-08-23v2","purchased_purges":3,"victory":true,"max_hp_per_floor":[66,66,66,66,66,66,66,66,66,66,66,66,66,66,66,66,66,66,66,66,66,66,66,66,66,66,66,66,66,66,66,66,71,76,76,76,76,76,76,76,76,76,76,76,76,76,76,76,76,76],"card_choices":[{"not_picked":["Dodge and Roll","Deadly Poison","Prepared"],"picked":"SKIP","floor":1.0},{"not_picked":["Sucker Punch","Expertise"],"picked":"Dagger Spray","floor":2.0},{"not_picked":["Masterful Stab","Backflip"],"picked":"Sucker Punch","floor":3.0},{"not_picked":["Flechettes","Sucker Punch"],"picked":"Blur","floor":5.0},{"not_picked":["Envenom","Bane"],"picked":"Dagger Spray","floor":7.0},{"not_picked":["Predator","Dagger Throw","Quick Slash"],"picked":"SKIP","floor":10.0},{"not_picked":["Bouncing Flask","Bane"],"picked":"After Image","floor":11.0},{"not_picked":["Storm of Steel","Doppelganger"],"picked":"Glass Knife","floor":16.0},{"not_picked":["Deflect","Dagger Spray"],"picked":"Backflip","floor":18.0},{"not_picked":["Prepared","Riddle With Holes","Blade Dance"],"picked":"SKIP","floor":21.0},{"not_picked":["Sucker Punch","Dodge and Roll"],"picked":"Blur","floor":25.0},{"not_picked":["Tactician","Dagger Throw+1","Accuracy"],"picked":"SKIP","floor":27.0},{"not_picked":["Underhanded Strike","Infinite Blades","Deflect"],"picked":"SKIP","floor":29.0},{"not_picked":["Dagger Spray","Venomology"],"picked":"Dash+1","floor":31.0},{"not_picked":["Bullet Time","Night Terror"],"picked":"Malaise","floor":33.0},{"not_picked":["Dagger Throw","Blade Dance","Quick Slash"],"picked":"SKIP","floor":35.0},{"not_picked":["Choke","Deflect+1","Bullet Time"],"picked":"SKIP","floor":36.0},{"not_picked":["Noxious Fumes+1","Acrobatics","Expertise"],"picked":"SKIP","floor":41.0},{"not_picked":["Bane","Accuracy"],"picked":"Dodge and Roll","floor":44.0},{"not_picked":["Dagger Throw+1","Masterful Stab+1","Tactician+1"],"picked":"SKIP","floor":46},{"not_picked":["Jack Of All Trades","Trip"],"picked":"Finesse","floor":47}],"player_experience":1028225,"relics_obtained":[{"floor":9.0,"key":"Centennial Puzzle"},{"floor":11.0,"key":"Omamori"},{"floor":20.0,"key":"Nilry\u0027s Codex"},{"floor":26.0,"key":"Oddly Smooth Stone"},{"floor":27.0,"key":"Vajra"},{"floor":41.0,"key":"Nunchaku"},{"floor":43.0,"key":"Bag of Preparation"}],"event_choices":[{"event_name":"Shining Light","player_choice":"Entered Light","floor":4.0,"damage_taken":0.0},{"event_name":"Living Wall","player_choice":"Forget","floor":13.0,"damage_taken":0.0},{"event_name":"Golden Idol","player_choice":"Ignored","floor":14.0,"damage_taken":0.0},{"event_name":"N\u0027loth","player_choice":"Ignored","floor":19.0,"damage_taken":0.0},{"event_name":"Cursed Tome","player_choice":"Obtained Book","floor":20.0,"damage_taken":0.0},{"event_name":"Forgotten Altar","player_choice":"Smashed Altar","floor":24.0,"damage_taken":0.0},{"event_name":"Falling","player_choice":"Removed Skill","floor":38.0,"damage_taken":0.0},{"event_name":"Upgrade Shrine","player_choice":"Upgraded","floor":39.0,"damage_taken":0.0},{"event_name":"SensoryStone","player_choice":"Memory 2","floor":47,"damage_taken":0},{"event_name":"Winding Halls","player_choice":"Writhe","floor":48,"damage_taken":0}],"is_beta":false,"boss_relics":[{"not_picked":["Lizard Tail","WristBlade"],"picked":"Philosopher\u0027s Stone"},{"not_picked":["Runic Pyramid","Orrery"],"picked":"Tiny House"}],"items_purged_floors":[8,22,37],"is_endless":false,"potions_floor_spawned":[3,5,11,16,21,29,31,33,41,45],"ascension_level":16}