{"gold_per_floor":[111,111,131,144,158,191,191,207,207,307,320,344,406,179,179,277,277,296,296],"floor_reached":19,"playtime":639,"items_purged":["Strike_B"],"score":169,"play_id":"5a03d15e-c8d5-468f-9700-2df398bcf486","local_time":"25611101215106","is_ascension_mode":false,"campfire_choices":[{"floor":7,"key":"REST"},{"floor":15,"key":"REST"}],"neow_cost":"NONE","seed_source_timestamp":24414030474078,"circlet_count":0,"master_deck":["Strike_B","Strike_B","Strike_B","Defend_B","Defend_B","Defend_B","Defend_B","Zap","Dualcast","Conserve Battery","Coolheaded","Genetic Algorithm","Loop","Auto Shields","All For One","Streamline","Leap","Scrape","Amplify","Streamline+1"],"special_seed":0,"relics":["Cracked Core","NeowsBlessing","Ancient Tea Set","Peace Pipe","Pocketwatch","Bag of Preparation","Nuclear Battery"],"potions_floor_usage":[6,6,16],"damage_taken":[{"damage":0.0,"enemies":"Jaw Worm","floor":1.0,"turns":1.0},{"damage":0.0,"enemies":"2 Louse","floor":3.0,"turns":1.0},{"damage":0.0,"enemies":"Small Slimes","floor":4.0,"turns":1.0},{"damage":33.0,"enemies":"Gremlin Gang","floor":5.0,"turns":6.0},{"damage":15,"enemies":"Lagavulin","floor":6,"turns":7},{"damage":2,"enemies":"Blue Slaver","floor":8,"turns":5},{"damage":0,"enemies":"Red Slaver","floor":11,"turns":5},{"damage":39,"enemies":"Slime Boss","floor":16,"turns":12},{"damage":52,"enemies":"3 Byrds","floor":18,"turns":8},{"damage":40,"enemies":"Masked Bandits","floor":19,"turns":3}],"seed_played":"1724626158050499575","potions_obtained":[{"floor":3.0,"key":"Strength Potion"},{"floor":5.0,"key":"LiquidBronze"}],"is_trial":false,"path_per_floor":["M","?","M","M","M","E","R","M","T","?","M","T","?","$","R","B",null,"M"],"character_chosen":"DEFECT","items_purchased":["Energy Potion","Leap","Scrape"],"campfire_rested":2,"item_purchase_floors":[14,14,14],"current_hp_per_floor":[75,57,57,57,24,9,31,29,29,29,29,29,29,29,51,12,75,23,0],"gold":296,"neow_bonus":"THREE_ENEMY_KILL","is_prod":false,"is_daily":false,"chose_seed":false,"campfire_upgraded":0,"win_rate":0.0,"timestamp":1541083866,"path_taken":["M","?","?","M","M","E","R","M","T","?","?","?","?","?","R","BOSS","M","?"],"build_version":"2018-10-25v2","purchased_purges":1,"victory":false,"max_hp_per_floor":[75,75,75,75,75,75,75,75,75,75,75,75,75,75,75,75,75,75,75],"card_choices":[{"not_picked":["Compile Driver","Hologram"],"picked":"Conserve Battery","floor":1.0},{"not_picked":["Chaos","Storm"],"picked":"Coolheaded","floor":3.0},{"not_picked":["Go for the Eyes","Barrage"],"picked":"Genetic Algorithm","floor":4.0},{"not_picked":["Rip and Tear","Cold Snap"],"picked":"Loop","floor":5.0},{"not_picked":["Lockon","Glacier"],"picked":"Auto Shields","floor":6},{"not_picked":["Beam Cell","Skim"],"picked":"All For One","floor":8},{"not_picked":["BootSequence","Heatsinks"],"picked":"Streamline","floor":11},{"not_picked":["Fission","Biased Cognition"],"picked":"Amplify","floor":16},{"not_picked":["Go for the Eyes","Leap"],"picked":"Streamline+1","floor":18}],"player_experience":35467,"relics_obtained":[{"floor":6,"key":"Peace Pipe"},{"floor":9,"key":"Pocketwatch"},{"floor":12,"key":"Bag of Preparation"}],"event_choices":[{"damage_healed":0.0,"max_hp_gain":0.0,"max_hp_loss":0.0,"gold_gain":0.0,"event_name":"Scrap Ooze","player_choice":"Success","floor":2.0,"gold_loss":0.0,"damage_taken":18.0,"relics_obtained":["Ancient Tea Set"]},{"damage_healed":0,"gold_gain":100,"player_choice":"Pray","damage_taken":0,"max_hp_gain":0,"max_hp_loss":0,"event_name":"Golden Shrine","floor":10,"gold_loss":0},{"damage_healed":0,"gold_gain":62,"player_choice":"Gained Gold","damage_taken":0,"max_hp_gain":0,"max_hp_loss":0,"event_name":"Golden Wing","floor":13,"gold_loss":0},{"damage_healed":0,"gold_gain":0,"player_choice":"Fought Bandits","damage_taken":0,"max_hp_gain":0,"max_hp_loss":0,"event_name":"Masked Bandits","floor":19,"gold_loss":0}],"is_beta":false,"boss_relics":[{"not_picked":["Fusion Hammer","Runic Dome"],"picked":"Nuclear Battery"}],"items_purged_floors":[14],"is_endless":false,"potions_floor_spawned":[3,5],"killed_by":"Masked Bandits","ascension_level":0}