{"gold_per_floor":[112,122,138,213,13,13,44,44,44,44,73,73,88,108,108,212,212,231,243,15,35,35,35],"floor_reached":23,"playtime":1162,"items_purged":["Strike_B"],"score":414,"play_id":"629d757c-ae08-42fc-951f-cc5de64ba171","local_time":"20181104224301","is_ascension_mode":true,"campfire_choices":[{"data":"Zap","floor":6,"key":"SMITH"},{"data":"Defragment","floor":10,"key":"SMITH"},{"data":"Glacier","floor":12,"key":"SMITH"},{"data":"Tempest","floor":15,"key":"SMITH"}],"neow_cost":"NONE","seed_source_timestamp":5303444908628,"circlet_count":0,"master_deck":["AscendersBane","Strike_B","Defend_B","Defend_B","Defend_B","Defend_B","Zap+1","Dualcast","Tempest+1","Glacier+1","Chill","Cold Snap","Defragment+1","Steam","Redo","Rainbow","Self Repair+1","Static Discharge","Coolheaded"],"relics":["Cracked Core","Chemical X","Bottled Lightning","Bag of Marbles","Ice Cream","Fusion Hammer","DataDisk"],"potions_floor_usage":[7,16,19,23],"damage_taken":[{"damage":1,"enemies":"Cultist","floor":1,"turns":5},{"damage":1,"enemies":"2 Louse","floor":2,"turns":3},{"damage":2,"enemies":"Jaw Worm","floor":3,"turns":6},{"damage":9,"enemies":"3 Sentries","floor":7,"turns":7},{"damage":0,"enemies":"Lagavulin","floor":11,"turns":5},{"damage":2,"enemies":"Lots of Slimes","floor":13,"turns":3},{"damage":0,"enemies":"2 Fungi Beasts","floor":14,"turns":3},{"damage":0,"enemies":"Hexaghost","floor":16,"turns":17},{"damage":0,"enemies":"Shell Parasite","floor":18,"turns":3},{"damage":6,"enemies":"2 Thieves","floor":19,"turns":3},{"damage":10,"enemies":"Snecko","floor":21,"turns":4},{"damage":78,"enemies":"Gremlin Leader","floor":23,"turns":13}],"seed_played":"-176904687929732453","potions_obtained":[{"floor":3,"key":"LiquidBronze"},{"floor":13,"key":"EssenceOfSteel"},{"floor":16,"key":"Swift Potion"},{"floor":18,"key":"Fire Potion"}],"is_trial":false,"path_per_floor":["M","M","M","?","$","R","E","?","T","R","E","R","M","M","R","B",null,"M","M","$","M","$","E"],"character_chosen":"DEFECT","items_purchased":["Chemical X","DataDisk"],"campfire_rested":0,"item_purchase_floors":[5,20],"current_hp_per_floor":[67,66,64,53,53,53,44,44,44,44,44,44,42,42,42,42,67,67,71,71,71,71,0],"gold":35,"neow_bonus":"REMOVE_CARD","is_prod":false,"is_daily":false,"chose_seed":false,"campfire_upgraded":4,"win_rate":0,"timestamp":1541367781,"path_taken":["M","M","?","?","$","R","E","?","T","R","E","R","M","M","R","BOSS","M","M","$","M","?","E"],"build_version":"2018-11-01","purchased_purges":1,"victory":false,"max_hp_per_floor":[75,75,75,75,75,75,75,75,75,75,75,75,75,75,75,75,75,75,75,75,75,75,75],"card_choices":[{"not_picked":["Rebound","Compile Driver"],"picked":"Tempest","floor":1},{"not_picked":["Compile Driver","Cold Snap"],"picked":"Glacier","floor":2},{"not_picked":["Hologram","Streamline"],"picked":"Chill","floor":3},{"not_picked":["Darkness","Recycle"],"picked":"Cold Snap","floor":7},{"not_picked":["Coolheaded","Storm"],"picked":"Steam","floor":11},{"not_picked":["Beam Cell","Sweeping Beam"],"picked":"Redo","floor":13},{"not_picked":["Force Field","Cold Snap","Meteor Strike"],"picked":"SKIP","floor":14},{"not_picked":["Reboot","All For One"],"picked":"Rainbow","floor":16},{"not_picked":["Rebound","Hologram"],"picked":"Self Repair+1","floor":18},{"not_picked":["Coolheaded","Steam"],"picked":"Static Discharge","floor":19},{"not_picked":["Self Repair","Stack"],"picked":"Coolheaded","floor":21}],"player_experience":314002,"relics_obtained":[{"floor":7,"key":"Bottled Lightning"},{"floor":9,"key":"Bag of Marbles"},{"floor":11,"key":"Ice Cream"}],"event_choices":[{"damage_healed":0,"gold_gain":75,"player_choice":"Gather Gold","damage_taken":11,"max_hp_gain":0,"max_hp_loss":0,"event_name":"World of Goop","floor":4,"gold_loss":0},{"damage_healed":0,"gold_gain":0,"cards_transformed":["Strike_B"],"player_choice":"Transformed","damage_taken":0,"max_hp_gain":0,"max_hp_loss":0,"event_name":"Transmorgrifier","floor":8,"gold_loss":0,"cards_obtained":["Defragment"]}],"is_beta":false,"boss_relics":[{"not_picked":["Astrolabe","Calling Bell"],"picked":"Fusion Hammer"}],"items_purged_floors":[20],"is_endless":false,"potions_floor_spawned":[3,13,16,18],"killed_by":"Gremlin Leader","ascension_level":10}