{"gold_per_floor":[111,111,130,130,208,208,242,242,265,265,28,64,11,49,49,147,147,171,221,245,245,245,281,300,334,334,334,132,132,148,273,273,366,366,381,381,271,271,46,85,103,137,137,178,178,212,212,252,252,252,252,252,252,132,163,163],"floor_reached":57,"playtime":4666,"items_purged":["Defend_B","Strike_B","Defend_B","Defend_B"],"score":3357,"play_id":"22e34259-b3c1-4c91-a46a-3496c1e60687","local_time":"20190222151658","is_ascension_mode":true,"campfire_choices":[{"data":"Sunder","floor":6.0,"key":"SMITH"},{"data":"Auto Shields","floor":8.0,"key":"SMITH"},{"floor":10.0,"key":"REST"},{"data":"Defragment","floor":15.0,"key":"SMITH"},{"data":"Coolheaded","floor":29.0,"key":"SMITH"},{"data":"Biased Cognition","floor":32.0,"key":"SMITH"},{"data":"Seek","floor":45.0,"key":"SMITH"},{"floor":49.0,"key":"RECALL"},{"data":"Purity","floor":53.0,"key":"SMITH"}],"neow_cost":"TEN_PERCENT_HP_LOSS","seed_source_timestamp":0,"circlet_count":0,"master_deck":["AscendersBane","Zap","Dualcast","Sunder+1","Capacitor","BootSequence","Auto Shields+1","Glacier","Defragment+1","Biased Cognition+1","Electrodynamics+1","Coolheaded+1","Ghostly","Ghostly","Ghostly","Tempest","Conserve Battery+1","Turbo+1","Flash of Steel","Seek+1","Coolheaded+1","Purity+1","Recycle+1"],"special_seed":0,"relics":["Cracked Core","Golden Idol","Bottled Lightning","Potion Belt","Omamori","Boot","Sozu","Cables","Dodecahedron","Juzu Bracelet","Sundial","Ginger","Darkstone Periapt","Busted Crown","PreservedInsect","Molten Egg 2","Dream Catcher","The Courier","Bag of Preparation","Frozen Egg 2","Bird Faced Urn","Gremlin Horn"],"potions_floor_usage":[],"damage_taken":[{"damage":7.0,"enemies":"2 Louse","floor":1.0,"turns":2.0},{"damage":4.0,"enemies":"Jaw Worm","floor":3.0,"turns":3.0},{"damage":35.0,"enemies":"3 Sentries","floor":7.0,"turns":9.0},{"damage":5.0,"enemies":"Lagavulin","floor":12.0,"turns":9.0},{"damage":12.0,"enemies":"Gremlin Nob","floor":14.0,"turns":5.0},{"damage":15.0,"enemies":"Slime Boss","floor":16.0,"turns":13.0},{"damage":0.0,"enemies":"Spheric Guardian","floor":18.0,"turns":4.0},{"damage":0.0,"enemies":"3 Byrds","floor":20.0,"turns":2.0},{"damage":8.0,"enemies":"Book of Stabbing","floor":23.0,"turns":8.0},{"damage":10.0,"enemies":"Shelled Parasite and Fungi","floor":24.0,"turns":4.0},{"damage":0.0,"enemies":"Gremlin Leader","floor":25.0,"turns":7.0},{"damage":0.0,"enemies":"Book of Stabbing","floor":27.0,"turns":2.0},{"damage":0.0,"enemies":"Centurion and Healer","floor":30.0,"turns":5.0},{"damage":0.0,"enemies":"Colosseum Slavers","floor":31.0,"turns":4.0},{"damage":0.0,"enemies":"Colosseum Nobs","floor":31.0,"turns":3.0},{"damage":0.0,"enemies":"Automaton","floor":33.0,"turns":12.0},{"damage":1.0,"enemies":"Orb Walker","floor":35.0,"turns":3.0},{"damage":2.0,"enemies":"Nemesis","floor":40.0,"turns":5.0},{"damage":15.0,"enemies":"3 Darklings","floor":41.0,"turns":3.0},{"damage":0.0,"enemies":"Reptomancer","floor":42.0,"turns":5.0},{"damage":0.0,"enemies":"Nemesis","floor":44.0,"turns":5.0},{"damage":0.0,"enemies":"Giant Head","floor":46.0,"turns":5.0},{"damage":0.0,"enemies":"Reptomancer","floor":48.0,"turns":4.0},{"damage":0.0,"enemies":"Donu and Deca","floor":50.0,"turns":7.0},{"damage":16.0,"enemies":"Time Eater","floor":51.0,"turns":20.0},{"damage":7.0,"enemies":"Shield and Spear","floor":55.0,"turns":5.0},{"damage":19,"enemies":"The Heart","floor":56,"turns":9}],"seed_played":"1030702658955646075","potions_obtained":[{"floor":3.0,"key":"EssenceOfSteel"},{"floor":16.0,"key":"SmokeBomb"}],"is_trial":false,"path_per_floor":["M","?","M","?","T","R","E","R","T","R","$","E","$","E","R","B",null,"M","?","M","?","?","E","M","E","T","E","$","R","M","?","R","B",null,"M","?","?","T","$","E","M","E","T","E","R","E","?","E","R","B","B",null,"R","$","E","B",null],"character_chosen":"DEFECT","items_purchased":["Glacier","Defragment","Block Potion","Flash of Steel","Purity"],"campfire_rested":1,"item_purchase_floors":[11,11,13,28,39],"current_hp_per_floor":[57,57,53,53,53,53,18,18,18,35,35,30,30,18,18,3,44,44,44,44,29,29,21,11,11,11,11,11,11,11,11,11,11,25,24,24,24,24,24,22,7,7,7,7,7,7,13,13,13,21,13,25,25,25,26,10],"gold":163,"neow_bonus":"TRANSFORM_TWO_CARDS","is_prod":false,"is_daily":false,"chose_seed":false,"campfire_upgraded":7,"win_rate":0,"timestamp":1550819818,"path_taken":["M","?","M","?","?","R","E","R","T","R","$","E","$","E","R","BOSS","M","?","M","?","?","E","M","E","T","E","$","R","M","?","R","BOSS","M","?","?","?","$","E","M","E","T","E","R","E","?","E","R","BOSS","BOSS","R","$","E","BOSS"],"build_version":"2019-01-23","purchased_purges":4,"victory":true,"max_hp_per_floor":[64,58,58,58,58,58,58,58,58,58,58,58,58,58,58,58,58,58,58,58,29,29,29,29,29,29,29,29,29,29,29,29,29,29,29,29,29,29,29,29,29,29,29,29,29,29,29,29,29,29,29,29,29,29,29,29],"card_choices":[{"not_picked":["Barrage","Sweeping Beam","Go for the Eyes"],"picked":"SKIP","floor":1.0},{"not_picked":["Stack","Creative AI","Barrage"],"picked":"SKIP","floor":3.0},{"not_picked":["Hologram","Turbo"],"picked":"Auto Shields","floor":7.0},{"not_picked":["Steam","Streamline"],"picked":"Biased Cognition","floor":12.0},{"not_picked":["Storm","Aggregate","Rebound"],"picked":"SKIP","floor":14.0},{"not_picked":["Amplify","Echo Form"],"picked":"Electrodynamics","floor":16.0},{"not_picked":["Beam Cell","Steam","Compile Driver"],"picked":"SKIP","floor":18.0},{"not_picked":["Reprogram","Gash"],"picked":"Coolheaded","floor":20.0},{"not_picked":["Thunder Strike","Steam Power"],"picked":"Tempest","floor":23.0},{"not_picked":["Stack","Gash"],"picked":"Conserve Battery+1","floor":24.0},{"not_picked":["Beam Cell","Stack"],"picked":"Turbo+1","floor":25.0},{"not_picked":["Conserve Battery","Stack","Rebound"],"picked":"SKIP","floor":30.0},{"not_picked":["Ball Lightning","Genetic Algorithm+1"],"picked":"Seek","floor":31.0},{"not_picked":["Sunder"],"picked":"SKIP","floor":35.0},{"not_picked":["Ball Lightning"],"picked":"SKIP","floor":40.0},{"not_picked":["Ball Lightning+1"],"picked":"SKIP","floor":41.0},{"not_picked":[],"picked":"Recycle+1","floor":42.0},{"not_picked":["Aggregate"],"picked":"SKIP","floor":44.0},{"not_picked":["Steam"],"picked":"SKIP","floor":46.0},{"not_picked":["BootSequence+1"],"picked":"SKIP","floor":48.0},{"not_picked":["BootSequence+1"],"picked":"SKIP","floor":48.0},{"not_picked":["Conserve Battery+1"],"picked":"SKIP","floor":55.0}],"player_experience":2655317,"relics_obtained":[{"floor":7.0,"key":"Bottled Lightning"},{"floor":9.0,"key":"Potion Belt"},{"floor":12.0,"key":"Omamori"},{"floor":14.0,"key":"Boot"},{"floor":23.0,"key":"Dodecahedron"},{"floor":25.0,"key":"Juzu Bracelet"},{"floor":26.0,"key":"Sundial"},{"floor":31.0,"key":"Ginger"},{"floor":31.0,"key":"Darkstone Periapt"},{"floor":38.0,"key":"PreservedInsect"},{"floor":40.0,"key":"Molten Egg 2"},{"floor":42.0,"key":"Dream Catcher"},{"floor":43.0,"key":"The Courier"},{"floor":44.0,"key":"Bag of Preparation"},{"floor":46.0,"key":"Frozen Egg 2"},{"floor":48.0,"key":"Bird Faced Urn"},{"floor":55.0,"key":"Gremlin Horn"}],"event_choices":[{"damage_healed":0.0,"max_hp_gain":0.0,"max_hp_loss":6.0,"gold_gain":0.0,"event_name":"Golden Idol","player_choice":"Lose Max HP","floor":2.0,"gold_loss":0.0,"damage_taken":0.0,"relics_obtained":["Golden Idol"]},{"damage_healed":0.0,"max_hp_gain":0.0,"max_hp_loss":0.0,"gold_gain":0.0,"cards_transformed":["Strike_B"],"event_name":"Living Wall","player_choice":"Change","floor":4.0,"gold_loss":0.0,"damage_taken":0.0,"cards_obtained":["BootSequence"]},{"damage_healed":0.0,"max_hp_gain":0.0,"max_hp_loss":0.0,"gold_gain":50.0,"event_name":"Nest","player_choice":"Stole From Cult","floor":19.0,"gold_loss":0.0,"damage_taken":0.0},{"damage_healed":0.0,"max_hp_gain":0.0,"max_hp_loss":29.0,"gold_gain":0.0,"event_name":"Ghosts","player_choice":"Became a Ghost","floor":21.0,"gold_loss":0.0,"damage_taken":0.0,"cards_obtained":["Ghostly","Ghostly","Ghostly"]},{"damage_healed":0.0,"max_hp_gain":0.0,"max_hp_loss":0.0,"gold_gain":0.0,"event_name":"Addict","player_choice":"Stole Relic","floor":22.0,"gold_loss":0.0,"damage_taken":0.0,"relics_obtained":["Cables"],"cards_obtained":["Shame"]},{"damage_healed":0.0,"max_hp_gain":0.0,"max_hp_loss":0.0,"gold_gain":0.0,"event_name":"Colosseum","player_choice":"Fight","floor":31.0,"gold_loss":0.0,"damage_taken":0.0},{"damage_healed":0.0,"max_hp_gain":0.0,"max_hp_loss":0.0,"gold_gain":0.0,"event_name":"Colosseum","player_choice":"Fought Nobs","floor":31.0,"gold_loss":0.0,"damage_taken":0.0},{"damage_healed":0.0,"max_hp_gain":0.0,"max_hp_loss":0.0,"gold_gain":0.0,"event_name":"Duplicator","player_choice":"Copied","floor":36.0,"gold_loss":0.0,"damage_taken":0.0,"cards_obtained":["Coolheaded"]},{"cards_removed":["Strike_B"],"damage_healed":0.0,"max_hp_gain":0.0,"max_hp_loss":0.0,"gold_gain":0.0,"event_name":"Designer","player_choice":"Upgrade and Remove","floor":37.0,"gold_loss":110.0,"damage_taken":0.0,"cards_upgraded":["Electrodynamics"]},{"damage_healed":6.0,"max_hp_gain":0.0,"max_hp_loss":0.0,"gold_gain":0.0,"event_name":"Winding Halls","player_choice":"Writhe","floor":47.0,"gold_loss":0.0,"damage_taken":0.0,"cards_obtained":["Writhe"]}],"is_beta":false,"boss_relics":[{"not_picked":["Astrolabe","Lizard Tail"],"picked":"Sozu"},{"not_picked":["FrozenCore","Orrery"],"picked":"Busted Crown"}],"items_purged_floors":[11,28,39,54],"is_endless":false,"potions_floor_spawned":[3,16,23,25,30,31,31,33,35,40,41,55],"ascension_level":20}