{"gold_per_floor":[117,31,41,41,60,85,85,118,118,143,68,83,83,105,105,181,181,198,212,28,44,61,61,92,92,163,179,189,189,189,189,189,260,260,278,1,18,118,118,152,163,192,192,192,105,116,128,154,154,154,154,154,154,29,60,60],"floor_reached":57,"playtime":4359,"items_purged":["Strike_G","Strike_G","Dash"],"score":3170,"play_id":"526c1665-ea63-4e98-92d9-71ea1868c46d","local_time":"20181216012500","is_ascension_mode":true,"campfire_choices":[{"data":"Noxious Fumes","floor":7.0,"key":"SMITH"},{"data":"Malaise","floor":13.0,"key":"SMITH"},{"data":"Crippling Poison","floor":15.0,"key":"SMITH"},{"data":"Burst","floor":23.0,"key":"SMITH"},{"data":"Footwork","floor":25.0,"key":"SMITH"},{"data":"Deadly Poison","floor":29.0,"key":"SMITH"},{"data":"Footwork","floor":32.0,"key":"SMITH"},{"floor":49.0,"key":"RECALL"},{"data":"Well Laid Plans","floor":53.0,"key":"SMITH"}],"neow_cost":"NONE","seed_source_timestamp":26725117061125,"circlet_count":0,"master_deck":["AscendersBane","Defend_G","Defend_G","Defend_G","Defend_G","Defend_G","Survivor","Neutralize","Noxious Fumes+1","Backstab","Crippling Poison+1","Malaise+1","Burst+1","Deflect+1","Footwork+1","Blur+1","Deadly Poison+1","Backflip","Clumsy","Footwork+1","Tools of the Trade","Tactician+1","Sucker Punch+1","Bullet Time+1","Bouncing Flask+1","Calculated Gamble","Catalyst+1","Well Laid Plans+1","Acrobatics","Prepared+1","Acrobatics"],"special_seed":0,"relics":["Ring of the Snake","NeowsBlessing","Lantern","Prayer Wheel","Gremlin Horn","Happy Flower","Odd Mushroom","Cursed Key","Strawberry","Astrolabe","Paper Crane","Du-Vu Doll","Tingsha","Darkstone Periapt","Blue Candle","Centennial Puzzle"],"potions_floor_usage":[],"damage_taken":[{"damage":0.0,"enemies":"Small Slimes","floor":1.0,"turns":1.0},{"damage":0.0,"enemies":"Cultist","floor":3.0,"turns":1.0},{"damage":0.0,"enemies":"Jaw Worm","floor":5.0,"turns":1.0},{"damage":35.0,"enemies":"Gremlin Nob","floor":6.0,"turns":5.0},{"damage":4.0,"enemies":"Lagavulin","floor":8.0,"turns":6.0},{"damage":4.0,"enemies":"3 Sentries","floor":10.0,"turns":7.0},{"damage":4.0,"enemies":"Blue Slaver","floor":12.0,"turns":4.0},{"damage":4.0,"enemies":"The Mushroom Lair","floor":14.0,"turns":2.0},{"damage":1.0,"enemies":"Hexaghost","floor":16.0,"turns":12.0},{"damage":9.0,"enemies":"2 Thieves","floor":18.0,"turns":4.0},{"damage":6.0,"enemies":"Shell Parasite","floor":19.0,"turns":8.0},{"damage":6.0,"enemies":"Cultist and Chosen","floor":21.0,"turns":7.0},{"damage":3.0,"enemies":"Snake Plant","floor":22.0,"turns":5.0},{"damage":0.0,"enemies":"Book of Stabbing","floor":24.0,"turns":9.0},{"damage":0.0,"enemies":"Shelled Parasite and Fungi","floor":27.0,"turns":7.0},{"damage":0.0,"enemies":"Centurion and Healer","floor":28.0,"turns":9.0},{"damage":0.0,"enemies":"Automaton","floor":33.0,"turns":12.0},{"damage":18.0,"enemies":"3 Darklings","floor":35.0,"turns":8.0},{"damage":0.0,"enemies":"Orb Walker","floor":37.0,"turns":5.0},{"damage":0.0,"enemies":"Mind Bloom Boss Battle","floor":38.0,"turns":9.0},{"damage":0.0,"enemies":"Giant Head","floor":40.0,"turns":10.0},{"damage":0.0,"enemies":"Writhing Mass","floor":41.0,"turns":5.0},{"damage":0.0,"enemies":"Nemesis","floor":42.0,"turns":7.0},{"damage":23.0,"enemies":"Spire Growth","floor":46.0,"turns":5.0},{"damage":8.0,"enemies":"Jaw Worm Horde","floor":47.0,"turns":5.0},{"damage":0.0,"enemies":"Giant Head","floor":48.0,"turns":7.0},{"damage":16.0,"enemies":"Donu and Deca","floor":50.0,"turns":13.0},{"damage":0.0,"enemies":"Time Eater","floor":51.0,"turns":10.0},{"damage":30.0,"enemies":"Shield and Spear","floor":55.0,"turns":7.0},{"damage":21,"enemies":"The Heart","floor":56,"turns":9}],"seed_played":"-6510875610440227426","potions_obtained":[{"floor":1.0,"key":"Ancient Potion"},{"floor":3.0,"key":"PowerPotion"},{"floor":4.0,"key":"FairyPotion"},{"floor":6.0,"key":"Energy Potion"},{"floor":16.0,"key":"LiquidBronze"},{"floor":18.0,"key":"SkillPotion"},{"floor":21.0,"key":"SkillPotion"},{"floor":33.0,"key":"SkillPotion"},{"floor":37.0,"key":"SkillPotion"},{"floor":41.0,"key":"SteroidPotion"}],"is_trial":false,"path_per_floor":["M","$","M","?","M","E","R","E","T","E","$","M","R","?","R","B",null,"M","M","$","M","M","R","E","R","T","M","M","R","?","?","R","B",null,"M","$","M","?","T","E","M","E","T","?","$","M","M","E","R","B","B",null,"R","$","E","B",null],"character_chosen":"THE_SILENT","items_purchased":["Noxious Fumes","GhostInAJar","Paper Crane","Well Laid Plans"],"campfire_rested":0,"item_purchase_floors":[2,20,36,45],"current_hp_per_floor":[59,59,59,59,59,24,24,20,20,16,16,12,12,8,8,7,51,42,36,36,30,27,27,34,34,34,34,34,34,49,49,49,49,67,49,49,49,49,49,49,49,49,49,49,49,26,18,18,18,2,2,55,55,55,25,4],"gold":60,"neow_bonus":"THREE_ENEMY_KILL","is_prod":false,"is_daily":false,"chose_seed":false,"campfire_upgraded":8,"win_rate":0,"timestamp":1544894700,"path_taken":["M","$","M","?","M","E","R","E","T","E","$","?","R","?","R","BOSS","M","M","$","M","M","R","E","R","T","M","M","R","?","?","R","BOSS","M","?","M","?","?","E","M","E","T","?","$","?","M","E","R","BOSS","BOSS","R","$","E","BOSS"],"build_version":"2018-12-13","purchased_purges":3,"victory":true,"max_hp_per_floor":[66,66,66,66,66,66,66,66,66,66,66,66,66,66,66,66,66,66,66,66,66,66,66,73,73,73,73,73,73,73,73,73,73,73,73,73,73,73,73,73,73,73,73,73,73,73,73,73,73,73,73,73,73,73,73,73],"card_choices":[{"not_picked":["Crippling Poison","Well Laid Plans"],"picked":"Dash","floor":1.0},{"not_picked":["Bane","PiercingWail"],"picked":"Backstab","floor":3.0},{"not_picked":["Terror","Prepared"],"picked":"Crippling Poison","floor":5.0},{"not_picked":["Poisoned Stab","Blur"],"picked":"Malaise","floor":6.0},{"not_picked":["Noxious Fumes","Skewer","Flying Knee"],"picked":"SKIP","floor":8.0},{"not_picked":["Acrobatics","Deadly Poison"],"picked":"Burst","floor":10.0},{"not_picked":["All Out Attack","Dodge and Roll","Flying Knee"],"picked":"SKIP","floor":12.0},{"not_picked":["Slice","Acrobatics","Flying Knee"],"picked":"SKIP","floor":12.0},{"not_picked":["Outmaneuver","Blade Dance","Dodge and Roll"],"picked":"SKIP","floor":18.0},{"not_picked":["Terror","Poisoned Stab","Prepared"],"picked":"SKIP","floor":18.0},{"not_picked":["Acrobatics","PiercingWail"],"picked":"Deflect+1","floor":19.0},{"not_picked":["Blade Dance","Outmaneuver","PiercingWail"],"picked":"SKIP","floor":19.0},{"not_picked":["Cloak And Dagger","Flying Knee"],"picked":"Footwork","floor":21.0},{"not_picked":["Backstab","Flying Knee"],"picked":"Blur+1","floor":21.0},{"not_picked":["Sucker Punch","Envenom"],"picked":"Deadly Poison","floor":22.0},{"not_picked":["Outmaneuver","Slice"],"picked":"Backflip","floor":22.0},{"not_picked":["Accuracy+1","Doppelganger","Endless Agony"],"picked":"SKIP","floor":24.0},{"not_picked":["Poisoned Stab+1","Blade Dance","Dodge and Roll"],"picked":"SKIP","floor":27.0},{"not_picked":["Underhanded Strike","Backstab","Flying Knee"],"picked":"SKIP","floor":27.0},{"not_picked":["Bane+1","Caltrops","Cloak And Dagger"],"picked":"SKIP","floor":28.0},{"not_picked":["Footwork","Infinite Blades","Dodge and Roll"],"picked":"SKIP","floor":28.0},{"not_picked":["Bane+1","Caltrops","Cloak And Dagger"],"picked":"SKIP","floor":28.0},{"not_picked":["Footwork","Infinite Blades","Dodge and Roll"],"picked":"SKIP","floor":28.0},{"not_picked":["Die Die Die","A Thousand Cuts"],"picked":"Tools of the Trade","floor":33.0},{"not_picked":["Poisoned Stab+1","Reflex","Masterful Stab"],"picked":"SKIP","floor":35.0},{"not_picked":["Bane","Masterful Stab","Footwork"],"picked":"SKIP","floor":35.0},{"not_picked":["Bane","Leg Sweep"],"picked":"Bouncing Flask+1","floor":37.0},{"not_picked":["Backstab+1","Predator"],"picked":"Calculated Gamble","floor":37.0},{"not_picked":["Concentrate","Dash","Outmaneuver"],"picked":"SKIP","floor":40.0},{"not_picked":["Cloak And Dagger+1","Slice"],"picked":"Catalyst","floor":41.0},{"not_picked":["Malaise","Terror","Flying Knee"],"picked":"SKIP","floor":41.0},{"not_picked":["Leg Sweep","Caltrops","Skewer"],"picked":"SKIP","floor":42.0},{"not_picked":["Deadly Poison","Outmaneuver"],"picked":"Acrobatics","floor":46.0},{"not_picked":["Backflip","Dagger Throw","Noxious Fumes"],"picked":"SKIP","floor":46.0},{"not_picked":["Tactician+1","Leg Sweep"],"picked":"Prepared+1","floor":47.0},{"not_picked":["Masterful Stab","Storm of Steel"],"picked":"Acrobatics","floor":47.0},{"not_picked":["Cloak And Dagger","Prepared","Predator+1"],"picked":"SKIP","floor":48.0},{"not_picked":["Crippling Poison+1","Setup+1","Bouncing Flask"],"picked":"SKIP","floor":55.0}],"player_experience":2400340,"relics_obtained":[{"floor":6.0,"key":"Lantern"},{"floor":8.0,"key":"Prayer Wheel"},{"floor":9.0,"key":"Gremlin Horn"},{"floor":10.0,"key":"Happy Flower"},{"floor":14.0,"key":"Odd Mushroom"},{"floor":24.0,"key":"Strawberry"},{"floor":38.0,"key":"Du-Vu Doll"},{"floor":40.0,"key":"Tingsha"},{"floor":42.0,"key":"Darkstone Periapt"},{"floor":48.0,"key":"Blue Candle"},{"floor":55.0,"key":"Centennial Puzzle"}],"event_choices":[{"damage_healed":0.0,"max_hp_gain":0.0,"max_hp_loss":0.0,"gold_gain":0.0,"event_name":"Lab","player_choice":"Got Potions","floor":4.0,"gold_loss":0.0,"damage_taken":0.0},{"damage_healed":0.0,"max_hp_gain":0.0,"max_hp_loss":0.0,"gold_gain":0.0,"event_name":"Mushrooms","player_choice":"Fought Mushrooms","floor":14.0,"gold_loss":0.0,"damage_taken":0.0},{"damage_healed":15.0,"max_hp_gain":0.0,"max_hp_loss":0.0,"gold_gain":0.0,"event_name":"The Library","player_choice":"Heal","floor":30.0,"gold_loss":0.0,"damage_taken":0.0},{"damage_healed":0.0,"max_hp_gain":0.0,"max_hp_loss":0.0,"gold_gain":0.0,"event_name":"Match and Keep!","player_choice":"1 cards matched","floor":31.0,"gold_loss":0.0,"damage_taken":0.0,"cards_obtained":["Footwork"]},{"damage_healed":0.0,"max_hp_gain":0.0,"max_hp_loss":0.0,"gold_gain":0.0,"event_name":"MindBloom","player_choice":"Fight","floor":38.0,"gold_loss":0.0,"damage_taken":0.0},{"damage_healed":0.0,"max_hp_gain":0.0,"max_hp_loss":0.0,"gold_gain":0.0,"event_name":"Accursed Blacksmith","player_choice":"Forge","floor":44.0,"gold_loss":0.0,"damage_taken":0.0,"cards_upgraded":["Catalyst"]}],"is_beta":false,"boss_relics":[{"not_picked":["Tiny House","Ring of the Serpent"],"picked":"Cursed Key"},{"not_picked":["Runic Dome","Coffee Dripper"],"picked":"Astrolabe"}],"items_purged_floors":[11,20,54],"is_endless":false,"potions_floor_spawned":[1,3,6,16,18,21,22,33,37,38,41,48],"ascension_level":20}