{"gold_per_floor":[15,31,49,68,85,85,97,107,107,107,137,137,165,16,16,90,90,90,90,15,15,15,15,15,15,15,15,15,15,15,15,15,15],"floor_reached":33,"playtime":1740,"items_purged":["Strike_R"],"score":558,"play_id":"4548bde4-3c6c-4906-9599-710e29ef7d7e","local_time":"20181006122625","is_ascension_mode":true,"campfire_choices":[{"data":"Fiend Fire","floor":6,"key":"SMITH"},{"data":"Shockwave","floor":10,"key":"SMITH"},{"data":"Inflame","floor":12,"key":"SMITH"},{"data":"Demon Form","floor":15,"key":"SMITH"},{"data":"Metallicize","floor":23,"key":"SMITH"},{"floor":25,"key":"REST"},{"floor":29,"key":"REST"},{"data":"Disarm","floor":32,"key":"SMITH"}],"neow_cost":"NO_GOLD","seed_source_timestamp":128577955311440,"circlet_count":0,"master_deck":["Strike_R+1","Strike_R","Strike_R+1","Defend_R","Defend_R","Defend_R","Defend_R","Bash","AscendersBane","Fiend Fire+1","Power Through","Rage","True Grit","Shockwave+1","Power Through","Demon Form+1","Sentinel","Inflame+1","Inflame","Exhume","Whirlwind","Disarm+1","Metallicize+1","Flex","Inflame+1","Armaments+1","Dual Wield"],"relics":["Burning Blood","Oddly Smooth Stone","Shovel","Paper Frog","Whetstone","Ectoplasm","Art of War","Mummified Hand","Matryoshka","Frozen Egg 2"],"potions_floor_usage":[7,21,33,33],"damage_taken":[{"damage":2,"enemies":"Jaw Worm","floor":1,"turns":4},{"damage":1,"enemies":"Cultist","floor":2,"turns":3},{"damage":9,"enemies":"Small Slimes","floor":3,"turns":4},{"damage":8,"enemies":"Blue Slaver","floor":4,"turns":3},{"damage":11,"enemies":"Large Slime","floor":5,"turns":7},{"damage":5,"enemies":"Red Slaver","floor":7,"turns":4},{"damage":7,"enemies":"3 Louse","floor":8,"turns":6},{"damage":3,"enemies":"Lagavulin","floor":11,"turns":7},{"damage":24,"enemies":"3 Sentries","floor":13,"turns":11},{"damage":16,"enemies":"The Guardian","floor":16,"turns":8},{"damage":10,"enemies":"3 Byrds","floor":18,"turns":10},{"damage":4,"enemies":"Shell Parasite","floor":19,"turns":5},{"damage":21,"enemies":"Centurion and Healer","floor":21,"turns":5},{"damage":36,"enemies":"Book of Stabbing","floor":24,"turns":7},{"damage":14,"enemies":"Slavers","floor":27,"turns":4},{"damage":22,"enemies":"Snake Plant","floor":28,"turns":5},{"damage":15,"enemies":"Book of Stabbing","floor":30,"turns":6},{"damage":3,"enemies":"Snecko","floor":31,"turns":5},{"damage":34,"enemies":"Automaton","floor":33,"turns":6}],"seed_played":"-4980613979449682526","potions_obtained":[{"floor":2,"key":"Fire Potion"},{"floor":3,"key":"Ancient Potion"},{"floor":7,"key":"Strength Potion"},{"floor":13,"key":"AttackPotion"},{"floor":24,"key":"SteroidPotion"}],"is_trial":false,"path_per_floor":["M","M","M","M","M","R","M","M","T","R","E","R","E","$","R","B",null,"M","M","$","M","?","R","E","R","T","E","M","R","E","M","R"],"character_chosen":"IRONCLAD","items_purchased":["Whetstone"],"campfire_rested":2,"item_purchase_floors":[14],"current_hp_per_floor":[72,75,72,70,65,65,66,65,65,65,68,68,50,50,50,40,66,62,64,64,49,49,49,19,41,41,33,17,39,30,33,33,0],"gold":15,"neow_bonus":"THREE_RARE_CARDS","is_prod":false,"is_daily":false,"chose_seed":false,"campfire_upgraded":6,"win_rate":0,"timestamp":1538821585,"path_taken":["M","M","M","M","M","R","M","M","T","R","E","R","E","$","R","BOSS","M","M","$","M","?","R","E","R","T","E","?","R","E","M","R","BOSS"],"build_version":"2018-10-04v2","purchased_purges":1,"victory":false,"max_hp_per_floor":[75,75,75,75,75,75,75,75,75,75,75,75,75,75,75,75,75,75,75,75,75,75,75,75,75,75,75,75,75,75,75,75,75],"card_choices":[{"not_picked":["Brutality","Barricade"],"picked":"Fiend Fire","floor":0},{"not_picked":["Flex","Cleave"],"picked":"Power Through","floor":1},{"not_picked":["Clash","Havoc"],"picked":"Rage","floor":2},{"not_picked":["Wild Strike","Anger"],"picked":"True Grit","floor":3},{"not_picked":["Heavy Blade","Shrug It Off"],"picked":"Shockwave","floor":4},{"not_picked":["Body Slam","Headbutt"],"picked":"Power Through","floor":5},{"not_picked":["Corruption","Twin Strike"],"picked":"Demon Form","floor":7},{"not_picked":["Sever Soul","Searing Blow"],"picked":"Sentinel","floor":8},{"not_picked":["Headbutt","Anger"],"picked":"Inflame","floor":11},{"not_picked":["Warcry","Perfected Strike"],"picked":"Inflame","floor":13},{"not_picked":["Barricade","Impervious"],"picked":"Exhume","floor":16},{"not_picked":["Havoc+1","Heavy Blade"],"picked":"Whirlwind","floor":18},{"not_picked":["Whirlwind","Wild Strike"],"picked":"Disarm","floor":19},{"not_picked":["Thunderclap+1","Flex"],"picked":"Metallicize","floor":21},{"not_picked":["Burning Pact","Shockwave"],"picked":"Inflame+1","floor":24},{"not_picked":["Thunderclap","Infernal Blade+1"],"picked":"Armaments+1","floor":27},{"not_picked":["Twin Strike","Bloodletting","Iron Wave"],"picked":"SKIP","floor":28},{"not_picked":["Flame Barrier","Flex","Carnage"],"picked":"SKIP","floor":30},{"not_picked":["Clothesline","Wild Strike"],"picked":"Dual Wield","floor":31}],"player_experience":280786,"relics_obtained":[{"floor":9,"key":"Oddly Smooth Stone"},{"floor":11,"key":"Shovel"},{"floor":13,"key":"Paper Frog"},{"floor":24,"key":"Art of War"},{"floor":26,"key":"Mummified Hand"},{"floor":27,"key":"Matryoshka"},{"floor":30,"key":"Frozen Egg 2"}],"event_choices":[{"event_name":"Transmorgrifier","player_choice":"Transform","floor":22,"damage_taken":0}],"is_beta":false,"boss_relics":[{"not_picked":["Empty Cage","Calling Bell"],"picked":"Ectoplasm"}],"items_purged_floors":[20],"is_endless":false,"potions_floor_spawned":[2,3,7,13,16,24,27,28,30],"killed_by":"Automaton","ascension_level":15}