{"gold_per_floor":[113,113,38,48,61,61,61,61,61,90,90,90,90,100,100,176,176,191,205,216,316,366,400,400,427,427,427,427,427,455,467,479,567,579,607,665,359,378,378,407,407,437,437,51,68,98,198,198,198,218,218,218,218,7,36,36],"floor_reached":57,"playtime":3241,"items_purged":["Strike_G","Writhe","Doubt"],"score":3630,"play_id":"c54c318d-b38e-4509-bd77-18a0be56c66a","local_time":"20190305141337","is_ascension_mode":true,"campfire_choices":[{"data":"Cloak And Dagger","floor":6.0,"key":"SMITH"},{"floor":11.0,"key":"REST"},{"data":"Blade Dance","floor":13.0,"key":"SMITH"},{"data":"Accuracy","floor":15.0,"key":"SMITH"},{"data":"Bullet Time","floor":24.0,"key":"SMITH"},{"floor":27.0,"key":"REST"},{"data":"Cloak And Dagger","floor":32.0,"key":"SMITH"},{"data":"Adrenaline","floor":41.0,"key":"SMITH"},{"floor":49.0,"key":"RECALL"},{"floor":53.0,"key":"DIG"}],"neow_cost":"PERCENT_DAMAGE","seed_source_timestamp":148821229500,"circlet_count":0,"master_deck":["AscendersBane","Survivor","Neutralize","Dash","Blade Dance+1","Cloak And Dagger+1","Accuracy+1","Adrenaline+1","Cloak And Dagger+1","Phantasmal Killer","Cloak And Dagger","Bullet Time+1","Accuracy","Endless Agony","Dodge and Roll","Terror","Acrobatics","Acrobatics+1","Adrenaline+1","PiercingWail+1","Night Terror+1","Calculated Gamble+1","Adrenaline+1","Jack Of All Trades+1","Well Laid Plans","Blur+1","Cloak And Dagger+1"],"special_seed":0,"relics":["Ring of the Snake","Dream Catcher","Kunai","Regal Pillow","The Courier","Shuriken","Pandora\u0027s Box","Toxic Egg 2","Dead Branch","Boot","Molten Egg 2","Singing Bowl","MutagenicStrength","Unceasing Top","MawBank","Cursed Key","FossilizedHelix","DollysMirror","PreservedInsect","Strawberry","Ornamental Fan","Shovel","Pantograph","Blue Candle","Gremlin Horn"],"potions_floor_usage":[56,56],"damage_taken":[{"damage":0.0,"enemies":"Jaw Worm","floor":1.0,"turns":9.0},{"damage":0.0,"enemies":"2 Louse","floor":4.0,"turns":4.0},{"damage":3.0,"enemies":"Small Slimes","floor":5.0,"turns":3.0},{"damage":19.0,"enemies":"Lagavulin","floor":10.0,"turns":14.0},{"damage":4.0,"enemies":"Gremlin Gang","floor":14.0,"turns":3.0},{"damage":4.0,"enemies":"Slime Boss","floor":16.0,"turns":7.0},{"damage":0.0,"enemies":"3 Byrds","floor":18.0,"turns":4.0},{"damage":0.0,"enemies":"2 Thieves","floor":19.0,"turns":3.0},{"damage":8.0,"enemies":"Shelled Parasite and Fungi","floor":20.0,"turns":4.0},{"damage":10.0,"enemies":"Colosseum Slavers","floor":21.0,"turns":3.0},{"damage":0.0,"enemies":"Colosseum Nobs","floor":21.0,"turns":3.0},{"damage":0.0,"enemies":"Gremlin Leader","floor":23.0,"turns":3.0},{"damage":30.0,"enemies":"Slavers","floor":25.0,"turns":3.0},{"damage":0.0,"enemies":"Gremlin Leader","floor":30.0,"turns":2.0},{"damage":0.0,"enemies":"Champ","floor":33.0,"turns":3.0},{"damage":0.0,"enemies":"3 Darklings","floor":35.0,"turns":3.0},{"damage":0.0,"enemies":"2 Orb Walkers","floor":36.0,"turns":2.0},{"damage":0.0,"enemies":"Orb Walker","floor":38.0,"turns":1.0},{"damage":0.0,"enemies":"Nemesis","floor":40.0,"turns":3.0},{"damage":0.0,"enemies":"Giant Head","floor":42.0,"turns":1.0},{"damage":0.0,"enemies":"Writhing Mass","floor":45.0,"turns":2.0},{"damage":0.0,"enemies":"Nemesis","floor":46.0,"turns":2.0},{"damage":0.0,"enemies":"Mind Bloom Boss Battle","floor":47.0,"turns":3.0},{"damage":0.0,"enemies":"Awakened One","floor":50.0,"turns":3.0},{"damage":0.0,"enemies":"Donu and Deca","floor":51.0,"turns":2.0},{"damage":0.0,"enemies":"Shield and Spear","floor":55.0,"turns":3.0},{"damage":59,"enemies":"The Heart","floor":56,"turns":7}],"seed_played":"8593329873680139989","potions_obtained":[{"floor":1.0,"key":"Ancient Potion"},{"floor":10.0,"key":"Explosive Potion"},{"floor":16.0,"key":"Energy Potion"},{"floor":20.0,"key":"EssenceOfSteel"},{"floor":21.0,"key":"Poison Potion"},{"floor":33.0,"key":"AttackPotion"},{"floor":35.0,"key":"SkillPotion"}],"is_trial":false,"path_per_floor":["M","?","$","M","M","R","T","?","T","E","R","?","R","M","R","B",null,"M","M","M","?","?","E","R","E","T","R","?","?","E","?","R","B",null,"M","?","$","M","?","E","R","E","T","$","M","E","?","?","R","B","B",null,"R","$","E","B",null],"character_chosen":"THE_SILENT","items_purchased":["Calculated Gamble+1","DollysMirror","Ornamental Fan","Well Laid Plans","Blue Candle"],"campfire_rested":2,"item_purchase_floors":[37,37,44,44,54],"current_hp_per_floor":[44,33,33,33,30,30,30,30,30,11,45,45,45,41,41,37,59,59,59,51,41,41,41,41,11,11,47,47,47,47,47,47,47,63,65,67,67,69,63,65,65,74,74,74,76,78,78,78,78,78,78,89,89,89,89,34],"gold":36,"neow_bonus":"REMOVE_TWO","is_prod":false,"is_daily":false,"chose_seed":false,"campfire_upgraded":6,"win_rate":0,"timestamp":1551766417,"path_taken":["M","?","$","M","M","R","?","?","T","E","R","?","R","M","R","BOSS","M","?","?","?","?","E","R","E","T","R","?","?","E","?","R","BOSS","M","?","$","M","?","E","R","E","T","$","M","E","?","?","R","BOSS","BOSS","R","$","E","BOSS"],"build_version":"2019-01-23","purchased_purges":3,"victory":true,"max_hp_per_floor":[66,66,66,66,66,66,66,66,66,66,66,66,66,66,66,66,66,66,66,66,66,66,66,66,66,66,68,68,68,68,68,68,68,68,70,72,72,74,78,80,80,89,89,89,91,93,93,93,93,93,93,93,93,93,93,93],"card_choices":[{"not_picked":["Cloak And Dagger","Dodge and Roll"],"picked":"Dash","floor":1.0},{"not_picked":["Bane","Acrobatics"],"picked":"Blade Dance","floor":4.0},{"not_picked":["Sucker Punch","Slice"],"picked":"Cloak And Dagger","floor":5.0},{"not_picked":["Leg Sweep","Burst"],"picked":"Accuracy","floor":10.0},{"not_picked":["Poisoned Stab","Sucker Punch","Deflect"],"picked":"SKIP","floor":14.0},{"not_picked":["Venomology","Tools of the Trade"],"picked":"Adrenaline","floor":16.0},{"not_picked":["Endless Agony","Dodge and Roll"],"picked":"Terror","floor":18.0},{"not_picked":["Dagger Spray","Sucker Punch"],"picked":"Acrobatics","floor":19.0},{"not_picked":["Leg Sweep","Catalyst","Terror"],"picked":"SKIP","floor":20.0},{"not_picked":["PiercingWail+1","Caltrops"],"picked":"Acrobatics+1","floor":23.0},{"not_picked":["Leg Sweep+1","Deflect+1"],"picked":"Adrenaline+1","floor":25.0},{"not_picked":["Backflip+1","Poisoned Stab+1","Dagger Spray+1"],"picked":"Singing Bowl","floor":27.0},{"not_picked":["Dodge and Roll+1","Catalyst+1"],"picked":"PiercingWail+1","floor":30.0},{"not_picked":["Storm of Steel+1","Envenom"],"picked":"Night Terror+1","floor":33.0},{"not_picked":["Dodge and Roll+1","Backflip+1","Outmaneuver+1"],"picked":"Singing Bowl","floor":35.0},{"not_picked":["Dagger Spray+1","Dagger Throw+1","Prepared+1"],"picked":"Singing Bowl","floor":36.0},{"not_picked":["Quick Slash+1","Leg Sweep+1","PiercingWail+1"],"picked":"Singing Bowl","floor":38.0},{"not_picked":["Impatience+1","Trip+1","Chrysalis+1"],"picked":"Singing Bowl","floor":39.0},{"not_picked":["Mind Blast+1","Swift Strike+1"],"picked":"Jack Of All Trades+1","floor":39.0},{"not_picked":["Deep Breath+1","Swift Strike+1","Dark Shackles+1"],"picked":"Singing Bowl","floor":39.0},{"not_picked":["Deadly Poison+1","Underhanded Strike+1","Dagger Spray+1"],"picked":"Singing Bowl","floor":40.0},{"not_picked":["Heel Hook+1","Dodge and Roll+1","Dagger Spray+1"],"picked":"Singing Bowl","floor":42.0},{"not_picked":["Slice+1","Venomology+1","Predator+1"],"picked":"Singing Bowl","floor":45.0},{"not_picked":["Accuracy","Deadly Poison+1","Poisoned Stab+1"],"picked":"Singing Bowl","floor":46.0},{"not_picked":["Flying Knee+1","Prepared+1"],"picked":"Blur+1","floor":47.0},{"not_picked":["PiercingWail+1","Grand Finale+1"],"picked":"Cloak And Dagger+1","floor":55.0}],"player_experience":2734071,"relics_obtained":[{"floor":7.0,"key":"Kunai"},{"floor":9.0,"key":"Regal Pillow"},{"floor":10.0,"key":"The Courier"},{"floor":12.0,"key":"Shuriken"},{"floor":21.0,"key":"Toxic Egg 2"},{"floor":21.0,"key":"Dead Branch"},{"floor":23.0,"key":"Boot"},{"floor":25.0,"key":"Molten Egg 2"},{"floor":26.0,"key":"Singing Bowl"},{"floor":30.0,"key":"MawBank"},{"floor":36.0,"key":"FossilizedHelix"},{"floor":40.0,"key":"PreservedInsect"},{"floor":42.0,"key":"Strawberry"},{"floor":47.0,"key":"Shovel"},{"floor":53.0,"key":"Pantograph"},{"floor":55.0,"key":"Gremlin Horn"}],"event_choices":[{"damage_healed":0.0,"max_hp_gain":0.0,"max_hp_loss":0.0,"gold_gain":0.0,"event_name":"Scrap Ooze","player_choice":"Success","floor":2.0,"gold_loss":0.0,"damage_taken":11.0,"relics_obtained":["Dream Catcher"]},{"damage_healed":0.0,"max_hp_gain":0.0,"max_hp_loss":0.0,"gold_gain":0.0,"event_name":"Shining Light","player_choice":"Ignored","floor":8.0,"gold_loss":0.0,"damage_taken":0.0},{"damage_healed":0.0,"max_hp_gain":0.0,"max_hp_loss":0.0,"gold_gain":0.0,"event_name":"Wheel of Change","player_choice":"Relic","floor":12.0,"gold_loss":0.0,"damage_taken":0.0},{"damage_healed":0.0,"max_hp_gain":0.0,"max_hp_loss":0.0,"gold_gain":0.0,"event_name":"Colosseum","player_choice":"Fight","floor":21.0,"gold_loss":0.0,"damage_taken":0.0},{"damage_healed":0.0,"max_hp_gain":0.0,"max_hp_loss":0.0,"gold_gain":0.0,"event_name":"Colosseum","player_choice":"Fought Nobs","floor":21.0,"gold_loss":0.0,"damage_taken":0.0},{"damage_healed":0.0,"max_hp_gain":0.0,"max_hp_loss":0.0,"gold_gain":50.0,"event_name":"Nest","player_choice":"Stole From Cult","floor":22.0,"gold_loss":0.0,"damage_taken":0.0},{"damage_healed":0.0,"max_hp_gain":0.0,"max_hp_loss":0.0,"gold_gain":0.0,"event_name":"Drug Dealer","player_choice":"Inject Mutagens","floor":28.0,"gold_loss":0.0,"damage_taken":0.0,"relics_obtained":["MutagenicStrength"]},{"damage_healed":0.0,"max_hp_gain":0.0,"max_hp_loss":0.0,"gold_gain":0.0,"event_name":"The Mausoleum","player_choice":"Opened","floor":29.0,"gold_loss":0.0,"damage_taken":0.0,"relics_obtained":["Unceasing Top"],"cards_obtained":["Writhe"]},{"damage_healed":0.0,"max_hp_gain":0.0,"max_hp_loss":0.0,"gold_gain":0.0,"event_name":"Cursed Tome","player_choice":"Ignored","floor":31.0,"gold_loss":0.0,"damage_taken":0.0},{"damage_healed":0.0,"max_hp_gain":0.0,"max_hp_loss":0.0,"gold_gain":0.0,"event_name":"Mysterious Sphere","player_choice":"Fight","floor":36.0,"gold_loss":0.0,"damage_taken":0.0},{"damage_healed":0.0,"max_hp_gain":0.0,"max_hp_loss":0.0,"gold_gain":0.0,"event_name":"SensoryStone","player_choice":"Memory 3","floor":39.0,"gold_loss":0.0,"damage_taken":10.0},{"damage_healed":0.0,"max_hp_gain":0.0,"max_hp_loss":0.0,"gold_gain":0.0,"event_name":"MindBloom","player_choice":"Fight","floor":47.0,"gold_loss":0.0,"damage_taken":0.0},{"damage_healed":0.0,"max_hp_gain":0.0,"max_hp_loss":0.0,"gold_gain":0.0,"event_name":"Tomb of Lord Red Mask","player_choice":"Ignored","floor":48.0,"gold_loss":0.0,"damage_taken":0.0}],"is_beta":false,"boss_relics":[{"not_picked":["Coffee Dripper","Lizard Tail"],"picked":"Pandora\u0027s Box"},{"not_picked":["Calling Bell","Tiny House"],"picked":"Cursed Key"}],"items_purged_floors":[3,37,44],"is_endless":false,"potions_floor_spawned":[1,10,16,20,21,33,35,42,47],"ascension_level":20}