{"gold_per_floor":[119,119,139,200,221,255,255,288,312,312,213,237,237,251,251,344,344,369,80,80,100,123,123,23,23,23,23,56,79,79,112,112,208,208,231,245,258,283,616,648,648,676,676,694,232,232,246,264,264,264],"floor_reached":51,"playtime":2028,"items_purged":["Pain","Strike_R","Strike_R","Strike_R"],"score":1400,"play_id":"c5af87c8-5c65-4271-8817-70901d2f974d","local_time":"20190418095156","is_ascension_mode":true,"campfire_choices":[{"data":"Uppercut","floor":7.0,"key":"SMITH"},{"floor":13.0,"key":"REST"},{"data":"Bash","floor":15.0,"key":"SMITH"},{"data":"Spot Weakness","floor":23,"key":"SMITH"},{"data":"True Grit","floor":25,"key":"SMITH"},{"floor":27,"key":"REST"},{"data":"Sword Boomerang","floor":32,"key":"SMITH"},{"data":"Disarm","floor":41,"key":"SMITH"},{"floor":49,"key":"REST"}],"neow_cost":"NONE","seed_source_timestamp":5281478148239,"circlet_count":0,"master_deck":["AscendersBane","Strike_R","Strike_R","Defend_R","Defend_R","Defend_R","Defend_R","Bash+1","Uppercut+1","Sword Boomerang+1","Shrug It Off","Ghostly Armor","Spot Weakness+1","Anger","Impervious","True Grit+1","Pommel Strike+1","Dark Embrace+1","Heavy Blade+1","Disarm+1","Uppercut+1","Shrug It Off","Body Slam+1","Metallicize+1"],"special_seed":0,"relics":["Burning Blood","Orichalcum","Smiling Mask","Vajra","Centennial Puzzle","WarpedTongs","Busted Crown","Frozen Egg 2","Enchiridion","Molten Egg 2","Shuriken","Mummified Hand","Self Forming Clay","Runic Pyramid","Lantern","Strawberry","Gremlin Horn","Paper Frog"],"potions_floor_usage":[28,40],"damage_taken":[{"damage":5.0,"enemies":"Cultist","floor":1.0,"turns":4.0},{"damage":0.0,"enemies":"2 Louse","floor":3.0,"turns":3.0},{"damage":4.0,"enemies":"Jaw Worm","floor":5.0,"turns":3.0},{"damage":40.0,"enemies":"Lagavulin","floor":6.0,"turns":9.0},{"damage":19.0,"enemies":"3 Sentries","floor":8.0,"turns":5.0},{"damage":12.0,"enemies":"Exordium Wildlife","floor":12.0,"turns":5.0},{"damage":0.0,"enemies":"2 Fungi Beasts","floor":14.0,"turns":2.0},{"damage":25.0,"enemies":"Hexaghost","floor":16.0,"turns":7.0},{"damage":4,"enemies":"3 Byrds","floor":18,"turns":5},{"damage":9,"enemies":"2 Thieves","floor":21,"turns":3},{"damage":0,"enemies":"Snecko","floor":22,"turns":4},{"damage":17,"enemies":"Slavers","floor":28,"turns":6},{"damage":0,"enemies":"Centurion and Healer","floor":29,"turns":4},{"damage":2,"enemies":"Gremlin Leader","floor":31,"turns":6},{"damage":15,"enemies":"Champ","floor":33,"turns":9},{"damage":0,"enemies":"3 Shapes","floor":35,"turns":5},{"damage":19,"enemies":"3 Darklings","floor":36,"turns":4},{"damage":6,"enemies":"4 Shapes","floor":37,"turns":4},{"damage":10,"enemies":"Jaw Worm Horde","floor":38,"turns":4},{"damage":6,"enemies":"Giant Head","floor":40,"turns":6},{"damage":11,"enemies":"Reptomancer","floor":42,"turns":6},{"damage":0,"enemies":"Transient","floor":44,"turns":5},{"damage":16,"enemies":"3 Darklings","floor":47,"turns":4},{"damage":0,"enemies":"Writhing Mass","floor":48,"turns":3},{"damage":25,"enemies":"Awakened One","floor":50,"turns":11}],"seed_played":"585865464464966990","potions_obtained":[{"floor":5.0,"key":"Poison Potion"},{"floor":6.0,"key":"FearPotion"},{"floor":18,"key":"EssenceOfSteel"},{"floor":31,"key":"Fire Potion"},{"floor":33,"key":"Swift Potion"},{"floor":35,"key":"Strength Potion"},{"floor":44,"key":"Poison Potion"},{"floor":48,"key":"Block Potion"}],"is_trial":false,"path_per_floor":["M","?","M","?","M","E","R","E","T","?","$","M","R","M","R","B",null,"M","$","?","M","M","R","$","R","T","R","E","M","T","E","R","B",null,"M","M","M","M","?","E","R","E","T","M","$","?","M","M","R","B",null],"character_chosen":"IRONCLAD","items_purchased":["Strength Potion","Frozen Egg 2","True Grit","Shrug It Off","Body Slam+1","Metallicize+1","Paper Frog"],"campfire_rested":3,"item_purchase_floors":[11,19,24,45,45,45,45],"current_hp_per_floor":[69,68,68,68,68,34,34,21,21,21,21,15,35,41,41,22,57,59,59,38,35,41,41,41,41,41,61,50,56,56,60,60,51,64,68,55,55,51,51,51,51,53,53,59,59,59,49,55,75,56],"gold":264,"neow_bonus":"RANDOM_COMMON_RELIC","is_prod":false,"is_daily":false,"chose_seed":false,"campfire_upgraded":6,"win_rate":0,"timestamp":1555606316,"path_taken":["M","?","M","?","M","E","R","E","T","?","$","M","R","?","R","BOSS","M","$","?","M","M","R","$","R","T","R","E","M","?","E","R","BOSS","M","M","M","M","?","E","R","E","T","M","$","?","?","M","R","BOSS"],"build_version":"2019-01-23","purchased_purges":4,"victory":true,"max_hp_per_floor":[75,68,68,68,68,68,68,68,68,68,68,68,68,68,68,68,68,68,68,68,68,68,68,68,68,68,68,68,68,68,68,68,68,68,68,68,68,68,68,68,68,75,75,75,75,75,75,75,75,75],"card_choices":[{"not_picked":["True Grit","Pummel"],"picked":"Uppercut","floor":1.0},{"not_picked":["Wild Strike","Warcry"],"picked":"Sword Boomerang","floor":3.0},{"not_picked":["Pommel Strike","Twin Strike"],"picked":"Shrug It Off","floor":5.0},{"not_picked":["Disarm","Seeing Red"],"picked":"Combust","floor":6.0},{"not_picked":["Body Slam","Cleave"],"picked":"Ghostly Armor","floor":8.0},{"not_picked":["Bludgeon","Heavy Blade"],"picked":"Spot Weakness","floor":12.0},{"not_picked":["True Grit","Hemokinesis"],"picked":"Anger","floor":14.0},{"not_picked":["Limit Break","Demon Form"],"picked":"Impervious","floor":16.0},{"not_picked":["Seeing Red"],"picked":"SKIP","floor":18},{"not_picked":["Sentinel"],"picked":"SKIP","floor":21},{"not_picked":["Carnage"],"picked":"SKIP","floor":22},{"not_picked":[],"picked":"Pommel Strike+1","floor":28},{"not_picked":["Cleave+1"],"picked":"SKIP","floor":29},{"not_picked":["Anger+1"],"picked":"SKIP","floor":31},{"not_picked":[],"picked":"Dark Embrace+1","floor":33},{"not_picked":[],"picked":"Heavy Blade+1","floor":35},{"not_picked":[],"picked":"Disarm","floor":36},{"not_picked":["Body Slam+1"],"picked":"SKIP","floor":37},{"not_picked":["Power Through"],"picked":"SKIP","floor":38},{"not_picked":["Blood for Blood+1"],"picked":"SKIP","floor":40},{"not_picked":["Combust+1"],"picked":"SKIP","floor":42},{"not_picked":[],"picked":"Uppercut+1","floor":44},{"not_picked":["Body Slam+1"],"picked":"SKIP","floor":47},{"not_picked":["Wild Strike+1"],"picked":"SKIP","floor":48}],"player_experience":2461368,"relics_obtained":[{"floor":6.0,"key":"Smiling Mask"},{"floor":8.0,"key":"Vajra"},{"floor":9.0,"key":"Centennial Puzzle"},{"floor":20,"key":"Enchiridion"},{"floor":26,"key":"Molten Egg 2"},{"floor":28,"key":"Shuriken"},{"floor":30,"key":"Mummified Hand"},{"floor":31,"key":"Self Forming Clay"},{"floor":40,"key":"Lantern"},{"floor":42,"key":"Strawberry"},{"floor":43,"key":"Gremlin Horn"}],"event_choices":[{"damage_healed":0.0,"max_hp_gain":0.0,"max_hp_loss":7.0,"gold_gain":0.0,"event_name":"Golden Idol","player_choice":"Lose Max HP","floor":2.0,"gold_loss":0.0,"damage_taken":0.0,"relics_obtained":["Golden Idol"]},{"damage_healed":0.0,"max_hp_gain":0.0,"max_hp_loss":0.0,"gold_gain":61.0,"event_name":"Golden Wing","player_choice":"Gained Gold","floor":4.0,"gold_loss":0.0,"damage_taken":0.0},{"damage_healed":0.0,"max_hp_gain":0.0,"max_hp_loss":0.0,"gold_gain":0.0,"event_name":"Accursed Blacksmith","player_choice":"Rummage","floor":10.0,"gold_loss":0.0,"damage_taken":0.0,"relics_obtained":["WarpedTongs"],"cards_obtained":["Pain"]},{"damage_healed":0,"gold_gain":0,"player_choice":"Obtained Book","damage_taken":21,"max_hp_gain":0,"max_hp_loss":0,"event_name":"Cursed Tome","floor":20,"gold_loss":0},{"damage_healed":0,"gold_gain":333,"player_choice":"Gave Idol","damage_taken":0,"max_hp_gain":0,"max_hp_loss":0,"event_name":"The Moai Head","floor":39,"relics_lost":["Golden Idol"],"gold_loss":0},{"cards_removed":["Combust"],"damage_healed":0,"gold_gain":0,"player_choice":"Removed Power","damage_taken":0,"max_hp_gain":0,"max_hp_loss":0,"event_name":"Falling","floor":46,"gold_loss":0}],"is_beta":false,"boss_relics":[{"not_picked":["Pandora\u0027s Box","Orrery"],"picked":"Busted Crown"},{"not_picked":["Coffee Dripper","Mark of Pain"],"picked":"Runic Pyramid"}],"items_purged_floors":[11,19,24,45],"is_endless":false,"potions_floor_spawned":[5,6,14,18,31,33,35,36,44,47,48],"ascension_level":15}