{"gold_per_floor":[114,114,134,134,149,149,162,191,191,191,220,238,272,286,286,364,364,364,304,7,7,7,7,7,7,7,7,7,7,7,7,7,7,7,7,7,7,7,7,7,7,7,7,7,7,7,0,0,0,0],"floor_reached":51,"playtime":3153,"items_purged":["Strike_B"],"score":1285,"play_id":"c6c34b5d-03f7-48be-930e-dfec66c33d6c","local_time":"20181011090318","is_ascension_mode":true,"campfire_choices":[{"data":"Beam Cell","floor":6.0,"key":"SMITH"},{"data":"Parasite","floor":15.0,"key":"PURGE"},{"data":"Hologram","floor":23.0,"key":"SMITH"},{"data":"Strike_B","floor":27.0,"key":"PURGE"},{"data":"Strike_B","floor":30.0,"key":"PURGE"},{"data":"Capacitor","floor":32.0,"key":"SMITH"},{"data":"Defragment","floor":40,"key":"SMITH"},{"data":"Creative AI","floor":42,"key":"SMITH"},{"data":"Consume","floor":45,"key":"SMITH"},{"data":"Defend_B","floor":49,"key":"PURGE"}],"neow_cost":"CURSE","seed_source_timestamp":0,"circlet_count":0,"master_deck":["Strike_B","Defend_B","Defend_B","Defend_B","Zap","Dualcast","AscendersBane","Beam Cell+1","Genetic Algorithm","Biased Cognition","Go for the Eyes+1","Self Repair","Ball Lightning","Seek","Cold Snap+1","Sweeping Beam+1","Consume+1","Compile Driver+1","Seek","Hologram+1","Genetic Algorithm","Glacier","Gash+1","Capacitor+1","Streamline+1","Creative AI+1","Defragment+1","Compile Driver+1","Ball Lightning+1","Gash+1","Reinforced Body+1","Thunder Strike+1"],"special_seed":0,"relics":["Cracked Core","Incense Burner","Pantograph","Molten Egg 2","Ornamental Fan","Peace Pipe","Ectoplasm","Anchor","Centennial Puzzle","Sundial","Emotion Chip","Nuclear Battery","Bird Faced Urn","StoneCalendar","Happy Flower","Red Mask"],"potions_floor_usage":[34,50,50],"damage_taken":[{"damage":10.0,"enemies":"Small Slimes","floor":1.0,"turns":3.0},{"damage":1.0,"enemies":"Cultist","floor":3.0,"turns":4.0},{"damage":2.0,"enemies":"Jaw Worm","floor":5.0,"turns":4.0},{"damage":0.0,"enemies":"Looter","floor":7.0,"turns":2.0},{"damage":10.0,"enemies":"Lagavulin","floor":8.0,"turns":7.0},{"damage":0.0,"enemies":"Large Slime","floor":10.0,"turns":1.0},{"damage":16.0,"enemies":"Gremlin Nob","floor":11.0,"turns":3.0},{"damage":0.0,"enemies":"Gremlin Gang","floor":12.0,"turns":4.0},{"damage":14.0,"enemies":"Lagavulin","floor":13.0,"turns":7.0},{"damage":4.0,"enemies":"Lots of Slimes","floor":14.0,"turns":4.0},{"damage":28.0,"enemies":"Hexaghost","floor":16.0,"turns":10.0},{"damage":16.0,"enemies":"Shell Parasite","floor":18.0,"turns":6.0},{"damage":15.0,"enemies":"2 Thieves","floor":19.0,"turns":4.0},{"damage":1.0,"enemies":"Snake Plant","floor":21.0,"turns":4.0},{"damage":0.0,"enemies":"Centurion and Healer","floor":22.0,"turns":9.0},{"damage":3.0,"enemies":"Snecko","floor":24.0,"turns":9.0},{"damage":0.0,"enemies":"Shelled Parasite and Fungi","floor":25.0,"turns":6.0},{"damage":6.0,"enemies":"Gremlin Leader","floor":28.0,"turns":11.0},{"damage":1.0,"enemies":"Chosen and Byrds","floor":29.0,"turns":8.0},{"damage":0.0,"enemies":"Book of Stabbing","floor":31.0,"turns":5.0},{"damage":11.0,"enemies":"Collector","floor":33.0,"turns":14.0},{"damage":0,"enemies":"3 Shapes","floor":35,"turns":4},{"damage":20,"enemies":"3 Darklings","floor":37,"turns":7},{"damage":0,"enemies":"4 Shapes","floor":38,"turns":10},{"damage":4,"enemies":"Mysterious Sphere","floor":39,"turns":4},{"damage":25,"enemies":"Transient","floor":41,"turns":5},{"damage":0,"enemies":"Reptomancer","floor":44,"turns":6},{"damage":24,"enemies":"Nemesis","floor":46,"turns":9},{"damage":0,"enemies":"Spire Growth","floor":48,"turns":5},{"damage":15,"enemies":"Donu and Deca","floor":50,"turns":10}],"seed_played":"2415564027786495357","potions_obtained":[{"floor":3.0,"key":"SmokeBomb"},{"floor":7.0,"key":"Swift Potion"},{"floor":13.0,"key":"Swift Potion"},{"floor":16.0,"key":"Dexterity Potion"},{"floor":18.0,"key":"FocusPotion"},{"floor":25.0,"key":"GamblersBrew"},{"floor":33.0,"key":"Fruit Juice"},{"floor":39,"key":"EssenceOfSteel"},{"floor":48,"key":"PowerPotion"}],"is_trial":false,"path_per_floor":["M","?","M","?","M","R","M","E","T","M","E","M","E","M","R","B",null,"M","M","$","M","M","R","M","M","T","R","E","M","R","E","R","B",null,"M","?","M","M","?","R","M","R","T","M","R","E","?","M","R","B"],"character_chosen":"DEFECT","items_purchased":["Glacier","Anchor"],"campfire_rested":0,"item_purchase_floors":[20,20],"current_hp_per_floor":[54,54,53,53,51,51,58,55,55,55,46,53,46,49,49,47,63,54,46,46,52,59,59,63,68,68,68,68,68,68,68,68,64,72,72,72,59,66,69,69,61,61,61,73,73,73,73,73,73,73],"gold":0,"neow_bonus":"ONE_RARE_RELIC","is_prod":false,"is_daily":false,"chose_seed":false,"campfire_upgraded":6,"win_rate":0,"timestamp":1539273798,"path_taken":["M","?","M","?","M","R","M","E","T","M","E","M","E","M","R","BOSS","M","M","$","?","M","R","M","?","T","R","E","M","R","E","R","BOSS","M","?","M","M","?","R","M","R","T","?","R","E","?","?","R","BOSS"],"build_version":"2018-10-04v2","purchased_purges":1,"victory":true,"max_hp_per_floor":[71,71,71,71,71,71,71,71,71,71,71,71,71,71,68,68,68,68,68,68,68,68,68,68,68,68,68,68,68,68,68,68,68,73,73,73,73,73,73,73,73,73,73,73,73,73,73,73,73,73],"card_choices":[{"not_picked":["Leap","Barrage"],"picked":"Beam Cell","floor":1.0},{"not_picked":["Turbo","Barrage"],"picked":"Go for the Eyes","floor":3.0},{"not_picked":["Rebound","Conserve Battery"],"picked":"Self Repair","floor":5.0},{"not_picked":["Barrage","Conserve Battery"],"picked":"Ball Lightning","floor":7.0},{"not_picked":["Hologram","Go for the Eyes"],"picked":"Seek","floor":8.0},{"not_picked":["Blizzard+1","Darkness"],"picked":"Cold Snap+1","floor":11.0},{"not_picked":["Scrape+1","Leap"],"picked":"Sweeping Beam+1","floor":12.0},{"not_picked":["Go for the Eyes+1","Steam"],"picked":"Consume","floor":13.0},{"not_picked":["Streamline+1","Hyperbeam+1"],"picked":"Compile Driver+1","floor":14.0},{"not_picked":["Meteor Strike+1","Thunder Strike+1"],"picked":"Seek","floor":16.0},{"not_picked":["Redo","Tempest"],"picked":"Hologram","floor":18.0},{"not_picked":["Steam Power","Force Field"],"picked":"Genetic Algorithm","floor":19.0},{"not_picked":["Conserve Battery","Stack","Barrage+1"],"picked":"SKIP","floor":21.0},{"not_picked":["Conserve Battery","Reinforced Body","Turbo+1"],"picked":"SKIP","floor":22.0},{"not_picked":["Melter+1","Fission"],"picked":"Gash+1","floor":24.0},{"not_picked":["Heatsinks","Chill","Barrage+1"],"picked":"SKIP","floor":25.0},{"not_picked":["Steam Power","Hello World"],"picked":"Capacitor","floor":28.0},{"not_picked":["Self Repair+1","Go for the Eyes+1"],"picked":"Streamline+1","floor":29.0},{"not_picked":["Hyperbeam+1","Streamline+1","Heatsinks"],"picked":"SKIP","floor":31.0},{"not_picked":["Rainbow","Seek"],"picked":"Creative AI","floor":33.0},{"not_picked":["Conserve Battery","Leap","Turbo"],"picked":"SKIP","floor":35},{"not_picked":["Barrage+1","Ball Lightning+1"],"picked":"Defragment","floor":37},{"not_picked":["Go for the Eyes+1","Chaos"],"picked":"Compile Driver+1","floor":38},{"not_picked":["Stack","Turbo"],"picked":"Ball Lightning+1","floor":39},{"not_picked":["Compile Driver+1","Sunder+1","Conserve Battery"],"picked":"SKIP","floor":41},{"not_picked":["Sweeping Beam+1","Heatsinks"],"picked":"Gash+1","floor":44},{"not_picked":["Double Energy","Go for the Eyes+1"],"picked":"Reinforced Body+1","floor":46},{"not_picked":["Redo","Steam"],"picked":"Thunder Strike+1","floor":48}],"player_experience":1323616,"relics_obtained":[{"floor":8.0,"key":"Pantograph"},{"floor":9.0,"key":"Molten Egg 2"},{"floor":11.0,"key":"Ornamental Fan"},{"floor":13.0,"key":"Peace Pipe"},{"floor":26.0,"key":"Centennial Puzzle"},{"floor":28.0,"key":"Sundial"},{"floor":31.0,"key":"Emotion Chip"},{"floor":39,"key":"Bird Faced Urn"},{"floor":43,"key":"StoneCalendar"},{"floor":46,"key":"Happy Flower"}],"event_choices":[{"event_name":"Match and Keep!","player_choice":"2 cards matched","floor":2.0,"damage_taken":0.0},{"event_name":"Living Wall","player_choice":"Grow","floor":4.0,"damage_taken":0.0},{"event_name":"SensoryStone","player_choice":"Memory 1","floor":36,"damage_taken":0},{"event_name":"Mysterious Sphere","player_choice":"Fight","floor":39,"damage_taken":0},{"event_name":"Tomb of Lord Red Mask","player_choice":"Paid","floor":47,"damage_taken":0}],"is_beta":false,"boss_relics":[{"not_picked":["Empty Cage","Lizard Tail"],"picked":"Ectoplasm"},{"not_picked":["Philosopher\u0027s Stone","White Beast Statue"],"picked":"Nuclear Battery"}],"items_purged_floors":[20],"is_endless":false,"potions_floor_spawned":[3,7,13,16,18,21,25,33,39,41,48],"ascension_level":15}