{"gold_per_floor":[209,209,227,18,18,18,28,28,28,61,31],"floor_reached":11,"playtime":365,"items_purged":[],"score":82,"play_id":"afeb1ba3-0839-4efc-a0e9-cd9c5982b11a","local_time":"20190509134832","is_ascension_mode":true,"campfire_choices":[{"floor":6,"key":"REST"},{"data":"Blade Dance","floor":8,"key":"SMITH"}],"neow_cost":"NONE","seed_source_timestamp":275699897231100,"circlet_count":0,"master_deck":["Defend_G","Defend_G","Defend_G","Defend_G","Defend_G","Strike_G+1","Strike_G","Strike_G+1","Strike_G","Strike_G","Survivor","Neutralize+1","Backflip","Blade Dance+1"],"relics":["Ring of the Snake","StoneCalendar","Toy Ornithopter","Toxic Egg 2","Whetstone"],"potions_floor_usage":[10],"damage_taken":[{"damage":3,"enemies":"Small Slimes","floor":1,"turns":5},{"damage":11,"enemies":"2 Louse","floor":3,"turns":3},{"damage":4,"enemies":"Jaw Worm","floor":7,"turns":5},{"damage":35,"enemies":"Gremlin Nob","floor":10,"turns":5},{"damage":24,"enemies":"Exordium Thugs","floor":11,"turns":2}],"seed_played":"-4219916873667681641","potions_obtained":[{"floor":3,"key":"GhostInAJar"},{"floor":10,"key":"Energy Potion"}],"is_trial":false,"path_per_floor":["M","?","M","$","?","R","M","R","T","E","M"],"character_chosen":"THE_SILENT","items_purchased":["Toy Ornithopter"],"campfire_rested":1,"item_purchase_floors":[4],"current_hp_per_floor":[67,42,31,31,31,52,48,48,48,18,0],"gold":31,"neow_bonus":"HUNDRED_GOLD","is_prod":false,"is_daily":false,"chose_seed":false,"campfire_upgraded":1,"win_rate":0,"timestamp":1557398912,"path_taken":["M","?","M","$","?","R","M","R","T","E","M"],"build_version":"2019-01-23","purchased_purges":0,"victory":false,"max_hp_per_floor":[70,70,70,70,70,70,70,70,70,70,70],"card_choices":[{"not_picked":["Blade Dance","Prepared"],"picked":"Backflip","floor":1},{"not_picked":["Sucker Punch","Endless Agony","Slice"],"picked":"SKIP","floor":3},{"not_picked":["Expertise","Slice"],"picked":"Blade Dance","floor":7},{"not_picked":["Underhanded Strike","Slice","Bane"],"picked":"SKIP","floor":10}],"player_experience":406872,"relics_obtained":[{"floor":9,"key":"Toxic Egg 2"},{"floor":10,"key":"Whetstone"}],"event_choices":[{"damage_healed":0,"gold_gain":0,"player_choice":"Success","damage_taken":25,"relics_obtained":["StoneCalendar"],"max_hp_gain":0,"max_hp_loss":0,"event_name":"Scrap Ooze","floor":2,"gold_loss":0},{"damage_healed":0,"gold_gain":0,"player_choice":"Grow","damage_taken":0,"max_hp_gain":0,"max_hp_loss":0,"event_name":"Living Wall","floor":5,"gold_loss":0,"cards_upgraded":["Neutralize"]}],"is_beta":false,"boss_relics":[],"items_purged_floors":[],"is_endless":false,"potions_floor_spawned":[3,10],"killed_by":"Exordium Thugs","ascension_level":3}