{"gold_per_floor":[119,135,57,22,22,57,57,85,85,85,102,102,102,126,126,205,205,216,89,89],"floor_reached":20,"playtime":1103,"items_purged":["Strike_R"],"score":347,"play_id":"11396d18-8449-428b-8380-6db5a74d2805","local_time":"20190502110204","is_ascension_mode":true,"campfire_choices":[{"data":"Barricade","floor":7.0,"key":"SMITH"},{"floor":10.0,"key":"REST"},{"floor":13.0,"key":"REST"},{"floor":15.0,"key":"REST"}],"neow_cost":"PERCENT_DAMAGE","seed_source_timestamp":0,"circlet_count":0,"master_deck":["AscendersBane","Strike_R","Strike_R","Strike_R","Defend_R","Defend_R","Defend_R","Defend_R","Bash","Barricade+1","Shrug It Off","Inflame","Uppercut","Ghostly Armor","Cleave","Second Wind","Entrench","Headbutt","Reaper","Body Slam","Warcry+1","Shrug It Off"],"special_seed":0,"relics":["Burning Blood","Prayer Wheel","Vajra","Ice Cream","Pen Nib","Odd Mushroom","Sozu"],"potions_floor_usage":[],"damage_taken":[{"damage":18.0,"enemies":"Cultist","floor":1.0,"turns":5.0},{"damage":10.0,"enemies":"Jaw Worm","floor":2.0,"turns":6.0},{"damage":12.0,"enemies":"Lagavulin","floor":6.0,"turns":7.0},{"damage":32.0,"enemies":"3 Sentries","floor":8.0,"turns":12.0},{"damage":7.0,"enemies":"Small Slimes","floor":11.0,"turns":4.0},{"damage":40.0,"enemies":"The Mushroom Lair","floor":14.0,"turns":5.0},{"damage":24.0,"enemies":"Slime Boss","floor":16.0,"turns":27.0},{"damage":50.0,"enemies":"Spheric Guardian","floor":18.0,"turns":8.0},{"damage":44,"enemies":"3 Byrds","floor":20,"turns":4}],"seed_played":"1410005913200780691","potions_obtained":[{"floor":1.0,"key":"SneckoOil"},{"floor":6.0,"key":"SkillPotion"},{"floor":16.0,"key":"SpeedPotion"}],"is_trial":false,"path_per_floor":["M","M","$","?","?","E","R","E","T","R","M","?","R","?","R","B",null,"M","$","M"],"character_chosen":"IRONCLAD","items_purchased":["Uppercut","Shrug It Off"],"campfire_rested":3,"item_purchase_floors":[3,19],"current_hp_per_floor":[38,34,34,52,45,39,39,13,13,35,34,29,51,17,39,21,62,29,29,0],"gold":89,"neow_bonus":"THREE_RARE_CARDS","is_prod":false,"is_daily":false,"chose_seed":false,"campfire_upgraded":1,"win_rate":0,"timestamp":1556784124,"path_taken":["M","M","?","?","?","E","R","E","T","R","?","?","R","?","R","BOSS","M","$","M"],"build_version":"2019-01-23","purchased_purges":1,"victory":false,"max_hp_per_floor":[75,75,75,75,75,75,75,75,75,75,75,75,75,75,75,75,75,75,75,75],"card_choices":[{"not_picked":["Offering","Limit Break"],"picked":"Barricade","floor":0.0},{"not_picked":["Searing Blow","Perfected Strike"],"picked":"Shrug It Off","floor":1.0},{"not_picked":["Sword Boomerang","Pommel Strike"],"picked":"Inflame","floor":2.0},{"not_picked":["Flex","Bloodletting"],"picked":"Ghostly Armor","floor":6.0},{"not_picked":["Armaments","Clothesline"],"picked":"Cleave","floor":8.0},{"not_picked":["Seeing Red","Clash"],"picked":"Second Wind","floor":11.0},{"not_picked":["Perfected Strike","Spot Weakness"],"picked":"Entrench","floor":11.0},{"not_picked":["Wild Strike","Anger"],"picked":"Headbutt","floor":14.0},{"not_picked":["Immolate","Exhume"],"picked":"Reaper","floor":16.0},{"not_picked":["Heavy Blade","Power Through"],"picked":"Body Slam","floor":18.0},{"not_picked":["Heavy Blade","Bloodletting"],"picked":"Warcry+1","floor":18.0}],"player_experience":357069,"relics_obtained":[{"floor":6.0,"key":"Prayer Wheel"},{"floor":8.0,"key":"Vajra"},{"floor":9.0,"key":"Ice Cream"},{"floor":14.0,"key":"Odd Mushroom"}],"event_choices":[{"damage_healed":18.0,"max_hp_gain":0.0,"max_hp_loss":0.0,"gold_gain":0.0,"event_name":"The Cleric","player_choice":"Healed","floor":4.0,"gold_loss":35.0,"damage_taken":0.0},{"cards_removed":["Strike_R"],"damage_healed":0.0,"max_hp_gain":0.0,"max_hp_loss":0.0,"gold_gain":0.0,"event_name":"Golden Wing","player_choice":"Card Removal","floor":5.0,"gold_loss":0.0,"damage_taken":7.0},{"damage_healed":0.0,"max_hp_gain":0.0,"max_hp_loss":0.0,"gold_gain":0.0,"event_name":"Scrap Ooze","player_choice":"Success","floor":12.0,"gold_loss":0.0,"damage_taken":5.0,"relics_obtained":["Pen Nib"]},{"damage_healed":0.0,"max_hp_gain":0.0,"max_hp_loss":0.0,"gold_gain":0.0,"event_name":"Mushrooms","player_choice":"Fought Mushrooms","floor":14.0,"gold_loss":0.0,"damage_taken":0.0}],"is_beta":false,"boss_relics":[{"not_picked":["Runic Dome","Cursed Key"],"picked":"Sozu"}],"items_purged_floors":[19],"is_endless":false,"potions_floor_spawned":[1,6,16],"killed_by":"3 Byrds","ascension_level":19}