{"gold_per_floor":[211,226,152,168,183,183,218,218,218,229,7,7,26,51,51,125,125,141,158,58,74,74,74,99,124,189,201,213,225,264,293,305,391,403,428,440,105,116,134,134,159,159,159,159,32,48,48,48,48,48],"floor_reached":51,"playtime":2137,"items_purged":["Strike_B","Strike_B"],"score":1256,"play_id":"6853969a-169b-46b6-8706-d3e0d40382aa","local_time":"20190206123958","is_ascension_mode":true,"campfire_choices":[{"data":"Streamline","floor":6.0,"key":"SMITH"},{"floor":8.0,"key":"REST"},{"data":"Loop","floor":12.0,"key":"SMITH"},{"data":"Coolheaded","floor":15.0,"key":"SMITH"},{"data":"Fission","floor":23.0,"key":"SMITH"},{"floor":29.0,"key":"REST"},{"floor":32.0,"key":"REST"},{"data":"Apotheosis","floor":40,"key":"SMITH"},{"floor":42,"key":"REST"},{"data":"Buffer","floor":44,"key":"SMITH"},{"floor":49,"key":"REST"}],"neow_cost":"NONE","seed_source_timestamp":17386311070263,"circlet_count":0,"master_deck":["AscendersBane","Strike_B+1","Strike_B+1","Defend_B+1","Defend_B+1","Defend_B+1","Defend_B+1","Zap+1","Dualcast+1","Streamline+1","Gash","Loop+1","Rebound","Steam","Echo Form","Compile Driver","All For One","Coolheaded+1","Fission+1","Hologram","Gash+1","White Noise","Chill","Gash","Buffer+1","Conserve Battery","Apotheosis+1","FTL","Beam Cell+1","Stack","Hologram+1","Double Energy+1","Coolheaded","Cold Snap","Dark Shackles","Good Instincts"],"special_seed":0,"relics":["Cracked Core","War Paint","Meat on the Bone","Nunchaku","Cursed Key","MawBank","Potion Belt","DataDisk","Runic Pyramid","Whetstone"],"potions_floor_usage":[39,39,41,50],"damage_taken":[{"damage":1.0,"enemies":"Cultist","floor":1.0,"turns":3.0},{"damage":9.0,"enemies":"2 Louse","floor":2.0,"turns":2.0},{"damage":4.0,"enemies":"Small Slimes","floor":4.0,"turns":3.0},{"damage":12.0,"enemies":"Looter","floor":5.0,"turns":3.0},{"damage":18.0,"enemies":"Gremlin Nob","floor":7.0,"turns":3.0},{"damage":3.0,"enemies":"Blue Slaver","floor":10.0,"turns":3.0},{"damage":6.0,"enemies":"Exordium Thugs","floor":13.0,"turns":3.0},{"damage":3.0,"enemies":"Lagavulin","floor":14.0,"turns":5.0},{"damage":9.0,"enemies":"The Guardian","floor":16.0,"turns":8.0},{"damage":4.0,"enemies":"Spheric Guardian","floor":18.0,"turns":5.0},{"damage":1.0,"enemies":"Shell Parasite","floor":19.0,"turns":2.0},{"damage":20.0,"enemies":"Centurion and Healer","floor":21.0,"turns":7.0},{"damage":22.0,"enemies":"Slavers","floor":24.0,"turns":6.0},{"damage":22.0,"enemies":"Snake Plant","floor":25.0,"turns":4.0},{"damage":34.0,"enemies":"Book of Stabbing","floor":30.0,"turns":5.0},{"damage":1.0,"enemies":"3 Cultists","floor":31.0,"turns":4.0},{"damage":32,"enemies":"Automaton","floor":33,"turns":11},{"damage":3,"enemies":"3 Shapes","floor":35,"turns":4},{"damage":22,"enemies":"3 Darklings","floor":38,"turns":7},{"damage":26,"enemies":"Writhing Mass","floor":39,"turns":6},{"damage":22,"enemies":"Reptomancer","floor":41,"turns":5},{"damage":4,"enemies":"Sphere and 2 Shapes","floor":46,"turns":5},{"damage":43,"enemies":"Awakened One","floor":50,"turns":11}],"seed_played":"4814779266799007997","potions_obtained":[{"floor":4.0,"key":"SkillPotion"},{"floor":7.0,"key":"AttackPotion"},{"floor":10.0,"key":"SkillPotion"},{"floor":16.0,"key":"Energy Potion"},{"floor":19.0,"key":"Regen Potion"},{"floor":31.0,"key":"Block Potion"},{"floor":33,"key":"Regen Potion"},{"floor":35,"key":"Swift Potion"},{"floor":39,"key":"Energy Potion"}],"is_trial":false,"path_per_floor":["M","M","$","M","M","R","E","R","T","M","$","R","M","E","R","B",null,"M","M","$","M","?","R","E","M","T","?","?","R","E","M","R","B",null,"M","?","$","M","M","R","E","R","T","R","$","M","?","?","R","B",null],"character_chosen":"DEFECT","items_purchased":["Loop","All For One","Apotheosis","FTL","Beam Cell","Stack","SpeedPotion","Coolheaded","Strength Potion"],"campfire_rested":5,"item_purchase_floors":[3,11,37,37,37,37,45,45,45],"current_hp_per_floor":[63,54,54,50,38,38,20,41,41,38,38,38,44,41,41,44,64,60,59,59,54,54,54,44,34,34,34,34,55,33,44,65,45,65,62,62,62,40,41,41,31,52,52,52,52,48,48,43,63,32],"gold":48,"neow_bonus":"HUNDRED_GOLD","is_prod":false,"is_daily":false,"chose_seed":false,"campfire_upgraded":6,"win_rate":0,"timestamp":1549485598,"path_taken":["M","M","$","?","M","R","E","R","T","M","$","R","M","E","R","BOSS","M","M","$","M","?","R","E","M","T","?","?","R","E","M","R","BOSS","M","?","?","M","M","R","E","R","T","R","$","M","?","?","R","BOSS"],"build_version":"2019-01-23","purchased_purges":2,"victory":true,"max_hp_per_floor":[71,71,71,71,71,71,71,71,71,71,71,71,71,71,71,71,71,71,71,71,71,71,71,71,71,71,71,71,71,71,71,71,71,71,71,71,71,71,71,71,71,71,71,71,71,71,67,67,67,67],"card_choices":[{"not_picked":["Coolheaded","Turbo"],"picked":"Streamline","floor":1.0},{"not_picked":["Capacitor","Steam Power"],"picked":"Gash","floor":2.0},{"not_picked":["Streamline","Heatsinks"],"picked":"Rebound","floor":4.0},{"not_picked":["White Noise","Loop"],"picked":"Steam","floor":5.0},{"not_picked":["Aggregate","Hologram"],"picked":"Echo Form","floor":7.0},{"not_picked":["Auto Shields","Sweeping Beam"],"picked":"Compile Driver","floor":10.0},{"not_picked":["Beam Cell","Force Field"],"picked":"Coolheaded","floor":13.0},{"not_picked":["Melter","Turbo","Double Energy"],"picked":"SKIP","floor":14.0},{"not_picked":["Electrodynamics","Machine Learning"],"picked":"Fission","floor":16.0},{"not_picked":["Sweeping Beam","Compile Driver","Rebound"],"picked":"SKIP","floor":18.0},{"not_picked":["Redo","Ball Lightning"],"picked":"Hologram","floor":19.0},{"not_picked":["Barrage","Go for the Eyes"],"picked":"Gash","floor":21.0},{"not_picked":["Capacitor","Reprogram"],"picked":"White Noise","floor":24.0},{"not_picked":["Redo","Barrage","Stack"],"picked":"SKIP","floor":25.0},{"not_picked":["Compile Driver","Fission"],"picked":"Chill","floor":30.0},{"not_picked":["Ball Lightning","Barrage+1"],"picked":"Gash","floor":31.0},{"not_picked":["All For One","Machine Learning"],"picked":"Buffer","floor":33},{"not_picked":["Heatsinks","Beam Cell"],"picked":"Conserve Battery","floor":35},{"not_picked":["Aggregate+1","Turbo"],"picked":"Hologram+1","floor":38},{"not_picked":["Redo","Ball Lightning","Meteor Strike"],"picked":"SKIP","floor":39},{"not_picked":["Static Discharge","White Noise"],"picked":"Double Energy+1","floor":41},{"not_picked":["Redo","Steam"],"picked":"Cold Snap","floor":46},{"not_picked":["Sadistic Nature","Impatience"],"picked":"Dark Shackles","floor":48},{"not_picked":["Magnetism","Mind Blast"],"picked":"Good Instincts","floor":48}],"player_experience":2161669,"relics_obtained":[{"floor":7.0,"key":"War Paint"},{"floor":9.0,"key":"Meat on the Bone"},{"floor":14.0,"key":"Nunchaku"},{"floor":24.0,"key":"MawBank"},{"floor":26.0,"key":"Potion Belt"},{"floor":30.0,"key":"DataDisk"},{"floor":41,"key":"Whetstone"}],"event_choices":[{"damage_healed":0.0,"max_hp_gain":0.0,"max_hp_loss":0.0,"gold_gain":0.0,"event_name":"Back to Basics","player_choice":"Simplicity","floor":22.0,"gold_loss":0.0,"damage_taken":0.0,"cards_upgraded":["Strike_B","Strike_B","Defend_B","Defend_B","Defend_B","Defend_B"]},{"damage_healed":0.0,"max_hp_gain":0.0,"max_hp_loss":0.0,"gold_gain":0.0,"event_name":"Beggar","player_choice":"Ignored","floor":27.0,"gold_loss":0.0,"damage_taken":0.0},{"damage_healed":0.0,"max_hp_gain":0.0,"max_hp_loss":0.0,"gold_gain":0.0,"event_name":"Vampires","player_choice":"Ignored","floor":28.0,"gold_loss":0.0,"damage_taken":0.0},{"cards_removed":["Writhe"],"damage_healed":0,"gold_gain":0,"player_choice":"Removed Curses","damage_taken":0,"max_hp_gain":0,"max_hp_loss":0,"event_name":"Fountain of Cleansing","floor":36,"gold_loss":0},{"damage_healed":0,"gold_gain":0,"player_choice":"Max HP","damage_taken":0,"max_hp_gain":0,"max_hp_loss":4,"event_name":"Winding Halls","floor":47,"gold_loss":0},{"damage_healed":0,"gold_gain":0,"player_choice":"Memory 2","damage_taken":5,"max_hp_gain":0,"max_hp_loss":0,"event_name":"SensoryStone","floor":48,"gold_loss":0}],"is_beta":false,"boss_relics":[{"not_picked":["Velvet Choker","Inserter"],"picked":"Cursed Key"},{"not_picked":["FrozenCore","Black Star"],"picked":"Runic Pyramid"}],"items_purged_floors":[11,20],"is_endless":false,"potions_floor_spawned":[4,7,10,16,19,31,33,35,39],"ascension_level":15}