{"gold_per_floor":[147,72,72,82,92,125,125,144,144,160,160],"floor_reached":11,"playtime":317,"items_purged":[],"score":146,"play_id":"f572f9c3-1b9a-44b6-81a0-26efe16d1232","local_time":"20190503161138","is_ascension_mode":true,"campfire_choices":[{"data":"Heavy Blade","floor":7,"key":"SMITH"}],"neow_cost":"NONE","seed_source_timestamp":0,"circlet_count":0,"master_deck":["AscendersBane","Strike_R","Strike_R","Strike_R","Strike_R","Defend_R","Defend_R","Defend_R","Defend_R","Bash","Shrug It Off","Heavy Blade+1","Clothesline","Uppercut"],"special_seed":0,"relics":["Burning Blood","Tiny Chest","Strawberry"],"potions_floor_usage":[6,6,8,11,11],"damage_taken":[{"damage":17.0,"enemies":"Small Slimes","floor":1.0,"turns":4.0},{"damage":0.0,"enemies":"Cultist","floor":4.0,"turns":3.0},{"damage":8.0,"enemies":"2 Louse","floor":5.0,"turns":3.0},{"damage":35,"enemies":"Lagavulin","floor":6,"turns":6},{"damage":16,"enemies":"2 Fungi Beasts","floor":8,"turns":3},{"damage":13,"enemies":"Red Slaver","floor":10,"turns":5},{"damage":22,"enemies":"3 Sentries","floor":11,"turns":2}],"seed_played":"1789098013841307206","potions_obtained":[{"floor":1.0,"key":"AttackPotion"},{"floor":3.0,"key":"Energy Potion"},{"floor":3.0,"key":"SteroidPotion"},{"floor":6,"key":"Fire Potion"},{"floor":8,"key":"LiquidBronze"},{"floor":10,"key":"LiquidBronze"}],"is_trial":false,"path_per_floor":["M","?","?","M","M","E","R","M","T","M","E"],"character_chosen":"IRONCLAD","items_purchased":[],"campfire_rested":0,"item_purchase_floors":[],"current_hp_per_floor":[57,57,57,63,61,39,39,29,29,22,0],"gold":160,"neow_bonus":"RANDOM_COMMON_RELIC","is_prod":false,"is_daily":false,"chose_seed":false,"campfire_upgraded":1,"win_rate":0,"timestamp":1556889098,"path_taken":["M","?","?","?","M","E","R","M","T","M","E"],"build_version":"2019-01-23","purchased_purges":0,"victory":false,"max_hp_per_floor":[75,75,75,75,75,82,82,82,82,82,82],"card_choices":[{"not_picked":["Intimidate","Heavy Blade"],"picked":"Shrug It Off","floor":1.0},{"not_picked":["Sever Soul","Wild Strike"],"picked":"Heavy Blade","floor":4.0},{"not_picked":["Iron Wave","Entrench"],"picked":"Clothesline","floor":5.0},{"not_picked":["Berserk","Metallicize","Anger"],"picked":"SKIP","floor":6},{"not_picked":["Anger","Clash"],"picked":"Uppercut","floor":8},{"not_picked":["Bloodletting","Seeing Red","Sword Boomerang"],"picked":"SKIP","floor":10}],"player_experience":373216,"relics_obtained":[{"floor":6,"key":"Strawberry"}],"event_choices":[{"cards_removed":["Strike_R"],"damage_healed":0.0,"max_hp_gain":0.0,"max_hp_loss":0.0,"gold_gain":0.0,"event_name":"The Cleric","player_choice":"Card Removal","floor":2.0,"gold_loss":75.0,"damage_taken":0.0},{"damage_healed":0.0,"max_hp_gain":0.0,"max_hp_loss":0.0,"gold_gain":0.0,"event_name":"Lab","player_choice":"Got Potions","floor":3.0,"gold_loss":0.0,"damage_taken":0.0}],"is_beta":false,"boss_relics":[],"items_purged_floors":[],"is_endless":false,"potions_floor_spawned":[1,6,8,10],"killed_by":"3 Sentries","ascension_level":19}