{"gold_per_floor":[116,133,149,160,1,1,1,1,1,30,105,140,290,303,303,378,378,390,390,177,92,108,108,137,149,161,203,226,268,290,329,341,429,441,467,491,516,528,552,593,605,649,684,62,89,109,125,139,139,139,139],"floor_reached":52,"playtime":3152,"items_purged":["Strike_R","Doubt"],"score":2739,"play_id":"b7cf3e67-a7bf-43a1-a912-e1a986921d7e","local_time":"20181007202538","is_ascension_mode":true,"campfire_choices":[{"data":"Corruption","floor":6.0,"key":"SMITH"},{"floor":8.0,"key":"REST"},{"data":"Strike_R","floor":15.0,"key":"PURGE"},{"data":"Strike_R","floor":23.0,"key":"PURGE"},{"data":"Strike_R","floor":25.0,"key":"PURGE"},{"data":"Strike_R","floor":32.0,"key":"PURGE"},{"data":"Spot Weakness","floor":41,"key":"PURGE"},{"data":"1","floor":49,"key":"LIFT"}],"neow_cost":"","seed_source_timestamp":43880165518080,"circlet_count":0,"master_deck":["Defend_R","Defend_R","Defend_R","Defend_R","AscendersBane","Corruption+1","Second Wind","Feel No Pain","Havoc","Sentinel","Fiend Fire","Shrug It Off","Havoc","Warcry","Battle Trance","Seeing Red+1","Power Through","Warcry","Dark Embrace+1","True Grit","Disarm+1","Feel No Pain+1","Body Slam+1","Havoc+1","True Grit","Sentinel","Barricade+1"],"special_seed":0,"relics":["Burning Blood","Dead Branch","Peace Pipe","Turnip","Black Star","Frozen Egg 2","Vajra","MawBank","Kunai","Letter Opener","The Courier","Unceasing Top","FossilizedHelix","Molten Egg 2","Shuriken","Empty Cage","Girya","Mango","Mercury Hourglass","Self Forming Clay","Orichalcum","Happy Flower","Omamori","Art of War","Meat on the Bone","Question Card","Pear"],"potions_floor_usage":[45,51,51],"damage_taken":[{"damage":6.0,"enemies":"Cultist","floor":1.0,"turns":3.0},{"damage":19.0,"enemies":"Jaw Worm","floor":2.0,"turns":4.0},{"damage":15.0,"enemies":"Small Slimes","floor":3.0,"turns":4.0},{"damage":12.0,"enemies":"Looter","floor":4.0,"turns":3.0},{"damage":17.0,"enemies":"Lagavulin","floor":10.0,"turns":7.0},{"damage":0.0,"enemies":"Gremlin Nob","floor":12.0,"turns":4.0},{"damage":3.0,"enemies":"3 Louse","floor":14.0,"turns":4.0},{"damage":15.0,"enemies":"Hexaghost","floor":16.0,"turns":8.0},{"damage":3.0,"enemies":"Chosen","floor":18.0,"turns":6.0},{"damage":11.0,"enemies":"Shell Parasite","floor":22.0,"turns":5.0},{"damage":18.0,"enemies":"Slavers","floor":24.0,"turns":5.0},{"damage":0.0,"enemies":"Book of Stabbing","floor":27.0,"turns":2.0},{"damage":0.0,"enemies":"3 Cultists","floor":28.0,"turns":3.0},{"damage":0.0,"enemies":"Slavers","floor":29.0,"turns":2.0},{"damage":0.0,"enemies":"Chosen and Byrds","floor":30.0,"turns":4.0},{"damage":0.0,"enemies":"Gremlin Leader","floor":31.0,"turns":4.0},{"damage":0.0,"enemies":"Automaton","floor":33.0,"turns":3.0},{"damage":0,"enemies":"Orb Walker","floor":35,"turns":2},{"damage":3,"enemies":"3 Darklings","floor":36,"turns":4},{"damage":0,"enemies":"Reptomancer","floor":37,"turns":2},{"damage":0,"enemies":"4 Shapes","floor":39,"turns":5},{"damage":0,"enemies":"Nemesis","floor":40,"turns":1},{"damage":0,"enemies":"Giant Head","floor":42,"turns":2},{"damage":0,"enemies":"Nemesis","floor":45,"turns":3},{"damage":0,"enemies":"Spire Growth","floor":46,"turns":1},{"damage":0,"enemies":"Maw","floor":47,"turns":1},{"damage":2,"enemies":"Sphere and 2 Shapes","floor":48,"turns":3},{"damage":13,"enemies":"Awakened One","floor":50,"turns":6},{"damage":0,"enemies":"Time Eater","floor":51,"turns":4}],"seed_played":"1121788936378083656","potions_obtained":[{"floor":2.0,"key":"SteroidPotion"},{"floor":12.0,"key":"Weak Potion"},{"floor":24.0,"key":"Weak Potion"},{"floor":28.0,"key":"Dexterity Potion"},{"floor":48,"key":"PowerPotion"}],"is_trial":true,"path_per_floor":["M","M","M","M","$","R","?","R","T","E","?","E","?","M","R","B",null,"M","?","$","?","M","R","E","R","T","E","M","E","M","E","R","B",null,"M","M","M","?","M","E","R","E","T","$","E","M","M","M","R","B","B"],"character_chosen":"IRONCLAD","items_purchased":["Second Wind","Shrug It Off","Rage","Happy Flower","Omamori","Art of War","Meat on the Bone","True Grit"],"campfire_rested":1,"item_purchase_floors":[5,20,20,44,44,44,44,44],"current_hp_per_floor":[68,55,46,40,40,40,40,62,62,51,40,46,46,49,49,40,66,69,69,69,69,64,64,52,52,52,58,64,70,75,75,75,75,75,75,75,75,75,75,89,89,89,89,89,99,99,99,99,99,92,98],"gold":139,"neow_bonus":"","is_prod":false,"is_daily":false,"chose_seed":true,"campfire_upgraded":1,"win_rate":0,"timestamp":1538969138,"path_taken":["M","M","M","M","$","R","?","R","T","E","?","E","?","?","R","BOSS","M","?","$","?","M","R","E","R","T","E","?","E","M","E","R","BOSS","M","M","M","?","M","E","R","E","T","?","E","M","?","M","R","BOSS","BOSS"],"build_version":"2018-10-04v2","purchased_purges":2,"victory":true,"max_hp_per_floor":[75,75,75,75,75,75,75,75,75,75,75,75,75,75,75,75,75,75,75,75,75,75,75,75,75,75,75,75,75,75,75,75,75,75,75,75,75,75,75,89,89,89,89,89,99,99,99,99,99,99,99],"card_choices":[{"not_picked":["Heavy Blade","Rupture","Clash"],"picked":"SKIP","floor":1.0},{"not_picked":["Iron Wave","Thunderclap","Wild Strike"],"picked":"SKIP","floor":2.0},{"not_picked":["Twin Strike","Warcry"],"picked":"Headbutt","floor":3.0},{"not_picked":["Entrench","Flame Barrier"],"picked":"Corruption","floor":4.0},{"not_picked":["Disarm","Searing Blow"],"picked":"Feel No Pain","floor":10.0},{"not_picked":["Sword Boomerang","Pommel Strike"],"picked":"Havoc","floor":12.0},{"not_picked":["Bloodletting","Body Slam"],"picked":"Sentinel","floor":14.0},{"not_picked":["Exhume","Reaper"],"picked":"Fiend Fire","floor":16.0},{"not_picked":["Clothesline","Sever Soul","Body Slam"],"picked":"SKIP","floor":18.0},{"not_picked":["Wild Strike","Twin Strike"],"picked":"Havoc","floor":22.0},{"not_picked":["Heavy Blade","Clothesline"],"picked":"Warcry","floor":24.0},{"not_picked":["Iron Wave","Headbutt","Wild Strike+1"],"picked":"SKIP","floor":27.0},{"not_picked":["Twin Strike","Cleave+1"],"picked":"Battle Trance","floor":28.0},{"not_picked":["True Grit","Disarm"],"picked":"Seeing Red+1","floor":29.0},{"not_picked":["Cleave","Pommel Strike"],"picked":"Power Through","floor":30.0},{"not_picked":["Clash","Iron Wave"],"picked":"Warcry","floor":31.0},{"not_picked":["Impervious","Barricade+1"],"picked":"Dark Embrace+1","floor":33.0},{"not_picked":["Heavy Blade+1","True Grit"],"picked":"Spot Weakness","floor":35},{"not_picked":["Iron Wave+1","Thunderclap+1"],"picked":"True Grit","floor":36},{"not_picked":["Iron Wave+1","Pommel Strike+1"],"picked":"Disarm+1","floor":37},{"not_picked":["Heavy Blade+1","Pummel+1"],"picked":"Feel No Pain+1","floor":39},{"not_picked":["Feel No Pain+1","Sever Soul+1"],"picked":"Body Slam+1","floor":40},{"not_picked":["True Grit","Blood for Blood+1"],"picked":"Havoc+1","floor":42},{"not_picked":["Carnage+1","Sword Boomerang+1","Infernal Blade"],"picked":"SKIP","floor":45},{"not_picked":["Dual Wield+1","Armaments","Body Slam+1","Feel No Pain+1"],"picked":"SKIP","floor":46},{"not_picked":["Rage","Uppercut+1","Body Slam+1"],"picked":"Sentinel","floor":47},{"not_picked":["Wild Strike+1","Combust+1","Havoc"],"picked":"Barricade+1","floor":48}],"player_experience":1294099,"relics_obtained":[{"floor":9.0,"key":"Dead Branch"},{"floor":10.0,"key":"Peace Pipe"},{"floor":12.0,"key":"Turnip"},{"floor":24.0,"key":"Vajra"},{"floor":24.0,"key":"MawBank"},{"floor":26.0,"key":"Kunai"},{"floor":27.0,"key":"Letter Opener"},{"floor":27.0,"key":"The Courier"},{"floor":29.0,"key":"Unceasing Top"},{"floor":29.0,"key":"FossilizedHelix"},{"floor":31.0,"key":"Molten Egg 2"},{"floor":31.0,"key":"Shuriken"},{"floor":40,"key":"Girya"},{"floor":40,"key":"Mango"},{"floor":42,"key":"Mercury Hourglass"},{"floor":42,"key":"Self Forming Clay"},{"floor":43,"key":"Orichalcum"},{"floor":45,"key":"Question Card"},{"floor":45,"key":"Pear"}],"event_choices":[{"event_name":"Accursed Blacksmith","player_choice":"Forge","floor":7.0,"damage_taken":0.0},{"event_name":"World of Goop","player_choice":"Gather Gold","floor":11.0,"damage_taken":0.0},{"event_name":"Liars Game","player_choice":"agreed","floor":13.0,"damage_taken":0.0},{"event_name":"Cursed Tome","player_choice":"Ignored","floor":19.0,"damage_taken":0.0},{"event_name":"Addict","player_choice":"Obtained Relic","floor":21.0,"damage_taken":0.0},{"event_name":"Purifier","player_choice":"One Purge","floor":38,"damage_taken":0}],"is_beta":false,"boss_relics":[{"not_picked":["Runic Cube","Black Blood"],"picked":"Black Star"},{"not_picked":["Runic Dome","Orrery"],"picked":"Empty Cage"}],"items_purged_floors":[5,20],"is_endless":false,"potions_floor_spawned":[2,12,14,22,24,28,31,35,36,40,42,48],"ascension_level":20}