{"gold_per_floor":[115,115,115,135,147,175,140,140,140,159,159,188,188,203,203,277,277,288,307,324,324,67,100,100,100],"floor_reached":25,"playtime":794,"items_purged":["Strike_B"],"score":462,"play_id":"c4fa5b17-df36-45c3-bbfe-bdd04e9bbc6e","local_time":"20190114174945","is_ascension_mode":true,"campfire_choices":[{"data":"Zap","floor":8,"key":"SMITH"},{"data":"Chill","floor":11,"key":"SMITH"},{"data":"Blizzard","floor":15,"key":"SMITH"}],"neow_cost":"NONE","seed_source_timestamp":343501200325359,"circlet_count":0,"master_deck":["AscendersBane","Strike_B","Strike_B","Defend_B","Defend_B","Defend_B","Defend_B","Zap+1","Dualcast","Compile Driver","Glacier","Cold Snap","Chill+1","Blizzard+1","Recycle","Seek","Genetic Algorithm","Coolheaded","Conserve Battery","Electrodynamics","Decay"],"relics":["Cracked Core","NeowsBlessing","Du-Vu Doll","Bird Faced Urn","Torii","Letter Opener","Orrery","Dodecahedron"],"potions_floor_usage":[19,19,23,23],"damage_taken":[{"damage":0,"enemies":"Small Slimes","floor":1,"turns":1},{"damage":0,"enemies":"Jaw Worm","floor":4,"turns":1},{"damage":0,"enemies":"Cultist","floor":5,"turns":1},{"damage":29,"enemies":"Lagavulin","floor":6,"turns":10},{"damage":6,"enemies":"Blue Slaver","floor":10,"turns":3},{"damage":9,"enemies":"Gremlin Nob","floor":12,"turns":4},{"damage":0,"enemies":"2 Fungi Beasts","floor":14,"turns":4},{"damage":3,"enemies":"The Guardian","floor":16,"turns":12},{"damage":21,"enemies":"Chosen","floor":18,"turns":8},{"damage":19,"enemies":"Spheric Guardian","floor":19,"turns":10},{"damage":27,"enemies":"Cultist and Chosen","floor":20,"turns":9},{"damage":44,"enemies":"Book of Stabbing","floor":23,"turns":4},{"damage":18,"enemies":"Snake Plant","floor":25,"turns":3}],"seed_played":"8521814714296344526","potions_obtained":[{"floor":10,"key":"GamblersBrew"},{"floor":12,"key":"Regen Potion"},{"floor":14,"key":"Regen Potion"},{"floor":20,"key":"EssenceOfSteel"}],"is_trial":false,"path_per_floor":["M","?","?","M","M","E","?","R","T","M","R","E","?","M","R","B",null,"M","M","M","?","$","E","?","M"],"character_chosen":"DEFECT","items_purchased":["Electrodynamics","PowerPotion","PowerPotion"],"campfire_rested":0,"item_purchase_floors":[22,22,22],"current_hp_per_floor":[64,69,62,62,62,33,52,52,52,46,46,37,37,37,37,34,66,45,68,41,56,56,16,16,0],"gold":100,"neow_bonus":"THREE_ENEMY_KILL","is_prod":false,"is_daily":false,"chose_seed":false,"campfire_upgraded":3,"win_rate":0,"timestamp":1547506185,"path_taken":["M","?","?","M","M","E","?","R","T","M","R","E","?","?","R","BOSS","M","M","M","?","$","E","?","M"],"build_version":"2019-01-10","purchased_purges":1,"victory":false,"max_hp_per_floor":[71,76,76,76,76,76,76,76,76,76,76,76,76,76,76,76,76,76,76,76,76,76,76,76,76],"card_choices":[{"not_picked":["Leap","Go for the Eyes"],"picked":"Compile Driver","floor":1},{"not_picked":["Doom and Gloom","Coolheaded"],"picked":"Glacier","floor":4},{"not_picked":["Hologram","Lockon"],"picked":"Cold Snap","floor":5},{"not_picked":["Amplify","Leap"],"picked":"Chill","floor":6},{"not_picked":["Chaos","Rip and Tear","Steam Power"],"picked":"SKIP","floor":10},{"not_picked":["Static Discharge","Sunder"],"picked":"Blizzard","floor":12},{"not_picked":["Sweeping Beam","Streamline"],"picked":"Recycle","floor":14},{"not_picked":["Biased Cognition","Multi-Cast"],"picked":"Seek","floor":16},{"not_picked":["Sunder","Consume"],"picked":"Genetic Algorithm","floor":17},{"not_picked":["Cold Snap","Ball Lightning"],"picked":"Coolheaded","floor":17},{"not_picked":["Turbo","BootSequence"],"picked":"Conserve Battery","floor":17},{"not_picked":["Rebound","Barrage","Redo"],"picked":"SKIP","floor":18},{"not_picked":["Gash","Streamline","Redo+1"],"picked":"SKIP","floor":19},{"not_picked":["Beam Cell","Doom and Gloom","Compile Driver"],"picked":"SKIP","floor":20},{"not_picked":["Rip and Tear","Buffer","Doom and Gloom"],"picked":"SKIP","floor":23}],"player_experience":1639337,"relics_obtained":[{"floor":6,"key":"Du-Vu Doll"},{"floor":9,"key":"Bird Faced Urn"},{"floor":12,"key":"Torii"},{"floor":23,"key":"Dodecahedron"}],"event_choices":[{"damage_healed":0,"gold_gain":0,"player_choice":"Donut","damage_taken":0,"max_hp_gain":5,"max_hp_loss":0,"event_name":"Big Fish","floor":2,"gold_loss":0},{"cards_removed":["Strike_B"],"damage_healed":0,"gold_gain":0,"player_choice":"Card Removal","damage_taken":7,"max_hp_gain":0,"max_hp_loss":0,"event_name":"Golden Wing","floor":3,"gold_loss":0},{"damage_healed":19,"gold_gain":0,"player_choice":"Healed","damage_taken":0,"max_hp_gain":0,"max_hp_loss":0,"event_name":"The Cleric","floor":7,"gold_loss":35},{"damage_healed":0,"gold_gain":0,"player_choice":"Gave Potion","damage_taken":0,"relics_obtained":["Letter Opener"],"max_hp_gain":0,"max_hp_loss":0,"event_name":"WeMeetAgain","floor":13,"gold_loss":0},{"damage_healed":15,"gold_gain":0,"player_choice":"Heal","damage_taken":0,"max_hp_gain":0,"max_hp_loss":0,"event_name":"The Library","floor":21,"gold_loss":0},{"damage_healed":0,"gold_gain":0,"player_choice":"Smashed Altar","damage_taken":0,"max_hp_gain":0,"max_hp_loss":0,"event_name":"Forgotten Altar","floor":24,"gold_loss":0,"cards_obtained":["Decay"]}],"is_beta":true,"boss_relics":[{"not_picked":["FrozenCore","Tiny House"],"picked":"Orrery"}],"items_purged_floors":[22],"is_endless":false,"potions_floor_spawned":[10,12,14,20],"killed_by":"Snake Plant","ascension_level":20}