{"gold_per_floor":[118,118,118,129,129,129,154,169,169,204,216,227,227,244,244,348,348,365,365,280,280,297,328,328],"floor_reached":24,"playtime":818,"items_purged":[],"score":316,"play_id":"687d00c2-a726-4bbf-9187-d77ff7bab3cf","local_time":"25610725201859","is_ascension_mode":true,"campfire_choices":[{"floor":6,"key":"REST"},{"floor":13,"key":"REST"},{"data":"Armaments","floor":15,"key":"SMITH"}],"neow_cost":"NONE","seed_source_timestamp":27386625230469,"circlet_count":0,"master_deck":["Strike_R","Strike_R+1","Strike_R","Strike_R+1","Defend_R","Defend_R","Defend_R","Defend_R","Bash","Inflame","Battle Trance","Blood for Blood","Ghostly Armor","Feed","Armaments+1","Uppercut","Flex","Infernal Blade","Offering","Shrug It Off+1","Warcry+1","Inflame","Thunderclap","Clash"],"relics":["Burning Blood","Kunai","Pen Nib","Art of War","Prayer Wheel","Mark of Pain","Ornamental Fan","Regal Pillow"],"potions_floor_usage":[7,10,16,16,18,24],"damage_taken":[{"damage":1,"enemies":"Cultist","floor":1,"turns":3},{"damage":7,"enemies":"Jaw Worm","floor":4,"turns":3},{"damage":30,"enemies":"3 Sentries","floor":7,"turns":9},{"damage":5,"enemies":"Small Slimes","floor":8,"turns":3},{"damage":49,"enemies":"Lagavulin","floor":10,"turns":6},{"damage":11,"enemies":"Blue Slaver","floor":11,"turns":5},{"damage":7,"enemies":"Exordium Wildlife","floor":12,"turns":3},{"damage":4,"enemies":"Red Slaver","floor":14,"turns":4},{"damage":30,"enemies":"Slime Boss","floor":16,"turns":10},{"damage":17,"enemies":"3 Byrds","floor":18,"turns":5},{"damage":13,"enemies":"Chosen","floor":22,"turns":4},{"damage":22,"enemies":"Gremlin Leader","floor":23,"turns":4},{"damage":43,"enemies":"3 Cultists","floor":24,"turns":4}],"seed_played":"-6084664312371333367","potions_obtained":[{"floor":1,"key":"Dexterity Potion"},{"floor":8,"key":"Regen Potion"},{"floor":11,"key":"Dexterity Potion"},{"floor":12,"key":"SneckoOil"},{"floor":16,"key":"Energy Potion"},{"floor":23,"key":"PowerPotion"}],"is_trial":false,"path_per_floor":["M","?","?","M","?","R","E","M","T","E","M","M","R","M","R","B",null,"M","?","?","$","M","E"],"character_chosen":"IRONCLAD","items_purchased":[],"campfire_rested":2,"item_purchase_floors":[],"current_hp_per_floor":[77,77,65,64,48,72,48,49,49,21,19,21,46,48,48,24,71,63,63,63,63,56,40,0],"gold":328,"neow_bonus":"THREE_CARDS","is_prod":false,"is_daily":false,"chose_seed":false,"campfire_upgraded":1,"win_rate":0,"timestamp":1532524739,"path_taken":["M","?","?","M","?","R","E","M","T","E","M","M","R","M","R","BOSS","M","?","?","$","M","E","M"],"build_version":"2018-07-19v2","purchased_purges":0,"victory":false,"max_hp_per_floor":[80,80,80,80,80,80,80,80,80,80,83,86,86,86,86,86,86,89,89,89,89,89,89,89],"card_choices":[{"not_picked":["Perfected Strike","Iron Wave"],"picked":"Inflame","floor":0},{"not_picked":["Havoc","Rage"],"picked":"Battle Trance","floor":1},{"not_picked":["Rupture","Power Through","Clothesline"],"picked":"SKIP","floor":4},{"not_picked":["Wild Strike","Clothesline"],"picked":"Blood for Blood","floor":7},{"not_picked":["Headbutt","Twin Strike"],"picked":"Ghostly Armor","floor":8},{"not_picked":["Body Slam","True Grit"],"picked":"Feed","floor":10},{"not_picked":["Body Slam","Warcry"],"picked":"Armaments","floor":11},{"not_picked":["Searing Blow","Blood for Blood"],"picked":"Uppercut","floor":11},{"not_picked":["Dual Wield","True Grit"],"picked":"Flex","floor":12},{"not_picked":["Iron Wave","Anger","Headbutt"],"picked":"SKIP","floor":12},{"not_picked":["Headbutt","Warcry"],"picked":"Infernal Blade","floor":14},{"not_picked":["Armaments","Warcry"],"picked":"Offering","floor":14},{"not_picked":["Battle Trance","Metallicize"],"picked":"Shrug It Off+1","floor":18},{"not_picked":["Dropkick","True Grit"],"picked":"Warcry+1","floor":18},{"not_picked":["Anger","Searing Blow"],"picked":"Thunderclap","floor":22},{"not_picked":["Sword Boomerang","Heavy Blade","Fiend Fire"],"picked":"SKIP","floor":22},{"not_picked":["Sword Boomerang+1","Sever Soul"],"picked":"Clash","floor":23}],"player_experience":154143,"relics_obtained":[{"floor":7,"key":"Pen Nib"},{"floor":9,"key":"Art of War"},{"floor":10,"key":"Prayer Wheel"},{"floor":23,"key":"Regal Pillow"}],"event_choices":[{"event_name":"Living Wall","player_choice":"Forget","floor":2,"damage_taken":0},{"event_name":"Scrap Ooze","player_choice":"success","floor":3,"damage_taken":12},{"event_name":"Shining Light","player_choice":"Entered Light","floor":5,"damage_taken":0},{"event_name":"Duplicator","player_choice":"One dupe","floor":19,"damage_taken":0},{"event_name":"Addict","player_choice":"Obtained Relic","floor":20,"damage_taken":0}],"is_beta":false,"boss_relics":[{"not_picked":["Astrolabe","White Beast Statue"],"picked":"Mark of Pain"}],"items_purged_floors":[],"is_endless":false,"potions_floor_spawned":[1,8,11,12,16,23],"killed_by":"3 Cultists","ascension_level":8}