{"gold_per_floor":[117,117,117,140,156,196,196,234,257,281,281,251,251,275,275,371,371,389,389,389,314,329,329,358,358,358,358,372,372,391,426,426,500,500,513,344,344,355,406,435,435,467,467,478,497,512,5,24,24,24],"floor_reached":51,"playtime":2449,"items_purged":["Strike_R","Strike_R"],"score":1284,"play_id":"25854cfb-b7d0-4ba3-8491-2e557a266f8d","local_time":"20181127114210","is_ascension_mode":true,"campfire_choices":[{"floor":7.0,"key":"REST"},{"data":"Armaments","floor":13.0,"key":"SMITH"},{"data":"Exhume","floor":15.0,"key":"SMITH"},{"data":"Demon Form","floor":23,"key":"SMITH"},{"data":"Havoc","floor":25,"key":"SMITH"},{"data":"Bash","floor":27,"key":"SMITH"},{"data":"Shockwave","floor":29,"key":"SMITH"},{"data":"True Grit","floor":32,"key":"SMITH"},{"floor":41,"key":"REST"},{"floor":49,"key":"REST"}],"neow_cost":"NONE","seed_source_timestamp":12226197922680,"circlet_count":0,"master_deck":["AscendersBane","Strike_R","Strike_R","Defend_R","Defend_R","Defend_R","Defend_R","Bash+1","Offering","Feel No Pain","Sword Boomerang","Armaments+1","Exhume+1","Havoc+1","Battle Trance","Reaper","Spot Weakness","Demon Form+1","Anger","Headbutt","Shockwave+1","True Grit+1","Impervious","Whirlwind","Evolve","Shrug It Off","Dark Embrace","Pommel Strike","Apotheosis","True Grit"],"special_seed":0,"relics":["Burning Blood","Bloody Idol","Orichalcum","Centennial Puzzle","Happy Flower","Philosopher\u0027s Stone","Oddly Smooth Stone","PreservedInsect","Shuriken","Fusion Hammer","Smiling Mask","Ornamental Fan","Strawberry","Lantern","Pen Nib"],"potions_floor_usage":[24,42,50,50,50],"damage_taken":[{"damage":4.0,"enemies":"Small Slimes","floor":1.0,"turns":4.0},{"damage":4.0,"enemies":"Jaw Worm","floor":4.0,"turns":4.0},{"damage":3.0,"enemies":"2 Louse","floor":5.0,"turns":4.0},{"damage":40.0,"enemies":"Lagavulin","floor":6.0,"turns":8.0},{"damage":20.0,"enemies":"3 Sentries","floor":8.0,"turns":14.0},{"damage":6.0,"enemies":"2 Fungi Beasts","floor":10.0,"turns":3.0},{"damage":6.0,"enemies":"Looter","floor":12.0,"turns":4.0},{"damage":15.0,"enemies":"Exordium Wildlife","floor":14.0,"turns":5.0},{"damage":28,"enemies":"Hexaghost","floor":16,"turns":8},{"damage":13,"enemies":"Shell Parasite","floor":18,"turns":4},{"damage":21,"enemies":"3 Byrds","floor":22,"turns":4},{"damage":50,"enemies":"Gremlin Leader","floor":24,"turns":9},{"damage":8,"enemies":"Cultist and Chosen","floor":28,"turns":4},{"damage":6,"enemies":"Centurion and Healer","floor":30,"turns":5},{"damage":16,"enemies":"Book of Stabbing","floor":31,"turns":3},{"damage":24,"enemies":"Champ","floor":33,"turns":8},{"damage":13,"enemies":"3 Shapes","floor":35,"turns":9},{"damage":28,"enemies":"3 Darklings","floor":38,"turns":5},{"damage":34,"enemies":"Giant Head","floor":40,"turns":6},{"damage":68,"enemies":"Nemesis","floor":42,"turns":7},{"damage":12,"enemies":"Maw","floor":44,"turns":6},{"damage":22,"enemies":"Writhing Mass","floor":45,"turns":5},{"damage":31,"enemies":"Spire Growth","floor":46,"turns":6},{"damage":15,"enemies":"Maw","floor":48,"turns":7},{"damage":39,"enemies":"Time Eater","floor":50,"turns":8}],"seed_played":"-2740130620045840748","potions_obtained":[{"floor":1.0,"key":"Block Potion"},{"floor":4.0,"key":"BloodPotion"},{"floor":5.0,"key":"Strength Potion"},{"floor":16,"key":"FearPotion"},{"floor":28,"key":"AttackPotion"},{"floor":44,"key":"Strength Potion"}],"is_trial":false,"path_per_floor":["M","?","?","M","M","E","R","E","T","M","?","M","R","M","R","B",null,"M","?","?","$","M","R","E","R","T","R","M","R","M","E","R","B",null,"M","$","?","M","T","E","R","E","T","M","M","M","$","M","R","B",null],"character_chosen":"IRONCLAD","items_purchased":["Whirlwind","Pen Nib","EntropicBrew","Pommel Strike","Apotheosis","True Grit"],"campfire_rested":3,"item_purchase_floors":[36,47,47,47,47,47],"current_hp_per_floor":[70,44,44,46,49,15,37,23,23,23,23,23,23,32,32,34,65,58,58,58,58,64,64,75,75,75,75,75,75,75,75,75,75,75,73,73,71,71,71,55,71,54,54,78,78,58,58,78,78,45],"gold":24,"neow_bonus":"TRANSFORM_CARD","is_prod":false,"is_daily":false,"chose_seed":false,"campfire_upgraded":7,"win_rate":0,"timestamp":1543347730,"path_taken":["M","?","?","M","M","E","R","E","T","M","?","M","R","M","R","BOSS","M","?","?","$","M","R","E","R","T","R","M","R","M","E","R","BOSS","M","$","?","M","?","E","R","E","T","M","M","M","$","?","R","BOSS"],"build_version":"2018-11-15","purchased_purges":2,"victory":true,"max_hp_per_floor":[75,75,75,75,75,75,75,75,75,75,75,75,75,75,75,75,75,75,75,75,75,75,75,75,75,75,75,75,75,75,75,75,75,75,75,75,71,71,71,71,71,78,78,78,78,78,78,78,78,78],"card_choices":[{"not_picked":["Burning Pact","Perfected Strike"],"picked":"Feel No Pain","floor":1.0},{"not_picked":["Rage","Intimidate"],"picked":"Sword Boomerang","floor":4.0},{"not_picked":["Thunderclap","Carnage"],"picked":"Armaments","floor":5.0},{"not_picked":["Wild Strike","Heavy Blade"],"picked":"Exhume","floor":6.0},{"not_picked":["Infernal Blade","Armaments"],"picked":"Havoc","floor":8.0},{"not_picked":["Evolve","Thunderclap"],"picked":"Battle Trance","floor":10.0},{"not_picked":["Pommel Strike","Twin Strike"],"picked":"Reaper","floor":12.0},{"not_picked":["Twin Strike","Anger"],"picked":"Spot Weakness","floor":14.0},{"not_picked":["Exhume","Reaper"],"picked":"Demon Form","floor":16},{"not_picked":["Fire Breathing","Sword Boomerang"],"picked":"Anger","floor":18},{"not_picked":["Infernal Blade","Thunderclap"],"picked":"Headbutt","floor":22},{"not_picked":["Seeing Red","Flex","Cleave+1"],"picked":"SKIP","floor":24},{"not_picked":["Cleave+1","Havoc"],"picked":"Shockwave","floor":28},{"not_picked":["Feed","Anger"],"picked":"True Grit","floor":30},{"not_picked":["Headbutt","True Grit","Thunderclap"],"picked":"SKIP","floor":31},{"not_picked":["Limit Break","Demon Form"],"picked":"Impervious","floor":33},{"not_picked":["Anger+1","Shockwave","Second Wind"],"picked":"SKIP","floor":35},{"not_picked":["Wild Strike","Perfected Strike+1","Burning Pact"],"picked":"SKIP","floor":38},{"not_picked":["Inflame","Thunderclap","Ghostly Armor"],"picked":"SKIP","floor":40},{"not_picked":["Havoc+1","Feed"],"picked":"Evolve","floor":42},{"not_picked":["Cleave","Wild Strike","Clash"],"picked":"SKIP","floor":44},{"not_picked":["Armaments","Sword Boomerang"],"picked":"Shrug It Off","floor":45},{"not_picked":["True Grit","Clothesline+1"],"picked":"Dark Embrace","floor":46},{"not_picked":["Iron Wave","Wild Strike","Inflame+1"],"picked":"SKIP","floor":48}],"player_experience":1676285,"relics_obtained":[{"floor":6.0,"key":"Orichalcum"},{"floor":8.0,"key":"Centennial Puzzle"},{"floor":9.0,"key":"Happy Flower"},{"floor":24,"key":"Oddly Smooth Stone"},{"floor":26,"key":"PreservedInsect"},{"floor":31,"key":"Shuriken"},{"floor":39,"key":"Smiling Mask"},{"floor":40,"key":"Ornamental Fan"},{"floor":42,"key":"Strawberry"},{"floor":43,"key":"Lantern"}],"event_choices":[{"damage_healed":0.0,"max_hp_gain":0.0,"max_hp_loss":0.0,"gold_gain":0.0,"event_name":"Golden Idol","player_choice":"Take Damage","floor":2.0,"gold_loss":0.0,"damage_taken":26.0,"relics_obtained":["Golden Idol"]},{"damage_healed":0.0,"max_hp_gain":0.0,"max_hp_loss":0.0,"gold_gain":0.0,"event_name":"Shining Light","player_choice":"Ignored","floor":3.0,"gold_loss":0.0,"damage_taken":0.0},{"damage_healed":0.0,"max_hp_gain":0.0,"max_hp_loss":0.0,"gold_gain":0.0,"event_name":"Golden Wing","player_choice":"Ignored","floor":11.0,"gold_loss":0.0,"damage_taken":0.0},{"damage_healed":0,"gold_gain":0,"player_choice":"Gave Idol","damage_taken":0,"relics_obtained":["Bloody Idol"],"max_hp_gain":0,"max_hp_loss":0,"event_name":"Forgotten Altar","floor":19,"relics_lost":["Golden Idol"],"gold_loss":0},{"damage_healed":0,"gold_gain":0,"player_choice":"Ignored","damage_taken":0,"max_hp_gain":0,"max_hp_loss":0,"event_name":"Ghosts","floor":20,"gold_loss":0},{"damage_healed":0,"gold_gain":0,"player_choice":"Max HP","damage_taken":0,"max_hp_gain":0,"max_hp_loss":4,"event_name":"Winding Halls","floor":37,"gold_loss":0}],"is_beta":false,"boss_relics":[{"not_picked":["Pandora\u0027s Box","Lizard Tail"],"picked":"Philosopher\u0027s Stone"},{"not_picked":["Orrery","Black Blood"],"picked":"Fusion Hammer"}],"items_purged_floors":[21,36],"is_endless":false,"potions_floor_spawned":[1,4,5,16,28,30,35,38,40,44],"ascension_level":15}