{"gold_per_floor":[116,41,41,51,51,51,78,98,179,179,189,29,129,146,146,146],"floor_reached":16,"playtime":1165,"items_purged":[],"score":180,"play_id":"6f62a362-99a0-4c43-9f76-38a2101d59b5","local_time":"20190424154042","is_ascension_mode":true,"campfire_choices":[{"data":"Neutralize","floor":6,"key":"SMITH"},{"floor":10,"key":"REST"},{"data":"Dodge and Roll","floor":15,"key":"SMITH"}],"neow_cost":"NONE","seed_source_timestamp":90049090729577,"circlet_count":0,"master_deck":["AscendersBane","Defend_G+1","Defend_G","Defend_G","Defend_G","Defend_G","Strike_G","Strike_G","Strike_G","Survivor+1","Neutralize+1","Dodge and Roll+1","Skewer+1","Poisoned Stab","Deflect","PiercingWail","Die Die Die"],"special_seed":0,"relics":["Ring of the Snake","Oddly Smooth Stone","Tiny Chest","War Paint"],"potions_floor_usage":[7,16,16],"damage_taken":[{"damage":4.0,"enemies":"2 Louse","floor":1.0,"turns":3.0},{"damage":2.0,"enemies":"Jaw Worm","floor":4.0,"turns":5.0},{"damage":23,"enemies":"Gremlin Nob","floor":7,"turns":4},{"damage":0,"enemies":"Cultist","floor":8,"turns":3},{"damage":0,"enemies":"Looter","floor":11,"turns":3},{"damage":0,"enemies":"Blue Slaver","floor":14,"turns":3},{"damage":44,"enemies":"Slime Boss","floor":16,"turns":10}],"seed_played":"-7495173664755350480","potions_obtained":[{"floor":1.0,"key":"Strength Potion"},{"floor":7,"key":"SkillPotion"},{"floor":14,"key":"Swift Potion"}],"is_trial":false,"path_per_floor":["M","?","?","M","?","R","E","M","T","R","M","$","?","M","R","B"],"character_chosen":"THE_SILENT","items_purchased":["War Paint"],"campfire_rested":1,"item_purchase_floors":[12],"current_hp_per_floor":[55,55,48,46,46,46,23,23,23,42,42,42,42,42,42,0],"gold":146,"neow_bonus":"THREE_CARDS","is_prod":false,"is_daily":false,"chose_seed":false,"campfire_upgraded":2,"win_rate":0,"timestamp":1556113242,"path_taken":["M","?","?","M","?","R","E","?","T","R","M","$","?","M","R","BOSS"],"build_version":"2019-01-23","purchased_purges":0,"victory":false,"max_hp_per_floor":[66,66,66,66,66,66,66,66,66,66,66,66,66,66,66,66],"card_choices":[{"not_picked":["Choke","Blade Dance"],"picked":"Dodge and Roll","floor":0.0},{"not_picked":["Eviscerate","Dagger Spray"],"picked":"Skewer","floor":1.0},{"not_picked":["Dodge and Roll","Choke"],"picked":"Poisoned Stab","floor":4.0},{"not_picked":["Riddle With Holes","Eviscerate"],"picked":"Deflect","floor":7},{"not_picked":["Prepared","Heel Hook"],"picked":"PiercingWail","floor":8},{"not_picked":["Dagger Throw","Underhanded Strike","Slice"],"picked":"SKIP","floor":11},{"not_picked":["Sucker Punch","Backflip"],"picked":"Die Die Die","floor":14}],"player_experience":728749,"relics_obtained":[{"floor":7,"key":"Oddly Smooth Stone"},{"floor":9,"key":"Tiny Chest"}],"event_choices":[{"cards_removed":["Strike_G"],"damage_healed":0.0,"max_hp_gain":0.0,"max_hp_loss":0.0,"gold_gain":0.0,"event_name":"The Cleric","player_choice":"Card Removal","floor":2.0,"gold_loss":75.0,"damage_taken":0.0},{"cards_removed":["Strike_G"],"damage_healed":0.0,"max_hp_gain":0.0,"max_hp_loss":0.0,"gold_gain":0.0,"event_name":"Golden Wing","player_choice":"Card Removal","floor":3.0,"gold_loss":0.0,"damage_taken":7.0},{"damage_healed":0,"gold_gain":0,"player_choice":"Grow","damage_taken":0,"max_hp_gain":0,"max_hp_loss":0,"event_name":"Living Wall","floor":5,"gold_loss":0,"cards_upgraded":["Skewer"]},{"damage_healed":0,"gold_gain":100,"player_choice":"Gold","damage_taken":0,"max_hp_gain":0,"max_hp_loss":0,"event_name":"Wheel of Change","floor":13,"gold_loss":0}],"is_beta":false,"boss_relics":[],"items_purged_floors":[],"is_endless":false,"potions_floor_spawned":[1,7,14],"killed_by":"Slime Boss","ascension_level":16}