{"gold_per_floor":[110,122,34,52,65,65,27,55,55,66,86,121,121,136,136,213,213,195,214,214,214,92,119,119,119],"floor_reached":25,"playtime":957,"items_purged":["Strike_B"],"score":408,"play_id":"6c7036b5-27f9-4023-a878-c8e13b664452","local_time":"20190302183153","is_ascension_mode":true,"campfire_choices":[{"data":"Zap","floor":6.0,"key":"SMITH"},{"data":"Defragment","floor":13.0,"key":"SMITH"},{"floor":15.0,"key":"REST"},{"floor":24,"key":"REST"}],"neow_cost":"NONE","seed_source_timestamp":39743791305216,"circlet_count":0,"master_deck":["AscendersBane","Strike_B","Strike_B","Strike_B","Defend_B","Defend_B","Defend_B","Defend_B","Zap+1","Dualcast","Sweeping Beam","Doom and Gloom","Gash","Conserve Battery","Auto Shields","Defragment+1","Coolheaded","Chill","Cold Snap","Fission","Barrage","Conserve Battery+1"],"special_seed":0,"relics":["Cracked Core","NeowsBlessing","Mercury Hourglass","The Courier","Sundial","Inserter","Frozen Egg 2"],"potions_floor_usage":[23,23],"damage_taken":[{"damage":0.0,"enemies":"Cultist","floor":1.0,"turns":1.0},{"damage":0.0,"enemies":"Small Slimes","floor":2.0,"turns":1.0},{"damage":0.0,"enemies":"2 Louse","floor":4.0,"turns":1.0},{"damage":2.0,"enemies":"Red Slaver","floor":5.0,"turns":3.0},{"damage":26.0,"enemies":"Gremlin Nob","floor":8.0,"turns":5.0},{"damage":5.0,"enemies":"Looter","floor":10.0,"turns":3.0},{"damage":7.0,"enemies":"Blue Slaver","floor":11.0,"turns":4.0},{"damage":18.0,"enemies":"Lagavulin","floor":12.0,"turns":7.0},{"damage":0.0,"enemies":"2 Fungi Beasts","floor":14.0,"turns":3.0},{"damage":17,"enemies":"Slime Boss","floor":16,"turns":10},{"damage":11,"enemies":"2 Thieves","floor":18,"turns":4},{"damage":19,"enemies":"Shell Parasite","floor":19,"turns":8},{"damage":49,"enemies":"Book of Stabbing","floor":23,"turns":7},{"damage":37,"enemies":"Slavers","floor":25,"turns":4}],"seed_played":"-7850728697639534734","potions_obtained":[{"floor":1.0,"key":"LiquidBronze"},{"floor":4.0,"key":"SteroidPotion"}],"is_trial":false,"path_per_floor":["M","M","$","M","M","R","$","E","T","M","M","E","R","M","R","B",null,"M","M","?","?","$","E","R","E"],"character_chosen":"DEFECT","items_purchased":["Doom and Gloom","Gash","Defragment","Regen Potion"],"campfire_rested":2,"item_purchase_floors":[3,3,7,22],"current_hp_per_floor":[64,64,64,64,62,62,62,36,36,31,24,6,6,6,27,10,56,45,26,40,40,40,6,27,0],"gold":119,"neow_bonus":"THREE_ENEMY_KILL","is_prod":false,"is_daily":false,"chose_seed":false,"campfire_upgraded":2,"win_rate":0,"timestamp":1551580313,"path_taken":["M","M","?","M","M","R","$","E","T","M","M","E","R","M","R","BOSS","M","M","?","?","$","E","R","E"],"build_version":"2019-01-23","purchased_purges":1,"victory":false,"max_hp_per_floor":[71,71,71,71,71,71,71,71,71,71,71,71,71,71,71,71,71,71,71,71,71,71,71,71,71],"card_choices":[{"not_picked":["Heatsinks","Scrape","Storm"],"picked":"SKIP","floor":1.0},{"not_picked":["Streamline","Loop"],"picked":"Sweeping Beam","floor":2.0},{"not_picked":["Lockon","Double Energy"],"picked":"Conserve Battery","floor":4.0},{"not_picked":["Lockon","Scrape"],"picked":"Auto Shields","floor":5.0},{"not_picked":["Reprogram","Gash","Double Energy"],"picked":"SKIP","floor":8.0},{"not_picked":["Melter","Stack"],"picked":"Coolheaded","floor":10.0},{"not_picked":["Darkness","Beam Cell","Stack"],"picked":"SKIP","floor":11.0},{"not_picked":["Sunder","Consume"],"picked":"Chill","floor":12.0},{"not_picked":["Turbo","Undo"],"picked":"Cold Snap","floor":14.0},{"not_picked":["Buffer","Creative AI"],"picked":"Fission","floor":16},{"not_picked":["Heatsinks","Force Field"],"picked":"Barrage","floor":18},{"not_picked":["Leap","Chaos+1"],"picked":"Conserve Battery+1","floor":19},{"not_picked":["Lockon","Auto Shields+1","Double Energy"],"picked":"SKIP","floor":23}],"player_experience":2312145,"relics_obtained":[{"floor":8.0,"key":"Mercury Hourglass"},{"floor":9.0,"key":"The Courier"},{"floor":12.0,"key":"Sundial"},{"floor":23,"key":"Frozen Egg 2"}],"event_choices":[{"damage_healed":14,"gold_gain":0,"player_choice":"Heal","damage_taken":0,"max_hp_gain":0,"max_hp_loss":0,"event_name":"The Library","floor":20,"gold_loss":0},{"damage_healed":0,"gold_gain":0,"player_choice":"Ignored","damage_taken":0,"max_hp_gain":0,"max_hp_loss":0,"event_name":"The Mausoleum","floor":21,"gold_loss":0}],"is_beta":false,"boss_relics":[{"not_picked":["Black Star","Calling Bell"],"picked":"Inserter"}],"items_purged_floors":[22],"is_endless":false,"potions_floor_spawned":[1,4,5,10,11,19],"killed_by":"Slavers","ascension_level":15}