{"gold_per_floor":[141,160,179,179,24,59,76,96,96,67,67],"floor_reached":11,"playtime":511,"items_purged":[],"score":98,"play_id":"58ab1a22-0ff4-4f85-a525-5f7c7ff6726c","local_time":"25610724175722","is_ascension_mode":true,"campfire_choices":[],"neow_cost":"NONE","seed_source_timestamp":22798378708468,"circlet_count":0,"master_deck":["Strike_R","Strike_R","Strike_R","Strike_R","Strike_R","Defend_R","Defend_R","Defend_R","Defend_R","Bash","Cleave","Ghostly Armor","Impervious","Seeing Red"],"relics":["Burning Blood","Tiny Chest","Dodecahedron","Pen Nib","Smiling Mask","Bottled Lightning"],"potions_floor_usage":[6,8,8],"damage_taken":[{"damage":6,"enemies":"Cultist","floor":1,"turns":3},{"damage":3,"enemies":"Small Slimes","floor":2,"turns":3},{"damage":7,"enemies":"Jaw Worm","floor":3,"turns":3},{"damage":60,"enemies":"Lagavulin","floor":6,"turns":6},{"damage":15,"enemies":"2 Fungi Beasts","floor":7,"turns":3},{"damage":0,"enemies":"Looter","floor":8,"turns":3},{"damage":20,"enemies":"Exordium Thugs","floor":11,"turns":3}],"seed_played":"-4553914347382848369","potions_obtained":[{"floor":1,"key":"SkillPotion"},{"floor":6,"key":"PowerPotion"},{"floor":7,"key":"Poison Potion"},{"floor":8,"key":"Poison Potion"}],"is_trial":false,"path_per_floor":["M","M","M","T","$","E","M","M","T","?"],"character_chosen":"IRONCLAD","items_purchased":["Pen Nib"],"campfire_rested":0,"item_purchase_floors":[5],"current_hp_per_floor":[72,75,74,74,74,20,11,17,17,17,0],"gold":67,"neow_bonus":"RANDOM_COMMON_RELIC","is_prod":false,"is_daily":false,"chose_seed":false,"campfire_upgraded":0,"win_rate":0,"timestamp":1532429842,"path_taken":["M","M","M","?","$","E","M","M","T","?","M"],"build_version":"2018-07-19v2","purchased_purges":0,"victory":false,"max_hp_per_floor":[80,80,80,80,80,80,80,80,80,80,80],"card_choices":[{"not_picked":["Seeing Red","Headbutt"],"picked":"Cleave","floor":1},{"not_picked":["Sword Boomerang","Twin Strike","Disarm"],"picked":"SKIP","floor":2},{"not_picked":["Blood for Blood","Cleave"],"picked":"Ghostly Armor","floor":3},{"not_picked":["Clothesline","Hemokinesis","Perfected Strike"],"picked":"SKIP","floor":6},{"not_picked":["Anger","Seeing Red"],"picked":"Impervious","floor":7},{"not_picked":["Heavy Blade","Pommel Strike"],"picked":"Seeing Red","floor":8}],"player_experience":127427,"relics_obtained":[{"floor":4,"key":"Dodecahedron"},{"floor":6,"key":"Smiling Mask"},{"floor":9,"key":"Bottled Lightning"}],"event_choices":[{"event_name":"World of Goop","player_choice":"Left","floor":10,"damage_taken":0}],"is_beta":false,"boss_relics":[],"items_purged_floors":[],"is_endless":false,"potions_floor_spawned":[1,6,7,8],"killed_by":"Exordium Thugs","ascension_level":6}