{"gold_per_floor":[115,40,60,60,72,72,98,113,113,133,133,33,33,66,66,165,165,184,184,199,199,210,210,210],"floor_reached":24,"playtime":900,"items_purged":["Strike_R","Strike_R"],"score":330,"play_id":"1d945471-e159-44c2-acf7-fb1f023ead7d","local_time":"20190417083227","is_ascension_mode":true,"campfire_choices":[{"data":"Heavy Blade","floor":6.0,"key":"SMITH"},{"data":"Pommel Strike","floor":11.0,"key":"SMITH"},{"data":"Bash","floor":13.0,"key":"SMITH"},{"floor":15.0,"key":"REST"},{"floor":23,"key":"REST"}],"neow_cost":"TEN_PERCENT_HP_LOSS","seed_source_timestamp":0,"circlet_count":0,"master_deck":["AscendersBane","Strike_R","Defend_R","Defend_R","Defend_R","Defend_R","Bash+1","Inflame+1","Heavy Blade+1","Pommel Strike+1","Shrug It Off"],"special_seed":0,"relics":["Burning Blood","Pear","Shuriken","Singing Bowl","Philosopher\u0027s Stone","Happy Flower"],"potions_floor_usage":[16,22],"damage_taken":[{"damage":3.0,"enemies":"Jaw Worm","floor":1.0,"turns":5.0},{"damage":1.0,"enemies":"Cultist","floor":3.0,"turns":3.0},{"damage":6.0,"enemies":"Small Slimes","floor":5.0,"turns":3.0},{"damage":16.0,"enemies":"Gremlin Nob","floor":7.0,"turns":3.0},{"damage":25.0,"enemies":"Exordium Thugs","floor":8.0,"turns":4.0},{"damage":12.0,"enemies":"3 Louse","floor":10.0,"turns":3.0},{"damage":23.0,"enemies":"Lagavulin","floor":14.0,"turns":5.0},{"damage":55,"enemies":"Slime Boss","floor":16,"turns":8},{"damage":31,"enemies":"Shell Parasite","floor":18,"turns":4},{"damage":25,"enemies":"2 Thieves","floor":20,"turns":4},{"damage":5,"enemies":"Centurion and Healer","floor":22,"turns":5},{"damage":56,"enemies":"Slavers","floor":24,"turns":3}],"seed_played":"4752302318160638646","potions_obtained":[{"floor":1.0,"key":"AttackPotion"},{"floor":3.0,"key":"PowerPotion"},{"floor":10.0,"key":"Block Potion"},{"floor":14.0,"key":"SkillPotion"},{"floor":20,"key":"Explosive Potion"}],"is_trial":false,"path_per_floor":["M","$","M","?","M","R","E","M","T","M","R","$","R","E","R","B",null,"M","?","M","?","M","R","E"],"character_chosen":"IRONCLAD","items_purchased":[],"campfire_rested":2,"item_purchase_floors":[],"current_hp_per_floor":[72,72,72,72,72,72,72,53,53,47,47,47,47,32,57,10,67,42,42,25,25,28,55,0],"gold":210,"neow_bonus":"REMOVE_TWO","is_prod":false,"is_daily":false,"chose_seed":false,"campfire_upgraded":3,"win_rate":0,"timestamp":1555479147,"path_taken":["M","$","M","?","M","R","E","M","T","M","R","?","R","E","R","BOSS","M","?","M","?","?","R","E"],"build_version":"2019-01-23","purchased_purges":2,"victory":false,"max_hp_per_floor":[72,72,72,72,72,72,82,82,82,82,82,82,82,84,84,86,86,86,86,88,88,90,90,90],"card_choices":[{"not_picked":["Seeing Red","Wild Strike"],"picked":"Inflame","floor":1.0},{"not_picked":["Iron Wave","Rampage"],"picked":"Heavy Blade","floor":3.0},{"not_picked":["Pummel","Rage","Combust"],"picked":"SKIP","floor":5.0},{"not_picked":["Blood for Blood","Warcry","Havoc"],"picked":"SKIP","floor":7.0},{"not_picked":["Sword Boomerang","Pummel"],"picked":"Pommel Strike","floor":8.0},{"not_picked":["Pommel Strike","Heavy Blade","Corruption"],"picked":"SKIP","floor":10.0},{"not_picked":["Clothesline","Thunderclap","Heavy Blade"],"picked":"Singing Bowl","floor":14.0},{"not_picked":["Dark Embrace","Exhume","Fiend Fire"],"picked":"Singing Bowl","floor":16},{"not_picked":["Metallicize","Clothesline"],"picked":"Shrug It Off","floor":18},{"not_picked":["Armaments","Intimidate+1","Clash"],"picked":"Singing Bowl","floor":20},{"not_picked":["Pommel Strike","Headbutt","Juggernaut"],"picked":"Singing Bowl","floor":22}],"player_experience":284374,"relics_obtained":[{"floor":7.0,"key":"Pear"},{"floor":9.0,"key":"Shuriken"},{"floor":14.0,"key":"Singing Bowl"}],"event_choices":[{"damage_healed":0.0,"max_hp_gain":0.0,"max_hp_loss":0.0,"gold_gain":0.0,"event_name":"Upgrade Shrine","player_choice":"Upgraded","floor":4.0,"gold_loss":0.0,"damage_taken":0.0,"cards_upgraded":["Inflame"]},{"damage_healed":0,"gold_gain":0,"player_choice":"Opened","damage_taken":0,"relics_obtained":["Happy Flower"],"max_hp_gain":0,"max_hp_loss":0,"event_name":"The Mausoleum","floor":19,"gold_loss":0},{"damage_healed":0,"gold_gain":0,"player_choice":"Ignored","damage_taken":0,"max_hp_gain":0,"max_hp_loss":0,"event_name":"N\u0027loth","floor":21,"gold_loss":0}],"is_beta":false,"boss_relics":[{"not_picked":["Busted Crown","White Beast Statue"],"picked":"Philosopher\u0027s Stone"}],"items_purged_floors":[2,12],"is_endless":false,"potions_floor_spawned":[1,3,10,14,20],"killed_by":"Slavers","ascension_level":12}