{"gold_per_floor":[118,118,118,10,20,47,47,63,87,87,100,100,128,145,145,240,240,253,61,81,81,81,116,144,144,168,185,185,214,214,225,225,325,325,339,561,19,19,31,31,66,83,83,83,83,83,101,201,201,201],"floor_reached":51,"playtime":4600,"items_purged":["Pain","Strike_R"],"score":971,"play_id":"4ca6e6b6-21d6-4857-b997-ba57dfdbd6f1","local_time":"20181108213258","is_ascension_mode":true,"campfire_choices":[{"data":"Barricade","floor":7,"key":"SMITH"},{"data":"Shockwave","floor":10,"key":"SMITH"},{"data":"Iron Wave","floor":15,"key":"SMITH"},{"data":"Double Tap","floor":28,"key":"SMITH"},{"data":"Metallicize","floor":30,"key":"SMITH"},{"data":"Spot Weakness","floor":32,"key":"SMITH"},{"data":"Metallicize","floor":40,"key":"SMITH"},{"data":"J.A.X.","floor":45,"key":"SMITH"},{"data":"Rage","floor":49,"key":"PURGE"}],"neow_cost":"NONE","seed_source_timestamp":2188575293309162,"circlet_count":0,"master_deck":["Strike_R+1","Strike_R+1","Strike_R+1","Defend_R","Defend_R","Defend_R","Defend_R","Bash","Metallicize+1","Shockwave+1","Shrug It Off","Barricade+1","Pommel Strike","Battle Trance","Metallicize+1","Iron Wave+1","Double Tap+1","Body Slam+1","Cleave","J.A.X.+1","RitualDagger","Flame Barrier+1","Rupture+1","Spot Weakness+1","Iron Wave+1"],"relics":["Burning Blood","NeowsBlessing","WarpedTongs","Lantern","Happy Flower","Pear","Velvet Choker","Whetstone","Ancient Tea Set","Red Mask","Bronze Scales","Potion Belt","Lizard Tail","PreservedInsect","Medical Kit","Bottled Tornado","Mummified Hand","Vajra","Peace Pipe"],"potions_floor_usage":[16,16,23,23,24,33,44,48,50,50],"damage_taken":[{"damage":0,"enemies":"2 Louse","floor":1,"turns":1},{"damage":0,"enemies":"Small Slimes","floor":5,"turns":1},{"damage":0,"enemies":"Gremlin Nob","floor":6,"turns":1},{"damage":0,"enemies":"Cultist","floor":8,"turns":4},{"damage":2,"enemies":"Gremlin Gang","floor":11,"turns":7},{"damage":28,"enemies":"3 Sentries","floor":13,"turns":10},{"damage":0,"enemies":"Large Slime","floor":14,"turns":6},{"damage":0,"enemies":"The Guardian","floor":16,"turns":13},{"damage":1,"enemies":"Shell Parasite","floor":18,"turns":4},{"damage":16,"enemies":"2 Thieves","floor":20,"turns":4},{"damage":23,"enemies":"Book of Stabbing","floor":23,"turns":6},{"damage":21,"enemies":"Masked Bandits","floor":24,"turns":6},{"damage":26,"enemies":"Cultist and Chosen","floor":27,"turns":7},{"damage":3,"enemies":"Gremlin Leader","floor":29,"turns":5},{"damage":4,"enemies":"Centurion and Healer","floor":31,"turns":6},{"damage":20,"enemies":"Champ","floor":33,"turns":8},{"damage":12,"enemies":"Orb Walker","floor":35,"turns":5},{"damage":0,"enemies":"3 Shapes","floor":39,"turns":3},{"damage":6,"enemies":"Giant Head","floor":41,"turns":7},{"damage":9,"enemies":"Maw","floor":42,"turns":8},{"damage":0,"enemies":"Jaw Worm Horde","floor":44,"turns":1},{"damage":3,"enemies":"3 Darklings","floor":47,"turns":7},{"damage":0,"enemies":"Mind Bloom Boss Battle","floor":48,"turns":6},{"damage":52,"enemies":"Time Eater","floor":50,"turns":7}],"seed_played":"6980982563224930371","potions_obtained":[{"floor":1,"key":"Energy Potion"},{"floor":8,"key":"Poison Potion"},{"floor":16,"key":"SpeedPotion"},{"floor":20,"key":"LiquidBronze"},{"floor":23,"key":"BloodPotion"},{"floor":24,"key":"FearPotion"},{"floor":33,"key":"Fire Potion"},{"floor":41,"key":"SmokeBomb"},{"floor":42,"key":"Strength Potion"},{"floor":48,"key":"PowerPotion"}],"is_trial":false,"path_per_floor":["M","?","?","$","M","E","R","M","T","R","M","?","E","M","R","B",null,"M","$","M","?","?","E","?","?","T","M","R","E","R","M","R","B",null,"M","?","$","?","M","R","E","M","T","M","R","T","M","?","R","B",null],"character_chosen":"IRONCLAD","items_purchased":["Shockwave","Body Slam","Whetstone","PreservedInsect","Medical Kit","FairyPotion"],"campfire_rested":0,"item_purchase_floors":[4,19,19,37,37,37],"current_hp_per_floor":[80,64,64,64,70,76,76,80,80,80,80,80,68,74,74,80,90,90,90,80,80,74,57,51,81,81,61,61,64,64,66,66,52,90,84,84,84,84,90,90,90,87,87,90,90,90,90,90,90,44],"gold":201,"neow_bonus":"THREE_ENEMY_KILL","is_prod":false,"is_daily":false,"chose_seed":false,"campfire_upgraded":8,"win_rate":0,"timestamp":1541730778,"path_taken":["M","?","?","$","?","E","R","M","T","R","?","?","E","M","R","BOSS","M","$","M","?","?","E","?","?","T","M","R","E","R","M","R","BOSS","M","?","$","?","M","R","E","M","T","M","R","?","M","?","R","BOSS"],"build_version":"2018-11-01","purchased_purges":2,"victory":true,"max_hp_per_floor":[80,80,80,80,80,80,80,80,80,80,80,80,90,90,90,90,90,90,90,90,90,90,90,90,90,90,90,90,90,90,90,90,90,90,90,90,90,90,90,90,90,90,90,90,90,90,90,90,90,90],"card_choices":[{"not_picked":["Flex","Perfected Strike"],"picked":"Metallicize","floor":1},{"not_picked":["Body Slam","Twin Strike"],"picked":"Shrug It Off","floor":5},{"not_picked":["Rupture","True Grit"],"picked":"Barricade","floor":6},{"not_picked":["Clash","Dropkick","Anger"],"picked":"SKIP","floor":8},{"not_picked":["Havoc","Cleave"],"picked":"Pommel Strike","floor":11},{"not_picked":["Flex","True Grit"],"picked":"Metallicize","floor":13},{"not_picked":["Headbutt","Brutality"],"picked":"Iron Wave","floor":14},{"not_picked":["Offering","Berserk"],"picked":"Double Tap","floor":16},{"not_picked":["Reckless Charge","Thunderclap","Heavy Blade"],"picked":"SKIP","floor":18},{"not_picked":["Rampage","Blood for Blood+1"],"picked":"Cleave","floor":20},{"not_picked":["Limit Break","Twin Strike+1"],"picked":"Flame Barrier+1","floor":23},{"not_picked":["Battle Trance","Warcry"],"picked":"Rupture+1","floor":24},{"not_picked":["Flex+1","Warcry"],"picked":"Rage","floor":27},{"not_picked":["Cleave","Armaments"],"picked":"Spot Weakness","floor":29},{"not_picked":["Disarm","Armaments+1","Barricade"],"picked":"SKIP","floor":31},{"not_picked":["Wild Strike+1","Feel No Pain","Clothesline+1"],"picked":"SKIP","floor":35},{"not_picked":["Combust","Dual Wield","Wild Strike+1"],"picked":"SKIP","floor":39},{"not_picked":["Sword Boomerang","Infernal Blade+1","Battle Trance"],"picked":"SKIP","floor":41},{"not_picked":["Ghostly Armor+1","Inflame"],"picked":"Iron Wave+1","floor":42},{"not_picked":["Anger","Wild Strike+1","Body Slam"],"picked":"SKIP","floor":47}],"player_experience":117349,"relics_obtained":[{"floor":6,"key":"Lantern"},{"floor":9,"key":"Happy Flower"},{"floor":13,"key":"Pear"},{"floor":23,"key":"Ancient Tea Set"},{"floor":24,"key":"Red Mask"},{"floor":26,"key":"Bronze Scales"},{"floor":29,"key":"Potion Belt"},{"floor":41,"key":"Bottled Tornado"},{"floor":43,"key":"Mummified Hand"},{"floor":46,"key":"Vajra"},{"floor":48,"key":"Peace Pipe"}],"event_choices":[{"damage_healed":0,"gold_gain":0,"player_choice":"Entered Light","damage_taken":16,"max_hp_gain":0,"max_hp_loss":0,"event_name":"Shining Light","floor":2,"gold_loss":0,"cards_upgraded":["Strike_R","Strike_R"]},{"damage_healed":0,"gold_gain":0,"player_choice":"Rummage","damage_taken":0,"relics_obtained":["WarpedTongs"],"max_hp_gain":0,"max_hp_loss":0,"event_name":"Accursed Blacksmith","floor":3,"gold_loss":0,"cards_obtained":["Pain"]},{"damage_healed":0,"gold_gain":0,"cards_transformed":["Strike_R"],"player_choice":"Change","damage_taken":0,"max_hp_gain":0,"max_hp_loss":0,"event_name":"Living Wall","floor":12,"gold_loss":0,"cards_obtained":["Battle Trance"]},{"damage_healed":0,"gold_gain":0,"player_choice":"Obtain J.A.X.","damage_taken":0,"max_hp_gain":0,"max_hp_loss":0,"event_name":"Drug Dealer","floor":21,"gold_loss":0,"cards_obtained":["J.A.X."]},{"damage_healed":0,"gold_gain":0,"player_choice":"Joined the Cult","damage_taken":6,"max_hp_gain":0,"max_hp_loss":0,"event_name":"Nest","floor":22,"gold_loss":0,"cards_obtained":["RitualDagger"]},{"damage_healed":0,"gold_gain":0,"player_choice":"Fought Bandits","damage_taken":0,"max_hp_gain":0,"max_hp_loss":0,"event_name":"Masked Bandits","floor":24,"gold_loss":0},{"damage_healed":30,"gold_gain":0,"player_choice":"Heal","damage_taken":0,"max_hp_gain":0,"max_hp_loss":0,"event_name":"The Library","floor":25,"gold_loss":0},{"damage_healed":0,"gold_gain":222,"player_choice":"Wore Mask","damage_taken":0,"max_hp_gain":0,"max_hp_loss":0,"event_name":"Tomb of Lord Red Mask","floor":36,"gold_loss":0},{"damage_healed":0,"gold_gain":0,"player_choice":"Memory 1","damage_taken":0,"max_hp_gain":0,"max_hp_loss":0,"event_name":"SensoryStone","floor":38,"gold_loss":0},{"damage_healed":0,"gold_gain":0,"player_choice":"Fight","damage_taken":0,"max_hp_gain":0,"max_hp_loss":0,"event_name":"MindBloom","floor":48,"gold_loss":0}],"is_beta":false,"boss_relics":[{"not_picked":["Runic Pyramid","White Beast Statue"],"picked":"Velvet Choker"},{"not_picked":["Tiny House","Empty Cage"],"picked":"Lizard Tail"}],"items_purged_floors":[4,37],"is_endless":false,"potions_floor_spawned":[1,8,16,20,23,24,33,41,42,48],"ascension_level":3}