{"gold_per_floor":[359,371,241,256,256,256,297,241,291,330,330,344,344,362,362,362],"floor_reached":16,"playtime":916,"items_purged":["Strike_B"],"score":220,"play_id":"a690449f-270c-4c84-bfd8-efd30f843ccd","local_time":"20190408170825","is_ascension_mode":true,"campfire_choices":[{"data":"Defragment","floor":6.0,"key":"SMITH"},{"data":"Chaos","floor":13.0,"key":"SMITH"},{"data":"Hologram","floor":15.0,"key":"SMITH"}],"neow_cost":"TEN_PERCENT_HP_LOSS","seed_source_timestamp":9593756534600,"circlet_count":0,"master_deck":["AscendersBane","Strike_B","Strike_B","Strike_B","Defend_B","Defend_B","Defend_B","Defend_B","Zap","Dualcast","Defragment+1","Cold Snap","Hologram+1","Chaos+1","Meteor Strike"],"special_seed":0,"relics":["Cracked Core","Golden Idol","Bag of Marbles","Art of War","Ancient Tea Set"],"potions_floor_usage":[16],"damage_taken":[{"damage":7.0,"enemies":"Jaw Worm","floor":1.0,"turns":3.0},{"damage":0.0,"enemies":"2 Louse","floor":2.0,"turns":1.0},{"damage":14.0,"enemies":"Small Slimes","floor":4.0,"turns":3.0},{"damage":25.0,"enemies":"3 Sentries","floor":7.0,"turns":9.0},{"damage":13.0,"enemies":"Lagavulin","floor":10.0,"turns":8.0},{"damage":6.0,"enemies":"Gremlin Gang","floor":12.0,"turns":3.0},{"damage":3.0,"enemies":"2 Fungi Beasts","floor":14.0,"turns":3.0},{"damage":50,"enemies":"Hexaghost","floor":16,"turns":12}],"seed_played":"-3228768704171855081","potions_obtained":[{"floor":1.0,"key":"SpeedPotion"},{"floor":2.0,"key":"SteroidPotion"},{"floor":4.0,"key":"Fire Potion"},{"floor":14.0,"key":"Weak Potion"}],"is_trial":false,"path_per_floor":["M","M","$","M","?","R","E","?","T","E","?","M","R","M","R","B"],"character_chosen":"DEFECT","items_purchased":["Cold Snap"],"campfire_rested":0,"item_purchase_floors":[3],"current_hp_per_floor":[57,57,57,43,43,43,18,18,18,5,58,52,52,49,49,0],"gold":362,"neow_bonus":"TWO_FIFTY_GOLD","is_prod":false,"is_daily":false,"chose_seed":false,"campfire_upgraded":3,"win_rate":0,"timestamp":1554714505,"path_taken":["M","M","$","M","?","R","E","?","T","E","?","M","R","M","R","BOSS"],"build_version":"2019-04-04","purchased_purges":1,"victory":false,"max_hp_per_floor":[64,64,64,64,58,58,58,58,58,58,58,58,58,58,58,58],"card_choices":[{"not_picked":["Hello World","Redo"],"picked":"Defragment","floor":1.0},{"not_picked":["Compile Driver","Heatsinks"],"picked":"Rip and Tear","floor":2.0},{"not_picked":["Rebound","Barrage","Tempest"],"picked":"SKIP","floor":4.0},{"not_picked":["Rebound","Barrage","Tempest"],"picked":"SKIP","floor":4.0},{"not_picked":["Heatsinks","Turbo"],"picked":"Hologram","floor":7.0},{"not_picked":["Rebound","Static Discharge"],"picked":"Chaos","floor":10.0},{"not_picked":["Auto Shields","Gash"],"picked":"Meteor Strike","floor":12.0},{"not_picked":["Beam Cell","Sweeping Beam","Doom and Gloom"],"picked":"SKIP","floor":14.0}],"player_experience":1365014,"relics_obtained":[{"floor":7.0,"key":"Bag of Marbles"},{"floor":9.0,"key":"Art of War"},{"floor":10.0,"key":"Ancient Tea Set"}],"event_choices":[{"damage_healed":0.0,"max_hp_gain":0.0,"max_hp_loss":6.0,"gold_gain":0.0,"event_name":"Golden Idol","player_choice":"Lose Max HP","floor":5.0,"gold_loss":0.0,"damage_taken":0.0,"relics_obtained":["Golden Idol"]},{"damage_healed":0.0,"max_hp_gain":0.0,"max_hp_loss":0.0,"gold_gain":0.0,"event_name":"World of Goop","player_choice":"Left Gold","floor":8.0,"gold_loss":56.0,"damage_taken":0.0},{"cards_removed":["Rip and Tear"],"damage_healed":53.0,"max_hp_gain":0.0,"max_hp_loss":0.0,"gold_gain":0.0,"event_name":"Bonfire Elementals","player_choice":"Offered Uncommon","floor":11.0,"gold_loss":0.0,"damage_taken":0.0}],"is_beta":true,"boss_relics":[],"items_purged_floors":[3],"is_endless":false,"potions_floor_spawned":[1,2,4,14],"killed_by":"Hexaghost","ascension_level":20}