{"gold_per_floor":[115,125,137,137,62,62,74,102,102,102,102,128,148,148,148,222,222,240,190,210,210,229,229,57,70,70,70,89,89,89,99,99,176,176,187,200,27,41,1040,1040,415,441,441,441,466,46,46,59,59,59,59,59,59,0,35,35],"floor_reached":57,"playtime":4369,"items_purged":["Normality","Normality"],"score":2665,"play_id":"665aca38-6eab-4ff3-9f7f-b90fefaf093e","local_time":"20190413061112","is_ascension_mode":true,"campfire_choices":[{"data":"Inflame","floor":6,"key":"SMITH"},{"data":"Cleave","floor":10,"key":"SMITH"},{"data":"Carnage","floor":15,"key":"SMITH"},{"data":"Feel No Pain","floor":23,"key":"SMITH"},{"data":"Flame Barrier","floor":27,"key":"SMITH"},{"data":"Reckless Charge","floor":30,"key":"SMITH"},{"floor":32,"key":"REST"},{"floor":40,"key":"REST"},{"floor":44,"key":"RECALL"},{"floor":49,"key":"REST"},{"floor":53,"key":"REST"}],"neow_cost":"NONE","seed_source_timestamp":2068667502584900,"circlet_count":0,"master_deck":["AscendersBane","Defend_R","Defend_R","Defend_R","Bash+1","Reckless Charge+1","Inflame+1","Feel No Pain+1","Cleave+1","Carnage+1","Headbutt","Juggernaut+1","Carnage+1","Reckless Charge+1","Intimidate+1","Flame Barrier+1","Shockwave","Feed","Warcry+1","Pummel+1","Feel No Pain+1","Body Slam+1","Shockwave+1","Disarm+1","Corruption","Shrug It Off+1","Shrug It Off+1","True Grit+1","Metallicize","Sentinel+1","Metallicize","Double Tap+1","Havoc+1","Shrug It Off+1","Evolve+1"],"relics":["Burning Blood","Pantograph","Matryoshka","Potion Belt","Lantern","Astrolabe","Red Skull","Anchor","Toxic Egg 2","Fusion Hammer","ClockworkSouvenir","Orichalcum","Pen Nib","Letter Opener","MawBank","Bronze Scales","Pear"],"potions_floor_usage":[8,12,33,38,42,45,51,56,56,56,56],"damage_taken":[{"damage":14,"enemies":"Jaw Worm","floor":1,"turns":5},{"damage":3,"enemies":"2 Louse","floor":2,"turns":3},{"damage":9,"enemies":"Small Slimes","floor":3,"turns":4},{"damage":2,"enemies":"2 Fungi Beasts","floor":7,"turns":3},{"damage":32,"enemies":"Lagavulin","floor":8,"turns":7},{"damage":12,"enemies":"3 Sentries","floor":12,"turns":5},{"damage":0,"enemies":"Exordium Wildlife","floor":13,"turns":2},{"damage":38,"enemies":"Slime Boss","floor":16,"turns":9},{"damage":9,"enemies":"3 Byrds","floor":18,"turns":6},{"damage":19,"enemies":"Shell Parasite","floor":20,"turns":5},{"damage":31,"enemies":"Snecko","floor":22,"turns":6},{"damage":22,"enemies":"Centurion and Healer","floor":25,"turns":4},{"damage":0,"enemies":"Cultist and Chosen","floor":28,"turns":4},{"damage":9,"enemies":"Snake Plant","floor":31,"turns":3},{"damage":53,"enemies":"Automaton","floor":33,"turns":10},{"damage":14,"enemies":"3 Darklings","floor":35,"turns":3},{"damage":13,"enemies":"Orb Walker","floor":36,"turns":4},{"damage":36,"enemies":"Transient","floor":38,"turns":6},{"damage":21,"enemies":"Reptomancer","floor":42,"turns":4},{"damage":1,"enemies":"Giant Head","floor":45,"turns":5},{"damage":17,"enemies":"Sphere and 2 Shapes","floor":48,"turns":5},{"damage":29,"enemies":"Time Eater","floor":50,"turns":12},{"damage":63,"enemies":"Donu and Deca","floor":51,"turns":8},{"damage":77,"enemies":"Shield and Spear","floor":55,"turns":6},{"damage":35,"enemies":"The Heart","floor":56,"turns":9}],"seed_played":"1189853786958945959","potions_obtained":[{"floor":1,"key":"Swift Potion"},{"floor":2,"key":"Poison Potion"},{"floor":16,"key":"BloodPotion"},{"floor":22,"key":"Strength Potion"},{"floor":28,"key":"Explosive Potion"},{"floor":31,"key":"PowerPotion"},{"floor":35,"key":"Swift Potion"},{"floor":48,"key":"Swift Potion"},{"floor":55,"key":"PowerPotion"}],"is_trial":false,"path_per_floor":["M","M","M","?","?","R","M","E","T","R","?","E","M","?","R","B",null,"M","?","M","?","M","R","$","M","T","R","M","?","R","M","R","B",null,"M","M","$","M","?","R","$","E","T","R","E","$","?","M","R","B","B",null,"R","$","E","B",null],"character_chosen":"IRONCLAD","items_purchased":["Red Skull","Corruption","Shrug It Off+1","Weak Potion","Shrug It Off+1","ClockworkSouvenir","True Grit+1","Orichalcum","SteroidPotion","Sentinel+1","Metallicize","Bronze Scales","Strength Potion","Shrug It Off+1"],"campfire_rested":4,"item_purchase_floors":[24,37,37,37,41,41,41,41,41,46,46,46,46,54],"current_hp_per_floor":[67,70,67,67,67,67,71,45,45,45,38,32,38,38,38,31,69,66,66,53,53,28,28,28,12,12,12,21,21,21,18,43,21,69,61,57,57,27,27,53,53,38,38,38,43,43,43,35,62,64,35,79,94,94,33,29],"gold":35,"neow_bonus":"TEN_PERCENT_HP_BONUS","is_prod":false,"is_daily":false,"chose_seed":false,"campfire_upgraded":6,"win_rate":0,"timestamp":1555132272,"path_taken":["M","M","M","?","?","R","M","E","T","R","?","E","M","?","R","BOSS","M","?","?","?","M","R","$","M","T","R","?","?","R","M","R","BOSS","M","?","$","M","?","R","$","E","T","R","E","$","?","M","R","BOSS","BOSS","R","$","E","BOSS"],"build_version":"2019-01-23","purchased_purges":2,"victory":true,"max_hp_per_floor":[82,82,82,82,82,82,82,82,82,82,82,82,82,82,82,82,82,82,82,82,82,82,82,82,82,82,82,85,85,85,85,85,85,85,85,88,88,88,88,88,88,88,88,88,88,88,88,91,91,91,94,94,94,94,104,104],"card_choices":[{"not_picked":["Dropkick","Battle Trance"],"picked":"Reckless Charge","floor":1},{"not_picked":["Intimidate","Clothesline"],"picked":"Inflame","floor":2},{"not_picked":["Perfected Strike","Heavy Blade","Clothesline"],"picked":"SKIP","floor":3},{"not_picked":["Body Slam","Whirlwind"],"picked":"Feel No Pain","floor":7},{"not_picked":["Dark Embrace","Body Slam"],"picked":"Cleave","floor":8},{"not_picked":["Body Slam","Second Wind"],"picked":"Carnage","floor":12},{"not_picked":["Cleave","Searing Blow"],"picked":"Headbutt","floor":13},{"not_picked":["Exhume","Demon Form"],"picked":"Juggernaut","floor":16},{"not_picked":["Armaments","Whirlwind"],"picked":"Flame Barrier","floor":18},{"not_picked":["Thunderclap","Disarm"],"picked":"Shockwave","floor":20},{"not_picked":["Anger","Cleave"],"picked":"Warcry+1","floor":22},{"not_picked":["Battle Trance","Dual Wield"],"picked":"Pummel+1","floor":25},{"not_picked":["Rupture","Spot Weakness+1"],"picked":"Feel No Pain","floor":28},{"not_picked":["Warcry+1","Anger"],"picked":"Body Slam+1","floor":31},{"not_picked":["Thunderclap+1","Flex+1"],"picked":"Shockwave+1","floor":35},{"not_picked":["Warcry+1","Pommel Strike"],"picked":"Disarm+1","floor":36},{"not_picked":["Rupture","Flex+1","Wild Strike"],"picked":"SKIP","floor":38},{"not_picked":["Sword Boomerang","Immolate","Body Slam"],"picked":"SKIP","floor":42},{"not_picked":["Sentinel+1","Ghostly Armor+1"],"picked":"Metallicize","floor":45},{"not_picked":["Anger","Pommel Strike+1"],"picked":"Havoc+1","floor":48},{"not_picked":["Searing Blow","Hemokinesis+1"],"picked":"Evolve+1","floor":55}],"player_experience":2701754,"relics_obtained":[{"floor":8,"key":"Pantograph"},{"floor":9,"key":"Matryoshka"},{"floor":12,"key":"Potion Belt"},{"floor":26,"key":"Anchor"},{"floor":26,"key":"Toxic Egg 2"},{"floor":42,"key":"Pen Nib"},{"floor":43,"key":"Letter Opener"},{"floor":45,"key":"MawBank"},{"floor":55,"key":"Pear"}],"event_choices":[{"damage_healed":0,"gold_gain":0,"player_choice":"Grow","damage_taken":0,"max_hp_gain":0,"max_hp_loss":0,"event_name":"Living Wall","floor":4,"gold_loss":0,"cards_upgraded":["Bash"]},{"cards_removed":["Strike_R"],"damage_healed":0,"gold_gain":0,"player_choice":"Card Removal","damage_taken":0,"max_hp_gain":0,"max_hp_loss":0,"event_name":"The Cleric","floor":5,"gold_loss":75},{"cards_removed":["Strike_R"],"damage_healed":0,"gold_gain":0,"player_choice":"Card Removal","damage_taken":7,"max_hp_gain":0,"max_hp_loss":0,"event_name":"Golden Wing","floor":11,"gold_loss":0},{"damage_healed":0,"gold_gain":0,"player_choice":"Searched \u00271\u0027 times","damage_taken":0,"relics_obtained":["Lantern"],"max_hp_gain":0,"max_hp_loss":0,"event_name":"Dead Adventurer","floor":14,"gold_loss":0},{"damage_healed":0,"gold_gain":0,"player_choice":"Upgrade","damage_taken":0,"max_hp_gain":0,"max_hp_loss":0,"event_name":"Designer","floor":19,"gold_loss":50,"cards_upgraded":["Juggernaut"]},{"damage_healed":0,"gold_gain":0,"cards_transformed":["Defend_R"],"player_choice":"Transformed","damage_taken":0,"max_hp_gain":0,"max_hp_loss":0,"event_name":"Transmorgrifier","floor":21,"gold_loss":0,"cards_obtained":["Feed"]},{"damage_healed":0,"gold_gain":0,"player_choice":"Forge","damage_taken":0,"max_hp_gain":0,"max_hp_loss":0,"event_name":"Accursed Blacksmith","floor":29,"gold_loss":0,"cards_upgraded":["Feel No Pain"]},{"damage_healed":0,"gold_gain":999,"player_choice":"Gold","damage_taken":0,"max_hp_gain":0,"max_hp_loss":0,"event_name":"MindBloom","floor":39,"gold_loss":0,"cards_obtained":["Normality","Normality"]},{"damage_healed":0,"gold_gain":0,"player_choice":"1 cards matched","damage_taken":0,"max_hp_gain":0,"max_hp_loss":0,"event_name":"Match and Keep!","floor":47,"gold_loss":0,"cards_obtained":["Double Tap"]}],"is_beta":false,"boss_relics":[{"not_picked":["Lizard Tail","Cursed Key"],"picked":"Astrolabe"},{"not_picked":["Empty Cage","Eternal Feather"],"picked":"Fusion Hammer"}],"items_purged_floors":[41,46],"is_endless":false,"potions_floor_spawned":[1,2,16,22,28,31,35,48,55],"ascension_level":20}