{"gold_per_floor":[113,113,127,146,146,181,181,194,218,239,239,254,254,278,278,409,409,424,424,447,471,471,471,486,507,507,186,186,201,201,214,214,333,333,356,356,356,206,206],"floor_reached":39,"playtime":2801,"items_purged":["Defend_B"],"score":440,"play_id":"512b4238-fbc0-4426-ba7f-df3c4b846fa5","local_time":"20190409225946","is_ascension_mode":true,"campfire_choices":[{"floor":7.0,"key":"REST"},{"floor":13.0,"key":"REST"},{"data":"Chill","floor":15.0,"key":"SMITH"},{"floor":23.0,"key":"REST"},{"floor":28.0,"key":"REST"},{"floor":30.0,"key":"REST"},{"floor":32.0,"key":"REST"}],"neow_cost":"NONE","seed_source_timestamp":40082009256573,"circlet_count":0,"master_deck":["Strike_B+1","Strike_B","Defend_B","Defend_B","Zap","Dualcast","Auto Shields+1","Hyperbeam+1","Auto Shields+1","Sweeping Beam","Darkness+1","Zap+1","Leap","Go for the Eyes","Chill+1","Beam Cell+1","FTL","Echo Form+1","Rip and Tear","Sweeping Beam+1","Undo+1","Seek","Ball Lightning+1","Reinforced Body+1","Conserve Battery","All For One","Conserve Battery+1","Madness","Madness"],"special_seed":0,"relics":["Astrolabe","Golden Idol","Dream Catcher","Lantern","War Paint","Nuclear Battery","StoneCalendar","Bottled Lightning","Sozu","Bag of Preparation"],"potions_floor_usage":[33],"damage_taken":[{"damage":0.0,"enemies":"2 Louse","floor":1.0,"turns":1.0},{"damage":0.0,"enemies":"Cultist","floor":3.0,"turns":2.0},{"damage":0.0,"enemies":"Jaw Worm","floor":4.0,"turns":2.0},{"damage":15.0,"enemies":"3 Sentries","floor":6.0,"turns":3.0},{"damage":13.0,"enemies":"Large Slime","floor":8.0,"turns":6.0},{"damage":3.0,"enemies":"Looter","floor":10.0,"turns":3.0},{"damage":0.0,"enemies":"Exordium Wildlife","floor":12.0,"turns":2.0},{"damage":10.0,"enemies":"The Guardian","floor":16.0,"turns":11.0},{"damage":16.0,"enemies":"Chosen","floor":18.0,"turns":5.0},{"damage":13.0,"enemies":"2 Thieves","floor":20.0,"turns":4.0},{"damage":11.0,"enemies":"Snecko","floor":21.0,"turns":3.0},{"damage":12.0,"enemies":"Centurion and Healer","floor":24.0,"turns":8.0},{"damage":21.0,"enemies":"Snake Plant","floor":25.0,"turns":4.0},{"damage":2.0,"enemies":"Cultist and Chosen","floor":29.0,"turns":5.0},{"damage":2.0,"enemies":"Centurion and Healer","floor":31.0,"turns":4.0},{"damage":39,"enemies":"Automaton","floor":33,"turns":9},{"damage":0,"enemies":"3 Shapes","floor":35,"turns":3},{"damage":68,"enemies":"2 Orb Walkers","floor":39,"turns":6}],"seed_played":"316939352574855210","potions_obtained":[{"floor":3.0,"key":"SpeedPotion"},{"floor":6.0,"key":"SteroidPotion"},{"floor":8.0,"key":"GamblersBrew"},{"floor":10.0,"key":"FocusPotion"},{"floor":24.0,"key":"Strength Potion"},{"floor":25.0,"key":"Fire Potion"},{"floor":33,"key":"Swift Potion"}],"is_trial":false,"path_per_floor":["M","?","M","M","?","E","R","M","T","M","?","M","R","T","R","B",null,"M","?","M","M","?","R","M","M","T","$","R","M","R","M","R","B",null,"M","?","?","$","?"],"character_chosen":"DEFECT","items_purchased":["Bottled Lightning","Bag of Preparation"],"campfire_rested":6,"item_purchase_floors":[27,38],"current_hp_per_floor":[75,75,75,75,75,60,75,62,62,59,44,44,66,66,66,56,75,59,59,46,35,35,57,45,24,24,24,46,44,66,64,75,36,75,75,75,66,66,0],"gold":206,"neow_bonus":"BOSS_RELIC","is_prod":false,"is_daily":false,"chose_seed":false,"campfire_upgraded":1,"win_rate":0,"timestamp":1554847186,"path_taken":["M","?","M","?","?","E","R","M","T","M","?","M","R","?","R","BOSS","M","?","M","M","?","R","M","?","T","$","R","M","R","M","R","BOSS","M","?","?","?","?"],"build_version":"2019-01-23","purchased_purges":1,"victory":false,"max_hp_per_floor":[75,75,75,75,75,75,75,75,75,75,75,75,75,75,75,75,75,75,75,75,75,75,75,75,75,75,75,75,75,75,75,75,75,75,75,75,75,75,75],"card_choices":[{"not_picked":["Coolheaded","Rebound"],"picked":"Sweeping Beam","floor":1.0},{"not_picked":["Skim","Rebound"],"picked":"Leap","floor":3.0},{"not_picked":["Compile Driver","Leap"],"picked":"Go for the Eyes","floor":4.0},{"not_picked":["Force Field","Gash","Hologram"],"picked":"SKIP","floor":6.0},{"not_picked":["Hologram","Barrage"],"picked":"Chill","floor":8.0},{"not_picked":["Glacier","Blizzard"],"picked":"Beam Cell","floor":10.0},{"not_picked":["Double Energy","Compile Driver"],"picked":"FTL","floor":12.0},{"not_picked":["Creative AI","Buffer"],"picked":"Echo Form","floor":16.0},{"not_picked":["Stack","Redo"],"picked":"Rip and Tear","floor":18.0},{"not_picked":["Streamline","Barrage"],"picked":"Sweeping Beam+1","floor":20.0},{"not_picked":["Go for the Eyes","Hologram"],"picked":"Undo+1","floor":21.0},{"not_picked":["Beam Cell","Auto Shields"],"picked":"Seek","floor":23.0},{"not_picked":["Hologram+1","Aggregate","Steam"],"picked":"SKIP","floor":24.0},{"not_picked":["Sweeping Beam","Genetic Algorithm+1"],"picked":"Ball Lightning+1","floor":25.0},{"not_picked":["Turbo+1","Rebound","Redo"],"picked":"SKIP","floor":29.0},{"not_picked":["Rainbow","Blizzard"],"picked":"Reinforced Body+1","floor":30.0},{"not_picked":["Leap","Hello World+1","Force Field+1"],"picked":"SKIP","floor":31.0},{"not_picked":["FTL+1","Cold Snap"],"picked":"Conserve Battery","floor":32.0},{"not_picked":["Seek","Echo Form"],"picked":"All For One","floor":33},{"not_picked":["Hologram+1","Steam"],"picked":"Conserve Battery+1","floor":35}],"player_experience":551035,"relics_obtained":[{"floor":6.0,"key":"Dream Catcher"},{"floor":9.0,"key":"Lantern"},{"floor":14.0,"key":"War Paint"},{"floor":26.0,"key":"StoneCalendar"}],"event_choices":[{"damage_healed":0.0,"max_hp_gain":0.0,"max_hp_loss":0.0,"gold_gain":0.0,"event_name":"Match and Keep!","player_choice":"2 cards matched","floor":2.0,"gold_loss":0.0,"damage_taken":0.0,"cards_obtained":["Darkness","Zap"]},{"damage_healed":0.0,"max_hp_gain":0.0,"max_hp_loss":0.0,"gold_gain":0.0,"event_name":"Golden Idol","player_choice":"Take Wound","floor":5.0,"gold_loss":0.0,"damage_taken":0.0,"relics_obtained":["Golden Idol"],"cards_obtained":["Injury"]},{"damage_healed":0.0,"max_hp_gain":0.0,"max_hp_loss":0.0,"gold_gain":0.0,"event_name":"Shining Light","player_choice":"Entered Light","floor":11.0,"gold_loss":0.0,"damage_taken":15.0,"cards_upgraded":["Beam Cell","Strike_B"]},{"cards_removed":["Injury"],"damage_healed":0.0,"max_hp_gain":0.0,"max_hp_loss":0.0,"gold_gain":0.0,"event_name":"Back to Basics","player_choice":"Elegance","floor":19.0,"gold_loss":0.0,"damage_taken":0.0},{"damage_healed":0.0,"max_hp_gain":0.0,"max_hp_loss":0.0,"gold_gain":0.0,"event_name":"Upgrade Shrine","player_choice":"Upgraded","floor":22.0,"gold_loss":0.0,"damage_taken":0.0,"cards_upgraded":["Echo Form"]},{"damage_healed":0,"gold_gain":0,"player_choice":"Ignored","damage_taken":0,"max_hp_gain":0,"max_hp_loss":0,"event_name":"Tomb of Lord Red Mask","floor":36,"gold_loss":0},{"damage_healed":0,"gold_gain":0,"player_choice":"Embrace Madness","damage_taken":9,"max_hp_gain":0,"max_hp_loss":0,"event_name":"Winding Halls","floor":37,"gold_loss":0,"cards_obtained":["Madness","Madness"]},{"damage_healed":0,"gold_gain":0,"player_choice":"Fight","damage_taken":0,"max_hp_gain":0,"max_hp_loss":0,"event_name":"Mysterious Sphere","floor":39,"gold_loss":0}],"is_beta":false,"boss_relics":[{"not_picked":["Empty Cage","White Beast Statue"],"picked":"Nuclear Battery"},{"not_picked":["Eternal Feather","Busted Crown"],"picked":"Sozu"}],"items_purged_floors":[27],"is_endless":false,"potions_floor_spawned":[3,6,8,10,24,25,29,33],"killed_by":"2 Orb Walkers","ascension_level":3}