{"gold_per_floor":[113,74,84,64,76,110,110,185,185,185,150,160,193,31,31,105,105,117,217,234,234,159,159,179,93,93,93,118,118,39,55,55,132,132,147,161,61,79,95,126,1,29,29,58,58,72,372,382,382,382,382,382,382,34,65,65],"floor_reached":57,"playtime":4365,"items_purged":["Strike_G","Well Laid Plans","Eviscerate","Deflect"],"score":3561,"play_id":"071fc257-3f07-4364-a8f5-121a763ef962","local_time":"20190404003245","is_ascension_mode":true,"campfire_choices":[{"data":"Acrobatics","floor":7.0,"key":"SMITH"},{"data":"Flechettes","floor":10.0,"key":"SMITH"},{"data":"Neutralize","floor":15.0,"key":"SMITH"},{"data":"Concentrate","floor":23.0,"key":"SMITH"},{"data":"Tactician","floor":27.0,"key":"SMITH"},{"data":"Tactician","floor":32.0,"key":"SMITH"},{"data":"Well Laid Plans","floor":45,"key":"SMITH"},{"floor":49,"key":"RECALL"},{"data":"Backflip","floor":53,"key":"SMITH"}],"neow_cost":"NONE","seed_source_timestamp":4486100374000,"circlet_count":0,"master_deck":["AscendersBane","Survivor","Neutralize+1","Crippling Poison","Flechettes+1","Well Laid Plans+1","Concentrate+1","Acrobatics+1","Malaise","After Image","Backflip+1","Caltrops","Infinite Blades","Tactician+1","Reflex+1","Calculated Gamble+1","Escape Plan+1","Master of Strategy+1"],"special_seed":0,"relics":["Ring of the Snake","NeowsBlessing","Singing Bowl","Pantograph","Bag of Marbles","Pandora\u0027s Box","Mango","Toxic Egg 2","Gambling Chip","Oddly Smooth Stone","Ninja Scroll","Sozu","Happy Flower","Dodecahedron","Bottled Lightning","Torii"],"potions_floor_usage":[50],"damage_taken":[{"damage":0.0,"enemies":"Cultist","floor":1.0,"turns":1.0},{"damage":0.0,"enemies":"Small Slimes","floor":3.0,"turns":1.0},{"damage":0.0,"enemies":"Jaw Worm","floor":5.0,"turns":1.0},{"damage":19.0,"enemies":"3 Sentries","floor":6.0,"turns":14.0},{"damage":3.0,"enemies":"Blue Slaver","floor":12.0,"turns":3.0},{"damage":35.0,"enemies":"Lagavulin","floor":13.0,"turns":9.0},{"damage":16.0,"enemies":"The Guardian","floor":16.0,"turns":18.0},{"damage":6.0,"enemies":"3 Byrds","floor":18.0,"turns":4.0},{"damage":4.0,"enemies":"Colosseum Slavers","floor":19.0,"turns":5.0},{"damage":22.0,"enemies":"Colosseum Nobs","floor":19.0,"turns":5.0},{"damage":1.0,"enemies":"Chosen","floor":20.0,"turns":7.0},{"damage":2.0,"enemies":"Snake Plant","floor":24.0,"turns":5.0},{"damage":0.0,"enemies":"Gremlin Leader","floor":28.0,"turns":3.0},{"damage":0.0,"enemies":"Cultist and Chosen","floor":31.0,"turns":3.0},{"damage":0.0,"enemies":"Automaton","floor":33.0,"turns":2.0},{"damage":0,"enemies":"Orb Walker","floor":35,"turns":1},{"damage":0,"enemies":"3 Shapes","floor":36,"turns":2},{"damage":0,"enemies":"Spire Growth","floor":38,"turns":2},{"damage":1,"enemies":"4 Shapes","floor":39,"turns":3},{"damage":0,"enemies":"Giant Head","floor":40,"turns":2},{"damage":0,"enemies":"Reptomancer","floor":42,"turns":2},{"damage":0,"enemies":"Giant Head","floor":44,"turns":2},{"damage":0,"enemies":"Writhing Mass","floor":46,"turns":2},{"damage":0,"enemies":"Sphere and 2 Shapes","floor":48,"turns":2},{"damage":0,"enemies":"Time Eater","floor":50,"turns":6},{"damage":0,"enemies":"Donu and Deca","floor":51,"turns":1},{"damage":0,"enemies":"Shield and Spear","floor":55,"turns":1},{"damage":28,"enemies":"The Heart","floor":56,"turns":5}],"seed_played":"2649870981277477913","potions_obtained":[{"floor":1.0,"key":"SkillPotion"},{"floor":4.0,"key":"SteroidPotion"},{"floor":18.0,"key":"GamblersBrew"},{"floor":19.0,"key":"Fire Potion"},{"floor":28.0,"key":"Dexterity Potion"},{"floor":33.0,"key":"Energy Potion"}],"is_trial":false,"path_per_floor":["M","$","M","?","M","E","R","?","T","R","?","M","E","$","R","B",null,"M","?","M","?","?","R","M","$","T","R","E","?","$","M","R","B",null,"M","M","$","M","M","E","$","E","T","E","R","M","?","M","R","B","B",null,"R","$","E","B",null],"character_chosen":"THE_SILENT","items_purchased":["Flechettes","Tactician","Reflex+1","Calculated Gamble+1","Master of Strategy+1"],"campfire_rested":0,"item_purchase_floors":[2,14,25,30,54],"current_hp_per_floor":[59,59,59,59,59,40,40,29,29,29,45,44,11,11,11,20,58,54,44,45,45,45,45,45,45,45,45,47,47,47,49,49,76,93,95,97,97,99,100,100,100,102,102,104,104,106,106,108,108,114,114,114,114,114,116,88],"gold":65,"neow_bonus":"THREE_ENEMY_KILL","is_prod":false,"is_daily":false,"chose_seed":false,"campfire_upgraded":8,"win_rate":0,"timestamp":1554309165,"path_taken":["M","$","M","?","?","E","R","?","T","R","?","M","E","$","R","BOSS","M","?","M","?","?","R","M","$","T","R","E","?","$","?","R","BOSS","M","?","?","M","M","E","?","E","T","E","R","M","?","?","R","BOSS","BOSS","R","$","E","BOSS"],"build_version":"2019-01-23","purchased_purges":4,"victory":true,"max_hp_per_floor":[66,66,66,66,66,66,66,66,66,66,66,68,70,70,70,70,70,72,88,90,90,90,90,92,92,92,92,94,94,94,96,96,98,98,100,102,102,104,106,106,106,108,108,110,110,112,112,114,114,114,114,114,114,114,116,116],"card_choices":[{"not_picked":["Dagger Throw","Dagger Spray"],"picked":"Crippling Poison","floor":1.0},{"not_picked":["Blade Dance","Caltrops"],"picked":"Well Laid Plans","floor":3.0},{"not_picked":["Well Laid Plans","Deflect"],"picked":"Concentrate","floor":5.0},{"not_picked":["Distraction","Flying Knee"],"picked":"Acrobatics","floor":6.0},{"not_picked":["Cloak And Dagger","Prepared","All Out Attack"],"picked":"Singing Bowl","floor":12.0},{"not_picked":["Bullet Time","Accuracy","Setup"],"picked":"Singing Bowl","floor":13.0},{"not_picked":["Die Die Die","Bullet Time"],"picked":"Malaise","floor":16.0},{"not_picked":["Quick Slash","Cloak And Dagger","Infinite Blades"],"picked":"Singing Bowl","floor":18.0},{"not_picked":["Well Laid Plans","Quick Slash","Crippling Poison"],"picked":"Singing Bowl","floor":19.0},{"not_picked":["Cloak And Dagger+1","Flying Knee","Poisoned Stab"],"picked":"Singing Bowl","floor":20.0},{"not_picked":["Slice","Dagger Throw","PiercingWail+1"],"picked":"Singing Bowl","floor":24.0},{"not_picked":["Poisoned Stab","Endless Agony","Dagger Spray"],"picked":"Singing Bowl","floor":28.0},{"not_picked":["Noxious Fumes+1","Deflect+1","Doppelganger+1"],"picked":"Singing Bowl","floor":31.0},{"not_picked":["Burst+1","Malaise+1","Glass Knife"],"picked":"Singing Bowl","floor":33.0},{"not_picked":["Backflip+1","Leg Sweep+1","Dagger Spray+1"],"picked":"Singing Bowl","floor":35},{"not_picked":["PiercingWail+1","Caltrops","Burst+1"],"picked":"Singing Bowl","floor":36},{"not_picked":["Riddle With Holes","Accuracy+1","Sucker Punch+1"],"picked":"Singing Bowl","floor":38},{"not_picked":["Terror+1","Tactician+1","Predator"],"picked":"Singing Bowl","floor":39},{"not_picked":["Sucker Punch+1","Cloak And Dagger+1"],"picked":"Escape Plan+1","floor":40},{"not_picked":["Leg Sweep+1","Well Laid Plans","Accuracy"],"picked":"Singing Bowl","floor":42},{"not_picked":["Flying Knee+1","Outmaneuver+1","Dagger Throw"],"picked":"Singing Bowl","floor":44},{"not_picked":["Slice+1","Blade Dance+1","Heel Hook"],"picked":"Singing Bowl","floor":46},{"not_picked":["Choke","Dodge and Roll+1","PiercingWail+1"],"picked":"Singing Bowl","floor":48},{"not_picked":["Die Die Die","Predator","Blade Dance+1"],"picked":"Singing Bowl","floor":55}],"player_experience":2919698,"relics_obtained":[{"floor":6.0,"key":"Singing Bowl"},{"floor":9.0,"key":"Pantograph"},{"floor":13.0,"key":"Bag of Marbles"},{"floor":19.0,"key":"Mango"},{"floor":19.0,"key":"Toxic Egg 2"},{"floor":26.0,"key":"Gambling Chip"},{"floor":28.0,"key":"Oddly Smooth Stone"},{"floor":40,"key":"Happy Flower"},{"floor":42,"key":"Dodecahedron"},{"floor":44,"key":"Bottled Lightning"},{"floor":55,"key":"Torii"}],"event_choices":[{"damage_healed":0.0,"max_hp_gain":0.0,"max_hp_loss":0.0,"gold_gain":0.0,"event_name":"The Woman in Blue","player_choice":"Bought 1 Potion","floor":4.0,"gold_loss":0.0,"damage_taken":0.0},{"damage_healed":0.0,"max_hp_gain":0.0,"max_hp_loss":0.0,"gold_gain":75.0,"event_name":"World of Goop","player_choice":"Gather Gold","floor":8.0,"gold_loss":0.0,"damage_taken":11.0},{"damage_healed":16.0,"max_hp_gain":0.0,"max_hp_loss":0.0,"gold_gain":0.0,"event_name":"The Cleric","player_choice":"Healed","floor":11.0,"gold_loss":35.0,"damage_taken":0.0},{"damage_healed":0.0,"max_hp_gain":0.0,"max_hp_loss":0.0,"gold_gain":0.0,"event_name":"Colosseum","player_choice":"Fight","floor":19.0,"gold_loss":0.0,"damage_taken":0.0},{"damage_healed":0.0,"max_hp_gain":0.0,"max_hp_loss":0.0,"gold_gain":0.0,"event_name":"Colosseum","player_choice":"Fought Nobs","floor":19.0,"gold_loss":0.0,"damage_taken":0.0},{"damage_healed":0.0,"max_hp_gain":0.0,"max_hp_loss":0.0,"gold_gain":0.0,"event_name":"Vampires","player_choice":"Ignored","floor":21.0,"gold_loss":0.0,"damage_taken":0.0},{"cards_removed":["Quick Slash"],"damage_healed":0.0,"max_hp_gain":0.0,"max_hp_loss":0.0,"gold_gain":0.0,"event_name":"Beggar","player_choice":"Gave Gold","floor":22.0,"gold_loss":75.0,"damage_taken":0.0},{"cards_removed":["Tactician"],"damage_healed":0.0,"max_hp_gain":0.0,"max_hp_loss":0.0,"gold_gain":0.0,"event_name":"WeMeetAgain","player_choice":"Gave Card","floor":29.0,"gold_loss":0.0,"damage_taken":0.0,"relics_obtained":["Ninja Scroll"]},{"damage_healed":0,"gold_gain":300,"player_choice":"Gold","damage_taken":0,"max_hp_gain":0,"max_hp_loss":0,"event_name":"Wheel of Change","floor":47,"gold_loss":0}],"is_beta":false,"boss_relics":[{"not_picked":["Tiny House","Ring of the Serpent"],"picked":"Pandora\u0027s Box"},{"not_picked":["White Beast Statue","Astrolabe"],"picked":"Sozu"}],"items_purged_floors":[14,37,41,54],"is_endless":false,"potions_floor_spawned":[1,5,18,19,28,33,36,38,39,46],"ascension_level":20}