{"gold_per_floor":[115,132,132,132,156,156,199,199,199,234,259,274,449,468,468,592,592,612,625,37,37,58,58,81,121,194,233,252,252],"floor_reached":29,"playtime":1813,"items_purged":[],"score":302,"play_id":"213b40a0-f74f-4665-877e-4c92f1b07c3d","local_time":"25610715003515","is_ascension_mode":false,"campfire_choices":[{"data":"Clothesline","floor":6,"key":"SMITH"},{"data":"Bash","floor":8,"key":"SMITH"},{"data":"Rampage","floor":15,"key":"SMITH"},{"data":"Feed","floor":23,"key":"SMITH"}],"neow_cost":"","seed_source_timestamp":0,"circlet_count":0,"master_deck":["Strike_R","Strike_R","Strike_R","Strike_R","Strike_R","Defend_R","Defend_R","Defend_R","Defend_R","Bash+1","Rage","Perfected Strike","Clothesline+1","Shrug It Off+1","Double Tap+1","Flex+1","Rampage+1","Doubt","Shrug It Off+1","Bludgeon","Flex+1","Heavy Blade","Apotheosis+1","Feed+1","Battle Trance+1","Offering+1","Flex+1"],"special_seed":17726,"relics":["Burning Blood","Ice Cream","Golden Idol","Toxic Egg 2","Mercury Hourglass","Orichalcum","Black Star","Ginger","Pantograph","Shuriken","Bottled Flame","Pear","Kunai"],"potions_floor_usage":[16,18,19,25,27,29],"damage_taken":[{"damage":6,"enemies":"2 Louse","floor":1,"turns":3},{"damage":2,"enemies":"Small Slimes","floor":2,"turns":5},{"damage":1,"enemies":"Cultist","floor":5,"turns":4},{"damage":18,"enemies":"Lagavulin","floor":7,"turns":7},{"damage":21,"enemies":"Gremlin Nob","floor":10,"turns":4},{"damage":0,"enemies":"Large Slime","floor":11,"turns":4},{"damage":0,"enemies":"2 Fungi Beasts","floor":12,"turns":1},{"damage":1,"enemies":"Gremlin Gang","floor":14,"turns":5},{"damage":32,"enemies":"The Guardian","floor":16,"turns":10},{"damage":18,"enemies":"Spheric Guardian","floor":18,"turns":4},{"damage":13,"enemies":"Shell Parasite","floor":19,"turns":7},{"damage":16,"enemies":"Cultist and Chosen","floor":22,"turns":5},{"damage":22,"enemies":"Slaver and Parasite","floor":24,"turns":6},{"damage":9,"enemies":"Gremlin Leader","floor":25,"turns":5},{"damage":21,"enemies":"Book of Stabbing","floor":27,"turns":5},{"damage":25,"enemies":"Centurion and Healer","floor":28,"turns":6},{"damage":31,"enemies":"Slavers","floor":29,"turns":4}],"seed_played":"-1557900698408723444","potions_obtained":[{"floor":1,"key":"Strength Potion"},{"floor":5,"key":"SmokeBomb"},{"floor":14,"key":"Poison Potion"},{"floor":16,"key":"Regen Potion"},{"floor":22,"key":"EssenceOfSteel"},{"floor":24,"key":"Strength Potion"},{"floor":28,"key":"SteroidPotion"}],"is_trial":false,"path_per_floor":["M","M","?","?","M","R","E","R","T","E","M","M","?","M","R","B",null,"M","M","$","?","M","R","M","E","T","E","M"],"character_chosen":"IRONCLAD","items_purchased":["Ginger","Apotheosis+1","Feed"],"campfire_rested":0,"item_purchase_floors":[20,20,20],"current_hp_per_floor":[80,80,73,53,58,58,46,46,46,31,37,43,43,48,48,22,80,68,76,76,76,66,66,50,51,51,46,27,0],"gold":252,"neow_bonus":"","is_prod":false,"is_daily":false,"chose_seed":false,"campfire_upgraded":4,"win_rate":0.0,"timestamp":1531589715,"path_taken":["M","M","?","?","M","R","E","R","T","E","M","M","?","?","R","BOSS","M","M","$","?","M","R","M","E","T","E","M","E"],"build_version":"2018-07-12","purchased_purges":0,"victory":false,"max_hp_per_floor":[80,80,80,80,80,80,80,80,80,80,80,80,80,80,80,80,80,80,80,80,80,80,80,80,84,84,94,94,98],"card_choices":[{"not_picked":["Dropkick","Ghostly Armor"],"picked":"Rage","floor":1},{"not_picked":["True Grit","Iron Wave"],"picked":"Perfected Strike","floor":2},{"not_picked":["Pummel","Clash"],"picked":"Clothesline","floor":5},{"not_picked":["Rupture","True Grit"],"picked":"Shrug It Off","floor":7},{"not_picked":["Heavy Blade","Clothesline"],"picked":"Double Tap+1","floor":10},{"not_picked":["Twin Strike","Feel No Pain"],"picked":"Flex+1","floor":11},{"not_picked":["Clothesline","Thunderclap"],"picked":"Rampage","floor":12},{"not_picked":["Twin Strike","Clothesline"],"picked":"Shrug It Off+1","floor":14},{"not_picked":["Fiend Fire","Brutality"],"picked":"Bludgeon","floor":16},{"not_picked":["True Grit+1","Thunderclap+1"],"picked":"Flex+1","floor":18},{"not_picked":["Body Slam","Carnage"],"picked":"Heavy Blade","floor":19},{"not_picked":["Heavy Blade","Burning Pact+1"],"picked":"Battle Trance+1","floor":22},{"not_picked":["Heavy Blade","Shrug It Off+1"],"picked":"Offering+1","floor":24},{"not_picked":["Berserk","Clothesline+1","Thunderclap+1"],"picked":"SKIP","floor":25},{"not_picked":["Warcry+1","Shrug It Off+1"],"picked":"Flex+1","floor":27},{"not_picked":["Carnage","Sword Boomerang","Blood for Blood"],"picked":"SKIP","floor":28}],"player_experience":7275,"relics_obtained":[{"floor":7,"key":"Toxic Egg 2"},{"floor":9,"key":"Mercury Hourglass"},{"floor":10,"key":"Orichalcum"},{"floor":25,"key":"Pantograph"},{"floor":25,"key":"Shuriken"},{"floor":26,"key":"Bottled Flame"},{"floor":27,"key":"Pear"},{"floor":27,"key":"Kunai"}],"event_choices":[{"event_name":"Scrap Ooze","player_choice":"success","floor":3,"damage_taken":7},{"event_name":"Golden Idol","player_choice":"Take Damage","floor":4,"damage_taken":0},{"event_name":"Liars Game","player_choice":"agreed","floor":13,"damage_taken":0},{"event_name":"Drug Dealer","player_choice":"Ignored","floor":21,"damage_taken":0}],"boss_relics":[{"not_picked":["Ectoplasm","Coffee Dripper"],"picked":"Black Star"}],"items_purged_floors":[],"is_endless":false,"potions_floor_spawned":[1,5,14,16,22,24,28],"killed_by":"Slavers","ascension_level":0}