{"gold_per_floor":[119,134,150,150,161,181,209,226,226,226,301,21,33,50,50,152,152,164,174,174],"floor_reached":20,"playtime":1328,"items_purged":["Injury"],"score":180,"play_id":"b8c5edd7-9ecd-4628-bd03-7fb7bfd0e051","local_time":"25610717173232","is_ascension_mode":false,"campfire_choices":[{"floor":15,"key":"REST"}],"neow_cost":"CURSE","seed_source_timestamp":22952568235143,"circlet_count":0,"master_deck":["Defend_G","Defend_G","Defend_G","Defend_G","Strike_G","Strike_G","Strike_G","Strike_G","Survivor","Neutralize","Finisher","PiercingWail","Sucker Punch","Choke","Backflip","Prepared","Dodge and Roll","Bullet Time+1","Dodge and Roll+1","Prepared+1","Die Die Die","Quick Slash+1"],"relics":["Ring of the Snake","Unceasing Top","Toxic Egg 2","Singing Bowl","TheAbacus","Busted Crown"],"potions_floor_usage":[5,5,16,16],"damage_taken":[{"damage":2,"enemies":"Cultist","floor":1,"turns":4},{"damage":11,"enemies":"Jaw Worm","floor":2,"turns":3},{"damage":1,"enemies":"2 Louse","floor":3,"turns":3},{"damage":0,"enemies":"Looter","floor":5,"turns":2},{"damage":4,"enemies":"2 Fungi Beasts","floor":6,"turns":4},{"damage":16,"enemies":"3 Sentries","floor":7,"turns":13},{"damage":6,"enemies":"Exordium Wildlife","floor":8,"turns":5},{"damage":1,"enemies":"Red Slaver","floor":13,"turns":4},{"damage":0,"enemies":"Large Slime","floor":14,"turns":8},{"damage":31,"enemies":"Slime Boss","floor":16,"turns":19},{"damage":0,"enemies":"3 Byrds","floor":18,"turns":7},{"damage":3,"enemies":"Shell Parasite","floor":19,"turns":10},{"damage":18,"enemies":"Snake Plant","floor":20,"turns":4}],"seed_played":"-9183533354469036788","potions_obtained":[{"floor":1,"key":"FearPotion"},{"floor":2,"key":"GhostInAJar"},{"floor":3,"key":"SteroidPotion"},{"floor":14,"key":"Strength Potion"},{"floor":18,"key":"Swift Potion"}],"is_trial":false,"path_per_floor":["M","M","M","?","M","M","E","M","T","?","?","$","M","M","R","B",null,"M","M"],"character_chosen":"THE_SILENT","items_purchased":["TheAbacus"],"campfire_rested":1,"item_purchase_floors":[12],"current_hp_per_floor":[68,57,56,49,49,45,29,23,23,23,12,12,13,13,34,3,72,74,71,53],"gold":174,"neow_bonus":"TRANSFORM_TWO_CARDS","is_prod":false,"is_daily":false,"chose_seed":false,"campfire_upgraded":0,"win_rate":0,"timestamp":1531823552,"path_taken":["M","M","?","?","M","M","E","M","T","?","?","$","M","M","R","BOSS","M","M","M"],"build_version":"2018-07-12","purchased_purges":1,"victory":false,"max_hp_per_floor":[70,70,70,70,70,70,70,70,70,70,70,70,72,72,72,72,72,74,74,74],"card_choices":[{"not_picked":["Malaise","Terror"],"picked":"Sucker Punch","floor":1},{"not_picked":["Poisoned Stab","Flying Knee"],"picked":"Choke","floor":2},{"not_picked":["Quick Slash","Flechettes"],"picked":"Backflip","floor":3},{"not_picked":["PiercingWail","Sucker Punch"],"picked":"Prepared","floor":5},{"not_picked":["Caltrops","Deflect"],"picked":"Dodge and Roll","floor":6},{"not_picked":["Acrobatics","Leg Sweep"],"picked":"Bullet Time","floor":7},{"not_picked":["Riddle With Holes","Predator"],"picked":"Dodge and Roll+1","floor":8},{"not_picked":["Sucker Punch","Riddle With Holes","Flying Knee"],"picked":"Singing Bowl","floor":13},{"not_picked":["Terror+1","All Out Attack"],"picked":"Prepared+1","floor":14},{"not_picked":["Tools of the Trade","Envenom"],"picked":"Die Die Die","floor":16},{"not_picked":["Prepared+1"],"picked":"Singing Bowl","floor":18},{"not_picked":[],"picked":"Quick Slash+1","floor":19}],"player_experience":73304,"relics_obtained":[{"floor":7,"key":"Toxic Egg 2"},{"floor":9,"key":"Singing Bowl"}],"event_choices":[{"event_name":"Scrap Ooze","player_choice":"success","floor":4,"damage_taken":7},{"event_name":"Shining Light","player_choice":"Ignored","floor":10,"damage_taken":0},{"event_name":"World of Goop","player_choice":"Gather Gold","floor":11,"damage_taken":0}],"boss_relics":[{"not_picked":["Eternal Feather","Coffee Dripper"],"picked":"Busted Crown"}],"items_purged_floors":[12],"is_endless":false,"potions_floor_spawned":[1,2,3,14,18],"killed_by":"Snake Plant","ascension_level":0}