{"gold_per_floor":[211,222,222,247,271,271,271,304,358,358,358,394,394,415,415,506,506,526,526,526,545,579,579,613,613,613,638,671,695,105,120,120,218,218,238,238,238,148,148,148,187,199,283,295,327,672,704,744,756,768],"floor_reached":51,"playtime":1809,"items_purged":["Strike_R+1"],"score":1389,"play_id":"b4ddce5c-eee5-411b-866f-983affda22a1","local_time":"20190421140419","is_ascension_mode":true,"campfire_choices":[{"data":"Uppercut","floor":6.0,"key":"SMITH"},{"data":"Inflame","floor":10.0,"key":"SMITH"},{"data":"Armaments","floor":13.0,"key":"SMITH"},{"data":"Shrug It Off","floor":15.0,"key":"SMITH"},{"data":"Double Tap","floor":23.0,"key":"SMITH"},{"floor":25.0,"key":"REST"},{"data":"Spot Weakness","floor":32.0,"key":"SMITH"},{"data":"Limit Break","floor":40.0,"key":"SMITH"},{"data":"Metallicize","floor":42.0,"key":"SMITH"},{"data":"Feel No Pain","floor":44.0,"key":"SMITH"},{"floor":49,"key":"REST"}],"neow_cost":"NONE","seed_source_timestamp":210863477998899,"circlet_count":0,"master_deck":["AscendersBane","Strike_R+1","Defend_R+1","Defend_R+1","Defend_R+1","Defend_R+1","Bash","Pommel Strike","Uppercut+1","Inflame+1","Shrug It Off+1","Clothesline+1","Armaments+1","Double Tap+1","Heavy Blade+1","Immolate+1","Spot Weakness+1","Headbutt+1","Battle Trance","Ghostly Armor","Feel No Pain+1","Limit Break+1","Master of Strategy","Metallicize+1","True Grit+1","Shrug It Off","Flame Barrier","Metallicize+1"],"special_seed":0,"relics":["Burning Blood","Molten Egg 2","Anchor","Juzu Bracelet","Velvet Choker","Red Mask","Oddly Smooth Stone","Bottled Lightning","Gambling Chip","Lantern","Pear","Empty Cage","MawBank","Dodecahedron","Blood Vial"],"potions_floor_usage":[48,50],"damage_taken":[{"damage":10.0,"enemies":"Jaw Worm","floor":1.0,"turns":7.0},{"damage":12.0,"enemies":"Small Slimes","floor":2.0,"turns":3.0},{"damage":9.0,"enemies":"2 Louse","floor":4.0,"turns":2.0},{"damage":10.0,"enemies":"Gremlin Gang","floor":5.0,"turns":7.0},{"damage":22.0,"enemies":"Gremlin Nob","floor":8.0,"turns":4.0},{"damage":22.0,"enemies":"3 Sentries","floor":12.0,"turns":8.0},{"damage":1.0,"enemies":"Large Slime","floor":14.0,"turns":6.0},{"damage":27.0,"enemies":"The Guardian","floor":16.0,"turns":13.0},{"damage":0.0,"enemies":"Chosen","floor":18.0,"turns":3.0},{"damage":1.0,"enemies":"3 Byrds","floor":21.0,"turns":5.0},{"damage":19.0,"enemies":"Masked Bandits","floor":22.0,"turns":3.0},{"damage":17.0,"enemies":"Book of Stabbing","floor":24.0,"turns":4.0},{"damage":5.0,"enemies":"Snecko","floor":27.0,"turns":5.0},{"damage":0.0,"enemies":"Gremlin Leader","floor":28.0,"turns":3.0},{"damage":0.0,"enemies":"Sentry and Sphere","floor":29.0,"turns":3.0},{"damage":0.0,"enemies":"3 Cultists","floor":31.0,"turns":1.0},{"damage":20.0,"enemies":"Champ","floor":33.0,"turns":9.0},{"damage":18.0,"enemies":"3 Darklings","floor":35.0,"turns":5.0},{"damage":23.0,"enemies":"Reptomancer","floor":41.0,"turns":4.0},{"damage":0.0,"enemies":"Orb Walker","floor":45.0,"turns":2.0},{"damage":1.0,"enemies":"Spire Growth","floor":47.0,"turns":5.0},{"damage":21,"enemies":"Nemesis","floor":48,"turns":11},{"damage":57,"enemies":"Donu and Deca","floor":50,"turns":10}],"seed_played":"1951802135863634602","potions_obtained":[{"floor":2.0,"key":"SpeedPotion"},{"floor":5.0,"key":"Strength Potion"},{"floor":8.0,"key":"SteroidPotion"},{"floor":22.0,"key":"AttackPotion"},{"floor":27.0,"key":"BloodPotion"},{"floor":29.0,"key":"AttackPotion"},{"floor":31.0,"key":"PowerPotion"},{"floor":39.0,"key":"SpeedPotion"}],"is_trial":false,"path_per_floor":["M","M","?","M","M","R","?","E","T","R","?","E","R","M","R","B",null,"M","?","?","M","?","R","E","R","T","M","E","M","$","M","R","B",null,"M","?","?","$","?","R","E","R","T","R","M","?","M","E","R","B",null],"character_chosen":"IRONCLAD","items_purchased":["Battle Trance","Lantern","Ghostly Armor","Pear","PowerPotion","Metallicize"],"campfire_rested":2,"item_purchase_floors":[30,30,30,30,38,38],"current_hp_per_floor":[64,58,58,55,51,51,56,40,40,40,40,24,24,29,29,8,57,63,63,63,68,55,55,44,65,65,66,72,73,83,83,83,69,80,68,68,68,68,68,68,51,51,51,51,57,57,62,47,70,21],"gold":780,"neow_bonus":"HUNDRED_GOLD","is_prod":false,"is_daily":false,"chose_seed":false,"campfire_upgraded":9,"win_rate":0,"timestamp":1555880659,"path_taken":["M","M","?","M","M","R","?","E","T","R","?","E","R","M","R","BOSS","M","?","?","M","?","R","E","R","T","M","E","M","$","M","R","BOSS","M","?","?","$","?","R","E","R","T","R","M","?","M","E","R","BOSS"],"build_version":"2019-01-23","purchased_purges":1,"victory":true,"max_hp_per_floor":[75,75,68,68,68,68,73,73,73,73,73,73,73,73,73,73,73,73,73,73,73,73,73,73,73,73,73,73,73,83,83,83,83,83,83,79,79,79,79,79,79,79,79,79,79,79,79,79,79,79],"card_choices":[{"not_picked":["Thunderclap","Fire Breathing"],"picked":"Pommel Strike","floor":1.0},{"not_picked":["Dropkick","Body Slam"],"picked":"Uppercut","floor":2.0},{"not_picked":["Perfected Strike","Shrug It Off"],"picked":"Inflame","floor":4.0},{"not_picked":["Pommel Strike","Armaments"],"picked":"Shrug It Off","floor":5.0},{"not_picked":["True Grit","Pummel"],"picked":"Clothesline","floor":8.0},{"not_picked":["Shockwave","Bloodletting"],"picked":"Armaments","floor":12.0},{"not_picked":["Shockwave","Body Slam+1","Seeing Red"],"picked":"SKIP","floor":14.0},{"not_picked":["Juggernaut","Berserk"],"picked":"Double Tap","floor":16.0},{"not_picked":["Searing Blow+1","Sword Boomerang+1"],"picked":"Heavy Blade+1","floor":18.0},{"not_picked":["Sentinel","Warcry","Clash+1"],"picked":"SKIP","floor":21.0},{"not_picked":["Perfected Strike+1","Blood for Blood+1"],"picked":"Spot Weakness","floor":24.0},{"not_picked":["Havoc","Perfected Strike+1","Immolate+1"],"picked":"SKIP","floor":27.0},{"not_picked":["Perfected Strike+1","Infernal Blade"],"picked":"Headbutt+1","floor":28.0},{"not_picked":["Hemokinesis+1","Thunderclap+1","Bloodletting"],"picked":"SKIP","floor":29.0},{"not_picked":["Heavy Blade+1","Body Slam+1"],"picked":"Feel No Pain","floor":31.0},{"not_picked":["Bludgeon+1","Offering"],"picked":"Limit Break","floor":33.0},{"not_picked":["Intimidate+1","Cleave+1","Sword Boomerang+1"],"picked":"SKIP","floor":35.0},{"not_picked":["Chrysalis","Mind Blast+1"],"picked":"Master of Strategy","floor":37.0},{"not_picked":["Seeing Red","Cleave+1"],"picked":"True Grit+1","floor":41.0},{"not_picked":["Havoc+1","Clash+1"],"picked":"Shrug It Off","floor":45.0},{"not_picked":["Twin Strike+1","Corruption"],"picked":"Flame Barrier","floor":47.0},{"not_picked":["Feed+1","Entrench"],"picked":"Metallicize+1","floor":48}],"player_experience":2486394,"relics_obtained":[{"floor":8.0,"key":"Molten Egg 2"},{"floor":9.0,"key":"Anchor"},{"floor":12.0,"key":"Juzu Bracelet"},{"floor":22.0,"key":"Red Mask"},{"floor":24.0,"key":"Oddly Smooth Stone"},{"floor":26.0,"key":"Bottled Lightning"},{"floor":28.0,"key":"Gambling Chip"},{"floor":41.0,"key":"MawBank"},{"floor":43.0,"key":"Dodecahedron"},{"floor":48,"key":"Blood Vial"}],"event_choices":[{"damage_healed":0.0,"max_hp_gain":0.0,"max_hp_loss":7.0,"gold_gain":0.0,"event_name":"Golden Idol","player_choice":"Lose Max HP","floor":3.0,"gold_loss":0.0,"damage_taken":0.0,"relics_obtained":["Golden Idol"]},{"damage_healed":0.0,"max_hp_gain":5.0,"max_hp_loss":0.0,"gold_gain":0.0,"event_name":"Big Fish","player_choice":"Donut","floor":7.0,"gold_loss":0.0,"damage_taken":0.0},{"cards_removed":["Strike_R"],"damage_healed":0.0,"max_hp_gain":0.0,"max_hp_loss":0.0,"gold_gain":0.0,"event_name":"Bonfire Elementals","player_choice":"Offered Basic","floor":11.0,"gold_loss":0.0,"damage_taken":0.0},{"damage_healed":0.0,"max_hp_gain":0.0,"max_hp_loss":0.0,"gold_gain":0.0,"event_name":"Back to Basics","player_choice":"Simplicity","floor":19.0,"gold_loss":0.0,"damage_taken":0.0,"cards_upgraded":["Strike_R","Strike_R","Strike_R","Strike_R","Defend_R","Defend_R","Defend_R","Defend_R"]},{"damage_healed":0.0,"max_hp_gain":0.0,"max_hp_loss":0.0,"gold_gain":0.0,"event_name":"Match and Keep!","player_choice":"1 cards matched","floor":20.0,"gold_loss":0.0,"damage_taken":0.0,"cards_obtained":["Immolate"]},{"damage_healed":0.0,"max_hp_gain":0.0,"max_hp_loss":0.0,"gold_gain":0.0,"event_name":"Masked Bandits","player_choice":"Fought Bandits","floor":22.0,"gold_loss":0.0,"damage_taken":0.0},{"damage_healed":0.0,"max_hp_gain":0.0,"max_hp_loss":4.0,"gold_gain":0.0,"event_name":"Winding Halls","player_choice":"Max HP","floor":36.0,"gold_loss":0.0,"damage_taken":0.0},{"damage_healed":0.0,"max_hp_gain":0.0,"max_hp_loss":0.0,"gold_gain":0.0,"event_name":"SensoryStone","player_choice":"Memory 1","floor":37.0,"gold_loss":0.0,"damage_taken":0.0},{"damage_healed":0.0,"max_hp_gain":0.0,"max_hp_loss":0.0,"gold_gain":0.0,"event_name":"Lab","player_choice":"Got Potions","floor":39.0,"gold_loss":0.0,"damage_taken":0.0},{"damage_healed":0.0,"max_hp_gain":0.0,"max_hp_loss":0.0,"gold_gain":333.0,"event_name":"The Moai Head","player_choice":"Gave Idol","floor":46.0,"relics_lost":["Golden Idol"],"gold_loss":0.0,"damage_taken":0.0}],"is_beta":false,"boss_relics":[{"not_picked":["Runic Dome","Ectoplasm"],"picked":"Velvet Choker"},{"not_picked":["Eternal Feather","Philosopher\u0027s Stone"],"picked":"Empty Cage"}],"items_purged_floors":[30],"is_endless":false,"potions_floor_spawned":[2,5,8,22,27,29,31,41,45],"ascension_level":15}