{"gold_per_floor":[119,169,169,186,206,206,206,206,254,294,339,351,425,449,461,549,561,587,599,624,836,862,874,899,911,972,996,1008],"floor_reached":28,"playtime":844,"items_purged":[],"score":468,"play_id":"61a14af6-2906-48cc-9c25-c149f380012b","local_time":"20181031101250","is_ascension_mode":true,"campfire_choices":[{"data":"Zap","floor":6.0,"key":"SMITH"},{"data":"Fusion","floor":8.0,"key":"SMITH"},{"floor":15.0,"key":"REST"},{"floor":23,"key":"REST"}],"neow_cost":"NONE","seed_source_timestamp":168103193879961,"circlet_count":0,"master_deck":["Strike_B","Defend_B","Defend_B","Defend_B","Defend_B","Zap+1","Dualcast","AscendersBane","Ball Lightning","Fusion+1","Streamline","Coolheaded","Biased Cognition","Beam Cell","Compile Driver","Decay","Undo+1","Steam Power","Barrage","Ball Lightning"],"special_seed":0,"relics":["Cracked Core","Singing Bowl","MawBank","Kunai","PreservedInsect","Tiny Chest","Busted Crown","Anchor"],"potions_floor_usage":[24,27],"damage_taken":[{"damage":0.0,"enemies":"Cultist","floor":1.0,"turns":4.0},{"damage":5.0,"enemies":"Small Slimes","floor":4.0,"turns":3.0},{"damage":0.0,"enemies":"2 Louse","floor":5.0,"turns":2.0},{"damage":21.0,"enemies":"Gremlin Nob","floor":10.0,"turns":4.0},{"damage":13.0,"enemies":"Lagavulin","floor":11.0,"turns":6.0},{"damage":0.0,"enemies":"Gremlin Nob","floor":13.0,"turns":2.0},{"damage":9.0,"enemies":"Red Slaver","floor":14.0,"turns":3.0},{"damage":42.0,"enemies":"Slime Boss","floor":16.0,"turns":9.0},{"damage":0.0,"enemies":"Spheric Guardian","floor":18.0,"turns":3.0},{"damage":20.0,"enemies":"Shell Parasite","floor":20.0,"turns":4.0},{"damage":36,"enemies":"Centurion and Healer","floor":22,"turns":7},{"damage":23,"enemies":"Snake Plant","floor":24,"turns":5},{"damage":8,"enemies":"Chosen and Byrds","floor":27,"turns":5},{"damage":17,"enemies":"3 Cultists","floor":28,"turns":3}],"seed_played":"-2548712320814002258","potions_obtained":[{"floor":4.0,"key":"EssenceOfSteel"},{"floor":10.0,"key":"Fruit Juice"},{"floor":11.0,"key":"Strength Potion"},{"floor":13.0,"key":"Ancient Potion"},{"floor":14.0,"key":"Dexterity Potion"},{"floor":18.0,"key":"SpeedPotion"},{"floor":22,"key":"Strength Potion"},{"floor":24,"key":"Ancient Potion"},{"floor":27,"key":"Dexterity Potion"}],"is_trial":false,"path_per_floor":["M","?","?","M","M","R","T","R","T","?","E","?","E","M","R","B",null,"M","?","M","?","M","R","M","?","T","M"],"character_chosen":"DEFECT","items_purchased":[],"campfire_rested":2,"item_purchase_floors":[],"current_hp_per_floor":[71,64,64,59,59,59,59,59,59,38,30,30,30,21,45,5,65,67,67,47,47,13,39,18,18,18,10,0],"gold":1008,"neow_bonus":"TEN_PERCENT_HP_BONUS","is_prod":false,"is_daily":false,"chose_seed":false,"campfire_upgraded":2,"win_rate":0,"timestamp":1541005970,"path_taken":["M","?","?","M","?","R","?","R","T","?","E","?","E","M","R","BOSS","M","?","M","?","M","R","?","?","T","?","M"],"build_version":"2018-10-25v2","purchased_purges":0,"victory":false,"max_hp_per_floor":[78,78,78,78,78,78,78,78,78,78,83,83,83,83,83,85,85,87,87,87,87,89,89,91,91,91,91,91],"card_choices":[{"not_picked":["Conserve Battery","Stack"],"picked":"Ball Lightning","floor":1.0},{"not_picked":["Storm","Turbo"],"picked":"Fusion","floor":4.0},{"not_picked":["Go for the Eyes","Rebound"],"picked":"Streamline","floor":5.0},{"not_picked":["Heatsinks","Sweeping Beam"],"picked":"Coolheaded","floor":10.0},{"not_picked":["Static Discharge","Cold Snap"],"picked":"Biased Cognition","floor":11.0},{"not_picked":["Self Repair","Redo"],"picked":"Beam Cell","floor":13.0},{"not_picked":["Aggregate","Steam Power"],"picked":"Compile Driver","floor":14.0},{"not_picked":["Rainbow","Multi-Cast","Meteor Strike"],"picked":"Singing Bowl","floor":16.0},{"not_picked":["Force Field"],"picked":"Singing Bowl","floor":18.0},{"not_picked":[],"picked":"Undo+1","floor":20.0},{"not_picked":["Gash"],"picked":"Singing Bowl","floor":22},{"not_picked":["Scrape"],"picked":"Singing Bowl","floor":24},{"not_picked":[],"picked":"Ball Lightning","floor":27}],"player_experience":1528054,"relics_obtained":[{"floor":7.0,"key":"Singing Bowl"},{"floor":9.0,"key":"MawBank"},{"floor":10.0,"key":"Kunai"},{"floor":11.0,"key":"PreservedInsect"},{"floor":13.0,"key":"Tiny Chest"},{"floor":26,"key":"Anchor"}],"event_choices":[{"damage_healed":0.0,"max_hp_gain":0.0,"max_hp_loss":0.0,"gold_gain":50.0,"event_name":"FaceTrader","player_choice":"Touch","floor":2.0,"gold_loss":0.0,"damage_taken":7.0},{"cards_removed":["Strike_B"],"damage_healed":0.0,"max_hp_gain":0.0,"max_hp_loss":0.0,"gold_gain":0.0,"event_name":"Bonfire Elementals","player_choice":"Offered Basic","floor":3.0,"gold_loss":0.0,"damage_taken":0.0},{"damage_healed":0.0,"max_hp_gain":0.0,"max_hp_loss":0.0,"gold_gain":30.0,"event_name":"Dead Adventurer","player_choice":"Searched \u00272\u0027 times","floor":10.0,"gold_loss":0.0,"damage_taken":0.0},{"damage_healed":0.0,"max_hp_gain":0.0,"max_hp_loss":0.0,"gold_gain":0.0,"event_name":"Shining Light","player_choice":"Ignored","floor":12.0,"gold_loss":0.0,"damage_taken":0.0},{"damage_healed":0.0,"max_hp_gain":0.0,"max_hp_loss":0.0,"gold_gain":0.0,"event_name":"Forgotten Altar","player_choice":"Smashed Altar","floor":19.0,"gold_loss":0.0,"damage_taken":0.0,"cards_obtained":["Decay"]},{"damage_healed":0,"gold_gain":250,"player_choice":"Bet on Owner","damage_taken":0,"max_hp_gain":0,"max_hp_loss":0,"event_name":"The Joust","floor":21,"gold_loss":50},{"damage_healed":0,"gold_gain":0,"cards_transformed":["Strike_B","Strike_B"],"player_choice":"Became Test Subject","damage_taken":0,"max_hp_gain":0,"max_hp_loss":0,"event_name":"Drug Dealer","floor":25,"gold_loss":0,"cards_obtained":["Steam Power","Barrage"]}],"is_beta":false,"boss_relics":[{"not_picked":["Lizard Tail","Inserter"],"picked":"Busted Crown"}],"items_purged_floors":[],"is_endless":false,"potions_floor_spawned":[4,10,11,13,14,18,22,24,27],"killed_by":"3 Cultists","ascension_level":15}