{"gold_per_floor":[112,37,37,57,57,57,86,150,176,205,255,265,265,283,283,356,356,366,124,174,189,239,239,339,389],"floor_reached":25,"playtime":753,"items_purged":["Strike_R","Strike_R"],"score":468,"play_id":"a1806695-fafd-43d1-b541-90f09cb68ef9","local_time":"20181207165429","is_ascension_mode":true,"campfire_choices":[{"data":"Flex","floor":6,"key":"SMITH"},{"data":"Sword Boomerang","floor":13,"key":"SMITH"},{"data":"Bash","floor":15,"key":"SMITH"},{"floor":23,"key":"REST"}],"neow_cost":"NONE","seed_source_timestamp":1300158750525,"circlet_count":0,"master_deck":["AscendersBane","Strike_R","Strike_R","Defend_R","Defend_R","Defend_R","Defend_R","Bash+1","Flex+1","Sword Boomerang+1","Evolve","Headbutt","Spot Weakness","Feed","Twin Strike"],"relics":["Black Blood","NeowsBlessing","Smiling Mask","SsserpentHead","Champion Belt","Oddly Smooth Stone","Ginger","Tiny Chest","WingedGreaves"],"potions_floor_usage":[16,16,21,25],"damage_taken":[{"damage":0,"enemies":"Cultist","floor":1,"turns":1},{"damage":0,"enemies":"2 Louse","floor":4,"turns":1},{"damage":0,"enemies":"Lagavulin","floor":7,"turns":1},{"damage":12,"enemies":"Small Slimes","floor":8,"turns":4},{"damage":34,"enemies":"3 Sentries","floor":10,"turns":9},{"damage":12,"enemies":"Exordium Wildlife","floor":12,"turns":4},{"damage":5,"enemies":"Large Slime","floor":14,"turns":4},{"damage":22,"enemies":"The Guardian","floor":16,"turns":9},{"damage":44,"enemies":"Spheric Guardian","floor":18,"turns":6},{"damage":17,"enemies":"2 Thieves","floor":21,"turns":4},{"damage":55,"enemies":"3 Cultists","floor":25,"turns":4}],"seed_played":"-1724067802372123227","potions_obtained":[{"floor":7,"key":"Block Potion"},{"floor":10,"key":"SteroidPotion"},{"floor":16,"key":"SpeedPotion"}],"is_trial":false,"path_per_floor":["M","$","?","M","?","R","E","M","T","E","?","M","R","M","R","B",null,"M","$","?","M","T","R","?","M"],"character_chosen":"IRONCLAD","items_purchased":["Tiny Chest","SteroidPotion"],"campfire_rested":1,"item_purchase_floors":[19,19],"current_hp_per_floor":[74,74,63,69,69,69,75,69,69,41,34,28,28,29,29,13,60,26,26,26,22,22,45,45,0],"gold":389,"neow_bonus":"THREE_ENEMY_KILL","is_prod":false,"is_daily":false,"chose_seed":false,"campfire_upgraded":3,"win_rate":0,"timestamp":1544172869,"path_taken":["M","$","?","M","?","R","E","?","T","E","?","M","R","M","R","BOSS","M","$","?","M","?","R","?","?"],"build_version":"2018-12-06","purchased_purges":2,"victory":false,"max_hp_per_floor":[75,75,75,75,75,75,75,75,75,75,75,75,75,75,75,75,75,75,75,75,78,78,78,78,78],"card_choices":[{"not_picked":["Clothesline","Iron Wave"],"picked":"Flex","floor":1},{"not_picked":["Twin Strike","Flex"],"picked":"Sword Boomerang","floor":4},{"not_picked":["Spot Weakness","Flame Barrier"],"picked":"Evolve","floor":7},{"not_picked":["Blood for Blood","Clothesline","Sever Soul"],"picked":"SKIP","floor":8},{"not_picked":["Rampage","Thunderclap"],"picked":"Headbutt","floor":10},{"not_picked":["Body Slam","Twin Strike"],"picked":"Spot Weakness","floor":12},{"not_picked":["Cleave","Wild Strike","Headbutt"],"picked":"SKIP","floor":14},{"not_picked":["Dark Embrace","Exhume"],"picked":"Feed","floor":16},{"not_picked":["Clash","Armaments"],"picked":"Twin Strike","floor":18},{"not_picked":["Clothesline","Twin Strike","Heavy Blade"],"picked":"SKIP","floor":21}],"player_experience":2291765,"relics_obtained":[{"floor":7,"key":"Champion Belt"},{"floor":9,"key":"Oddly Smooth Stone"},{"floor":10,"key":"Ginger"},{"floor":22,"key":"WingedGreaves"}],"event_choices":[{"damage_healed":0,"gold_gain":0,"player_choice":"Success","damage_taken":11,"relics_obtained":["Smiling Mask"],"max_hp_gain":0,"max_hp_loss":0,"event_name":"Scrap Ooze","floor":3,"gold_loss":0},{"damage_healed":0,"gold_gain":0,"player_choice":"Trade","damage_taken":0,"relics_obtained":["SsserpentHead"],"max_hp_gain":0,"max_hp_loss":0,"event_name":"FaceTrader","floor":5,"gold_loss":0},{"cards_removed":["Strike_R"],"damage_healed":0,"gold_gain":0,"player_choice":"Card Removal","damage_taken":7,"max_hp_gain":0,"max_hp_loss":0,"event_name":"Golden Wing","floor":11,"gold_loss":0},{"damage_healed":0,"gold_gain":0,"player_choice":"Ignored","damage_taken":0,"max_hp_gain":0,"max_hp_loss":0,"event_name":"Cursed Tome","floor":20,"gold_loss":0},{"damage_healed":0,"gold_gain":50,"player_choice":"Stole From Cult","damage_taken":0,"max_hp_gain":0,"max_hp_loss":0,"event_name":"Nest","floor":24,"gold_loss":0}],"is_beta":false,"boss_relics":[{"not_picked":["Ectoplasm","Philosopher\u0027s Stone"],"picked":"Black Blood"}],"items_purged_floors":[2,19],"is_endless":false,"potions_floor_spawned":[7,10,16],"killed_by":"3 Cultists","ascension_level":20}