{"gold_per_floor":[114,127,127,141,391,424,374,374,374,388,388,419,78,104,104,206,206,218,230,230,230,247,272,57,57,57,57,92,92,109,19,19,114,114,127,139,151,151,161,161,490,507,579,579,579,614,2,13,13,13],"floor_reached":50,"playtime":1828,"items_purged":["Defend_B","White Noise","Doubt"],"score":762,"play_id":"8280452e-a132-42b2-8465-f509c79f347f","local_time":"25610803142851","is_ascension_mode":true,"campfire_choices":[{"floor":8.0,"key":"REST"},{"data":"Zap","floor":11.0,"key":"SMITH"},{"floor":15.0,"key":"REST"},{"floor":25.0,"key":"DIG"},{"floor":32.0,"key":"REST"},{"floor":40.0,"key":"DIG"},{"floor":45.0,"key":"DIG"},{"floor":49,"key":"DIG"}],"neow_cost":"NONE","seed_source_timestamp":18495790414894,"circlet_count":0,"master_deck":["Defend_B+1","Defend_B","Zap+1","Dualcast","Ball Lightning","White Noise+1","Steam","Leap","Conserve Battery","Defragment","Streamline","Panache","Reboot","Sunder+1","Sunder+1","Panache","Bite","Bite","Bite","Bite","Bite","Recycle+1","Ball Lightning","Seek","Reinforced Body","Conserve Battery","Meteor Strike","FTL+1","Steam Power+1","Enlightenment+1","Stack+1","Beam Cell","FTL+1","Dark Shackles","Mind Blast","Jack Of All Trades","Go for the Eyes","Self Repair","Leap+1","Reprogram+1","Streamline","Tempest+1"],"special_seed":0,"relics":["Sozu","War Paint","Boot","Darkstone Periapt","Smiling Mask","Shovel","Black Star","Ornamental Fan","The Courier","Lee\u0027s Waffle","Happy Flower","Mango","Bag of Marbles","Potion Belt","Astrolabe","Oddly Smooth Stone","StoneCalendar","Old Coin","Shuriken","Incense Burner","Strawberry","Pen Nib","Art of War","Anchor","Pear","Molten Egg 2"],"potions_floor_usage":[],"damage_taken":[{"damage":8.0,"enemies":"Jaw Worm","floor":1.0,"turns":4.0},{"damage":5.0,"enemies":"2 Louse","floor":2.0,"turns":3.0},{"damage":0.0,"enemies":"Cultist","floor":4.0,"turns":3.0},{"damage":30.0,"enemies":"Gremlin Nob","floor":6.0,"turns":5.0},{"damage":8.0,"enemies":"Lots of Slimes","floor":10.0,"turns":4.0},{"damage":18.0,"enemies":"Lagavulin","floor":12.0,"turns":6.0},{"damage":3.0,"enemies":"3 Sentries","floor":14.0,"turns":7.0},{"damage":17.0,"enemies":"Hexaghost","floor":16.0,"turns":8.0},{"damage":5.0,"enemies":"Spheric Guardian","floor":18.0,"turns":3.0},{"damage":13.0,"enemies":"2 Thieves","floor":19.0,"turns":3.0},{"damage":29.0,"enemies":"Slaver and Parasite","floor":22.0,"turns":5.0},{"damage":38.0,"enemies":"Slavers","floor":23.0,"turns":5.0},{"damage":27.0,"enemies":"Gremlin Leader","floor":28.0,"turns":6.0},{"damage":23.0,"enemies":"Centurion and Healer","floor":30.0,"turns":3.0},{"damage":56.0,"enemies":"Champ","floor":33.0,"turns":10.0},{"damage":11.0,"enemies":"3 Darklings","floor":35.0,"turns":4.0},{"damage":13.0,"enemies":"Flame Bruiser 1 Orb","floor":36.0,"turns":6.0},{"damage":10.0,"enemies":"3 Darklings","floor":37.0,"turns":4.0},{"damage":14.0,"enemies":"Flame Bruiser 2 Orb","floor":39.0,"turns":4.0},{"damage":34.0,"enemies":"Giant Head","floor":41.0,"turns":8.0},{"damage":14.0,"enemies":"Sphere and 2 Shapes","floor":42.0,"turns":3.0},{"damage":42.0,"enemies":"2 Orb Walkers","floor":46.0,"turns":5.0},{"damage":0,"enemies":"4 Shapes","floor":48,"turns":3},{"damage":81,"enemies":"Awakened One","floor":50,"turns":6}],"seed_played":"-6399035627777622639","potions_obtained":[],"is_trial":false,"path_per_floor":["M","M","?","M","?","E","?","R","T","M","R","E","$","E","R","B",null,"M","M","?","?","M","E","$","R","T","?","E","?","M","$","R","B",null,"M","M","M","?","M","R","E","M","T","?","R","E","$","M","R"],"character_chosen":"DEFECT","items_purchased":["Defragment","Streamline","Panache","Lee\u0027s Waffle","Conserve Battery","Dark Shackles","Art of War","Anchor","Pear","Streamline"],"campfire_rested":3,"item_purchase_floors":[13,13,13,24,31,31,47,47,47,47],"current_hp_per_floor":[67,62,55,55,55,25,25,47,47,39,39,21,21,18,40,23,75,70,64,64,52,31,5,59,59,73,73,52,39,18,18,41,3,78,67,64,62,52,44,44,22,10,10,84,84,58,68,72,72,0],"gold":13,"neow_bonus":"BOSS_RELIC","is_prod":false,"is_daily":false,"chose_seed":false,"campfire_upgraded":1,"win_rate":0,"timestamp":1533281331,"path_taken":["M","M","?","M","?","E","?","R","T","M","R","E","?","E","R","BOSS","M","M","?","?","?","E","$","R","T","?","E","?","M","$","R","BOSS","M","?","M","?","M","R","E","M","T","?","R","E","$","M","R","BOSS"],"build_version":"2018-08-02","purchased_purges":3,"victory":false,"max_hp_per_floor":[75,75,75,75,75,75,75,75,75,75,75,75,75,75,75,75,75,75,75,75,52,52,52,59,59,73,73,73,78,78,78,78,78,78,78,78,78,78,78,78,78,78,78,84,84,91,101,101,101,101],"card_choices":[{"not_picked":["Static Discharge","Cold Snap"],"picked":"Ball Lightning","floor":1.0},{"not_picked":["Gash","Steam"],"picked":"White Noise","floor":2.0},{"not_picked":["Leap","Redo"],"picked":"White Noise","floor":4.0},{"not_picked":["Ball Lightning","Aggregate"],"picked":"Steam","floor":6.0},{"not_picked":["Stack","Multi-Cast"],"picked":"Leap","floor":10.0},{"not_picked":["Coolheaded","Blizzard"],"picked":"Conserve Battery","floor":12.0},{"not_picked":["Redo","Barrage"],"picked":"Gash","floor":14.0},{"not_picked":["Core Surge","Machine Learning"],"picked":"Reboot","floor":16.0},{"not_picked":["Conserve Battery+1","Blizzard"],"picked":"Sunder+1","floor":18.0},{"not_picked":["Ball Lightning","Rebound"],"picked":"Sunder+1","floor":19.0},{"not_picked":["Cold Snap","Barrage"],"picked":"Recycle+1","floor":22.0},{"not_picked":["Defragment","Barrage+1"],"picked":"Ball Lightning","floor":23.0},{"not_picked":["Stack","Beam Cell"],"picked":"Seek","floor":28.0},{"not_picked":["Fusion+1","Conserve Battery"],"picked":"Reinforced Body","floor":30.0},{"not_picked":["Core Surge","Hyperbeam"],"picked":"Meteor Strike","floor":33.0},{"not_picked":["Loop+1","Coolheaded"],"picked":"Stack+1","floor":35.0},{"not_picked":["Undo","Chaos+1"],"picked":"Beam Cell","floor":36.0},{"not_picked":["Stack","Defragment"],"picked":"FTL+1","floor":37.0},{"not_picked":["Enlightenment","Good Instincts"],"picked":"Dark Shackles","floor":38.0},{"not_picked":["Trip","Thinking Ahead"],"picked":"Mind Blast","floor":38.0},{"not_picked":["Madness","Panacea"],"picked":"Jack Of All Trades","floor":38.0},{"not_picked":["Gash","Chaos"],"picked":"Go for the Eyes","floor":39.0},{"not_picked":["FTL","Stack"],"picked":"Self Repair","floor":41.0},{"not_picked":["Beam Cell","Cold Snap"],"picked":"Leap+1","floor":42.0},{"not_picked":["Recycle+1","Fusion+1"],"picked":"Reprogram+1","floor":46.0},{"not_picked":["Cold Snap","Beam Cell"],"picked":"Tempest+1","floor":48}],"player_experience":180720,"relics_obtained":[{"floor":6.0,"key":"Boot"},{"floor":9.0,"key":"Darkstone Periapt"},{"floor":12.0,"key":"Smiling Mask"},{"floor":14.0,"key":"Shovel"},{"floor":23.0,"key":"Ornamental Fan"},{"floor":23.0,"key":"The Courier"},{"floor":25.0,"key":"Happy Flower"},{"floor":26.0,"key":"Mango"},{"floor":28.0,"key":"Bag of Marbles"},{"floor":28.0,"key":"Potion Belt"},{"floor":40.0,"key":"Oddly Smooth Stone"},{"floor":41.0,"key":"StoneCalendar"},{"floor":41.0,"key":"Old Coin"},{"floor":43.0,"key":"Shuriken"},{"floor":45.0,"key":"Incense Burner"},{"floor":46.0,"key":"Strawberry"},{"floor":46.0,"key":"Pen Nib"},{"floor":49,"key":"Molten Egg 2"}],"event_choices":[{"event_name":"Scrap Ooze","player_choice":"success","floor":3.0,"damage_taken":7.0},{"event_name":"Golden Shrine","player_choice":"Desecrate","floor":5.0,"damage_taken":0.0},{"event_name":"The Cleric","player_choice":"Card Removal","floor":7.0,"damage_taken":0.0},{"event_name":"Duplicator","player_choice":"One dupe","floor":20.0,"damage_taken":0.0},{"event_name":"Vampires","player_choice":"Became a vampire","floor":21.0,"damage_taken":0.0},{"event_name":"Beggar","player_choice":"Ignored","floor":27.0,"damage_taken":0.0},{"event_name":"Forgotten Altar","player_choice":"Shed Blood","floor":29.0,"damage_taken":0.0},{"event_name":"SensoryStone","player_choice":"Memory 3","floor":38.0,"damage_taken":0.0},{"event_name":"MindBloom","player_choice":"Heal","floor":44.0,"damage_taken":0.0}],"is_beta":false,"boss_relics":[{"not_picked":["Coffee Dripper","Runic Dome"],"picked":"Black Star"},{"not_picked":["Philosopher\u0027s Stone","Fusion Hammer"],"picked":"Astrolabe"}],"items_purged_floors":[13,24,47],"is_endless":false,"potions_floor_spawned":[1,6,12,14,16,22,28,30,39,41,46],"killed_by":"Awakened One","ascension_level":1}