{"gold_per_floor":[109,123,198,198,198,198,236,236,236,254,270,313,329,370,370,464,464,478,478,478],"floor_reached":20,"playtime":4359,"items_purged":[],"score":434,"play_id":"d921efe5-3515-4a3e-ae44-3fdf6759ce51","local_time":"20190321161036","is_ascension_mode":true,"campfire_choices":[{"data":"Whirlwind","floor":6,"key":"SMITH"},{"floor":15,"key":"REST"}],"neow_cost":"NONE","seed_source_timestamp":121056787739900,"circlet_count":0,"master_deck":["AscendersBane","Strike_R","Strike_R","Strike_R","Defend_R","Defend_R","Defend_R","Defend_R","Bash","Cleave","Whirlwind+1","True Grit","Spot Weakness","Sword Boomerang","Burning Pact","Limit Break","Headbutt","Limit Break","Spot Weakness"],"relics":["Burning Blood","NeowsBlessing","Question Card","Golden Idol","The Courier","Ginger","Singing Bowl","Anchor","Empty Cage","MutagenicStrength"],"potions_floor_usage":[13,14,18],"damage_taken":[{"damage":0,"enemies":"Jaw Worm","floor":1,"turns":1},{"damage":0,"enemies":"2 Louse","floor":2,"turns":1},{"damage":0,"enemies":"Gremlin Nob","floor":7,"turns":1},{"damage":7,"enemies":"Small Slimes","floor":10,"turns":4},{"damage":0,"enemies":"3 Louse","floor":11,"turns":1},{"damage":35,"enemies":"3 Sentries","floor":12,"turns":5},{"damage":5,"enemies":"Exordium Wildlife","floor":13,"turns":3},{"damage":11,"enemies":"Gremlin Nob","floor":14,"turns":3},{"damage":33,"enemies":"Slime Boss","floor":16,"turns":7},{"damage":62,"enemies":"Spheric Guardian","floor":18,"turns":7},{"damage":18,"enemies":"Shell Parasite","floor":20,"turns":2}],"seed_played":"-8073030445063063033","potions_obtained":[{"floor":2,"key":"BloodPotion"},{"floor":12,"key":"SteroidPotion"},{"floor":13,"key":"BloodPotion"},{"floor":18,"key":"FairyPotion"}],"is_trial":false,"path_per_floor":["M","M","?","?","?","R","E","?","T","M","M","E","M","E","R","B",null,"M","?","M"],"character_chosen":"IRONCLAD","items_purchased":[],"campfire_rested":1,"item_purchase_floors":[],"current_hp_per_floor":[74,75,64,59,59,59,65,65,65,64,68,39,46,41,61,34,60,10,10,0],"gold":478,"neow_bonus":"THREE_ENEMY_KILL","is_prod":false,"is_daily":false,"chose_seed":false,"campfire_upgraded":1,"win_rate":0,"timestamp":1553184636,"path_taken":["M","M","?","?","?","R","E","?","T","?","M","E","?","E","R","BOSS","M","?","M"],"build_version":"2019-01-23","purchased_purges":0,"victory":false,"max_hp_per_floor":[75,75,75,75,68,68,68,68,68,68,68,68,68,68,68,68,68,68,68,68],"card_choices":[{"not_picked":["True Grit","Clothesline"],"picked":"Cleave","floor":1},{"not_picked":["Anger","Clothesline"],"picked":"Whirlwind","floor":2},{"not_picked":["Searing Blow","Bloodletting","Iron Wave"],"picked":"True Grit","floor":7},{"not_picked":["Shrug It Off","Dual Wield","Wild Strike"],"picked":"Spot Weakness","floor":10},{"not_picked":["Searing Blow","Body Slam","Evolve"],"picked":"Sword Boomerang","floor":11},{"not_picked":["Second Wind","Bloodletting","True Grit"],"picked":"Burning Pact","floor":12},{"not_picked":["Anger","Flex","Cleave"],"picked":"Limit Break","floor":13},{"not_picked":["Sentinel","Combust","Flex"],"picked":"Headbutt","floor":14},{"not_picked":["Immolate","Brutality","Bludgeon"],"picked":"Limit Break","floor":16},{"not_picked":["Heavy Blade","Clothesline","Body Slam"],"picked":"Spot Weakness","floor":18}],"player_experience":2285958,"relics_obtained":[{"floor":7,"key":"The Courier"},{"floor":9,"key":"Ginger"},{"floor":12,"key":"Singing Bowl"},{"floor":14,"key":"Anchor"}],"event_choices":[{"damage_healed":0,"gold_gain":75,"player_choice":"Gather Gold","damage_taken":11,"max_hp_gain":0,"max_hp_loss":0,"event_name":"World of Goop","floor":3,"gold_loss":0},{"damage_healed":0,"gold_gain":0,"player_choice":"Success","damage_taken":5,"relics_obtained":["Question Card"],"max_hp_gain":0,"max_hp_loss":0,"event_name":"Scrap Ooze","floor":4,"gold_loss":0},{"damage_healed":0,"gold_gain":0,"player_choice":"Lose Max HP","damage_taken":0,"relics_obtained":["Golden Idol"],"max_hp_gain":0,"max_hp_loss":7,"event_name":"Golden Idol","floor":5,"gold_loss":0},{"damage_healed":0,"gold_gain":0,"player_choice":"Ignored","damage_taken":0,"max_hp_gain":0,"max_hp_loss":0,"event_name":"Liars Game","floor":8,"gold_loss":0},{"damage_healed":0,"gold_gain":0,"player_choice":"Inject Mutagens","damage_taken":0,"relics_obtained":["MutagenicStrength"],"max_hp_gain":0,"max_hp_loss":0,"event_name":"Drug Dealer","floor":19,"gold_loss":0}],"is_beta":false,"boss_relics":[{"not_picked":["Mark of Pain","Pandora\u0027s Box"],"picked":"Empty Cage"}],"items_purged_floors":[],"is_endless":false,"potions_floor_spawned":[2,12,13,18],"killed_by":"Shell Parasite","ascension_level":20}