{"gold_per_floor":[113,133,148,148,173,206,206,249,249,267,94,110,75,113,113,236,236,261,186,101,15,31,31,31,31,31,31,31,31,51,51,51,155,155,155,174,188,6,6,6,19,19,94,108,124,124,124,124,124,124],"floor_reached":51,"playtime":1860,"items_purged":["Injury"],"score":971,"play_id":"6974ac7e-ea6c-4343-be16-5972d5659760","local_time":"25611209023456","is_ascension_mode":true,"campfire_choices":[{"floor":7.0,"key":"REST"},{"data":"Hologram","floor":15.0,"key":"SMITH"},{"data":"Capacitor","floor":25,"key":"SMITH"},{"data":"Coolheaded","floor":27,"key":"SMITH"},{"floor":32,"key":"REST"},{"data":"Go for the Eyes","floor":40,"key":"SMITH"},{"floor":46,"key":"REST"},{"floor":49,"key":"REST"}],"neow_cost":"NONE","seed_source_timestamp":46970608974813,"circlet_count":0,"master_deck":["Strike_B","Defend_B","Defend_B","Defend_B","Zap","Dualcast","BootSequence+1","Gash+1","Chaos+1","Ball Lightning","Hologram+1","Gash","Coolheaded+1","Core Surge","Capacitor+1","Leap","Go for the Eyes+1","Reinforced Body+1","Streamline+1","Leap","Gash","Normality","Parasite","Tempest+1"],"special_seed":0,"relics":["Astrolabe","Bloody Idol","Cables","Potion Belt","Pear","Pocketwatch","Cursed Key","Ice Cream","Nunchaku","Bronze Scales","Empty Cage","Gremlin Horn"],"potions_floor_usage":[24,33,35,50,50,50],"damage_taken":[{"damage":0.0,"enemies":"Jaw Worm","floor":1.0,"turns":4.0},{"damage":2.0,"enemies":"Small Slimes","floor":2.0,"turns":3.0},{"damage":0.0,"enemies":"2 Louse","floor":3.0,"turns":2.0},{"damage":14.0,"enemies":"Exordium Wildlife","floor":5.0,"turns":4.0},{"damage":14.0,"enemies":"Gremlin Nob","floor":6.0,"turns":4.0},{"damage":12.0,"enemies":"Lagavulin","floor":8.0,"turns":5.0},{"damage":6.0,"enemies":"Exordium Thugs","floor":10.0,"turns":4.0},{"damage":4.0,"enemies":"Looter","floor":12.0,"turns":3.0},{"damage":26.0,"enemies":"3 Sentries","floor":14.0,"turns":7.0},{"damage":3.0,"enemies":"The Guardian","floor":16.0,"turns":9.0},{"damage":0.0,"enemies":"3 Byrds","floor":18.0,"turns":4.0},{"damage":5.0,"enemies":"Shell Parasite","floor":22.0,"turns":3.0},{"damage":0,"enemies":"Slavers","floor":24,"turns":1},{"damage":5,"enemies":"Cultist and Chosen","floor":30,"turns":7},{"damage":88,"enemies":"Collector","floor":33,"turns":12},{"damage":0,"enemies":"3 Darklings","floor":35,"turns":2},{"damage":38,"enemies":"3 Shapes","floor":36,"turns":5},{"damage":16,"enemies":"Spire Growth","floor":37,"turns":7},{"damage":18,"enemies":"Sphere and 2 Shapes","floor":41,"turns":6},{"damage":9,"enemies":"Writhing Mass","floor":44,"turns":7},{"damage":37,"enemies":"Maw","floor":45,"turns":8},{"damage":33,"enemies":"Time Eater","floor":50,"turns":11}],"seed_played":"846645314555914969","potions_obtained":[{"floor":2.0,"key":"SpeedPotion"},{"floor":8.0,"key":"Fruit Juice"},{"floor":14.0,"key":"Swift Potion"},{"floor":22.0,"key":"SmokeBomb"},{"floor":30,"key":"Strength Potion"},{"floor":33,"key":"SmokeBomb"},{"floor":36,"key":"Poison Potion"},{"floor":45,"key":"PowerPotion"}],"is_trial":false,"path_per_floor":["M","M","M","?","M","E","R","E","T","M","$","M","?","E","R","B",null,"M","?","?","$","M","?","E","R","T","R","T","$","M","?","R","B",null,"M","M","M","$","?","R","M","$","T","M","M","R","T","?","R","B",null],"character_chosen":"DEFECT","items_purchased":["Go for the Eyes","Coolheaded","Capacitor","Leap","FocusPotion","Leap","Gash"],"campfire_rested":4,"item_purchase_floors":[11,11,21,21,38,38,38],"current_hp_per_floor":[68,66,66,66,52,38,60,48,58,57,57,53,75,49,49,46,79,79,79,79,79,74,74,74,74,74,74,74,74,74,65,90,7,69,69,36,25,25,79,79,66,66,71,67,35,58,58,58,79,46],"gold":124,"neow_bonus":"BOSS_RELIC","is_prod":false,"is_daily":false,"chose_seed":false,"campfire_upgraded":4,"win_rate":0,"timestamp":1544297696,"path_taken":["M","M","M","?","M","E","R","E","T","M","$","M","?","E","R","BOSS","M","?","?","?","?","?","E","R","T","R","?","$","M","?","R","BOSS","M","M","?","$","?","R","M","$","T","M","M","R","?","?","R","BOSS"],"build_version":"2018-12-06","purchased_purges":1,"victory":true,"max_hp_per_floor":[75,75,75,75,75,75,75,75,85,90,90,90,90,90,90,90,90,90,90,90,90,90,90,90,90,90,90,90,90,90,90,90,90,90,90,90,90,90,79,79,79,79,79,79,79,79,79,79,79,79],"card_choices":[{"not_picked":["Go for the Eyes","Consume"],"picked":"Ball Lightning","floor":1.0},{"not_picked":["Leap","Barrage"],"picked":"Hologram","floor":2.0},{"not_picked":["Chaos","Hologram","Cold Snap"],"picked":"SKIP","floor":3.0},{"not_picked":["Rebound","Storm"],"picked":"Gash","floor":5.0},{"not_picked":["Ball Lightning","Blizzard","Streamline"],"picked":"SKIP","floor":6.0},{"not_picked":["Steam","Hello World","Redo"],"picked":"SKIP","floor":8.0},{"not_picked":["Melter","Barrage","Steam"],"picked":"SKIP","floor":10.0},{"not_picked":["Cold Snap","Hologram","Sweeping Beam"],"picked":"SKIP","floor":12.0},{"not_picked":["Storm","Barrage","Coolheaded"],"picked":"SKIP","floor":14.0},{"not_picked":["Rainbow","Reboot"],"picked":"Core Surge","floor":16.0},{"not_picked":["Redo","Hello World","Compile Driver+1"],"picked":"SKIP","floor":18.0},{"not_picked":["Compile Driver","Rebound+1"],"picked":"Go for the Eyes+1","floor":22.0},{"not_picked":["Compile Driver","Sunder","Rebound+1"],"picked":"SKIP","floor":30},{"not_picked":["Sweeping Beam+1","Defragment+1"],"picked":"Reinforced Body+1","floor":36},{"not_picked":["Barrage","Rip and Tear"],"picked":"Streamline+1","floor":37},{"not_picked":["Steam Power+1","Ball Lightning","Loop"],"picked":"SKIP","floor":41},{"not_picked":["Rebound+1","Redo","Cold Snap+1"],"picked":"SKIP","floor":44},{"not_picked":["Stack","Redo+1"],"picked":"Tempest+1","floor":45}],"player_experience":198613,"relics_obtained":[{"floor":6.0,"key":"Cables"},{"floor":8.0,"key":"Potion Belt"},{"floor":9.0,"key":"Pear"},{"floor":14.0,"key":"Pocketwatch"},{"floor":26,"key":"Nunchaku"},{"floor":28,"key":"Bronze Scales"},{"floor":43,"key":"Gremlin Horn"}],"event_choices":[{"damage_healed":0.0,"max_hp_gain":0.0,"max_hp_loss":0.0,"gold_gain":0.0,"event_name":"Golden Idol","player_choice":"Take Wound","floor":4.0,"gold_loss":0.0,"damage_taken":0.0,"relics_obtained":["Golden Idol"],"cards_obtained":["Injury"]},{"damage_healed":22.0,"max_hp_gain":0.0,"max_hp_loss":0.0,"gold_gain":0.0,"event_name":"The Cleric","player_choice":"Healed","floor":13.0,"gold_loss":35.0,"damage_taken":0.0},{"cards_removed":["Strike_B"],"damage_healed":0.0,"max_hp_gain":0.0,"max_hp_loss":0.0,"gold_gain":0.0,"event_name":"Beggar","player_choice":"Gave Gold","floor":19.0,"gold_loss":75.0,"damage_taken":0.0},{"damage_healed":0.0,"max_hp_gain":0.0,"max_hp_loss":0.0,"gold_gain":0.0,"event_name":"Addict","player_choice":"Obtained Relic","floor":20.0,"gold_loss":85.0,"damage_taken":0.0,"relics_obtained":["Ice Cream"]},{"damage_healed":0.0,"max_hp_gain":0.0,"max_hp_loss":0.0,"gold_gain":0.0,"event_name":"Forgotten Altar","player_choice":"Gave Idol","floor":23.0,"relics_lost":["Golden Idol"],"gold_loss":0.0,"damage_taken":0.0,"relics_obtained":["Bloody Idol"]},{"damage_healed":0,"gold_gain":0,"player_choice":"","damage_taken":9,"max_hp_gain":0,"max_hp_loss":0,"event_name":"Knowing Skull","floor":31,"potions_obtained":[],"gold_loss":0,"cards_obtained":[]},{"damage_healed":79,"gold_gain":0,"player_choice":"Heal","damage_taken":0,"max_hp_gain":0,"max_hp_loss":11,"event_name":"The Moai Head","floor":39,"gold_loss":0},{"cards_removed":["Go for the Eyes"],"damage_healed":0,"gold_gain":0,"player_choice":"Removed Attack","damage_taken":0,"max_hp_gain":0,"max_hp_loss":0,"event_name":"Falling","floor":48,"gold_loss":0}],"is_beta":false,"boss_relics":[{"not_picked":["Coffee Dripper","Orrery"],"picked":"Cursed Key"},{"not_picked":["Fusion Hammer","Nuclear Battery"],"picked":"Empty Cage"}],"items_purged_floors":[11],"is_endless":false,"potions_floor_spawned":[2,8,14,22,30,33,36,45],"ascension_level":9}