{"gold_per_floor":[113,38,51,51,16,16,50,50,50,50,64,91,102,102,102,176,176,196,121,121,132,142,142,161,161,161,177,177,212,225,271,271,271],"floor_reached":33,"playtime":763,"items_purged":["Defend_R"],"score":559,"play_id":"07d1ffd3-6467-4722-b2d8-957592e2c3b9","local_time":"25611214202155","is_ascension_mode":true,"campfire_choices":[{"data":"Armaments","floor":6.0,"key":"SMITH"},{"floor":15.0,"key":"REST"},{"floor":23.0,"key":"REST"},{"data":"Whirlwind","floor":25.0,"key":"SMITH"},{"data":"J.A.X.","floor":28.0,"key":"SMITH"},{"floor":32.0,"key":"REST"}],"neow_cost":"NONE","seed_source_timestamp":4490108062497,"circlet_count":0,"master_deck":["AscendersBane","Strike_R+1","Strike_R+1","Strike_R","Strike_R","Defend_R","Defend_R","Defend_R","Bash","Shockwave","Armaments+1","Whirlwind+1","Perfected Strike+1","Exhume","Flex","Double Tap","J.A.X.+1","Heavy Blade+1","Shrug It Off","Ghostly Armor+1","Iron Wave+1"],"special_seed":0,"relics":["Burning Blood","NeowsBlessing","Lantern","Sundial","Molten Egg 2","Paper Frog","Mark of Pain","Toxic Egg 2","Darkstone Periapt","Smiling Mask"],"potions_floor_usage":[],"damage_taken":[{"damage":0.0,"enemies":"Jaw Worm","floor":1.0,"turns":1.0},{"damage":0.0,"enemies":"Small Slimes","floor":3.0,"turns":1.0},{"damage":0.0,"enemies":"Gremlin Nob","floor":7.0,"turns":1.0},{"damage":0.0,"enemies":"2 Louse","floor":11.0,"turns":2.0},{"damage":25.0,"enemies":"Lagavulin","floor":12.0,"turns":4.0},{"damage":8.0,"enemies":"Looter","floor":13.0,"turns":2.0},{"damage":0.0,"enemies":"Blue Slaver","floor":14.0,"turns":1.0},{"damage":48.0,"enemies":"Slime Boss","floor":16.0,"turns":10.0},{"damage":16.0,"enemies":"Chosen","floor":18.0,"turns":4.0},{"damage":36.0,"enemies":"Spheric Guardian","floor":21.0,"turns":5.0},{"damage":0.0,"enemies":"Snake Plant","floor":22.0,"turns":1.0},{"damage":3.0,"enemies":"Centurion and Healer","floor":24.0,"turns":3.0},{"damage":13.0,"enemies":"Snecko","floor":27.0,"turns":3.0},{"damage":2.0,"enemies":"Slavers","floor":29.0,"turns":2.0},{"damage":8.0,"enemies":"Cultist and Chosen","floor":30.0,"turns":5.0},{"damage":87,"enemies":"Automaton","floor":33,"turns":6}],"seed_played":"7302256817654511031","potions_obtained":[{"floor":3.0,"key":"Energy Potion"},{"floor":11.0,"key":"SmokeBomb"},{"floor":21.0,"key":"SteroidPotion"},{"floor":24.0,"key":"Explosive Potion"},{"floor":27.0,"key":"SpeedPotion"}],"is_trial":false,"path_per_floor":["M","$","M","?","?","R","E","?","T","?","M","E","M","M","R","B",null,"M","?","?","M","M","R","M","R","T","M","R","E","M","T","R","B"],"character_chosen":"IRONCLAD","items_purchased":[],"campfire_rested":3,"item_purchase_floors":[],"current_hp_per_floor":[74,74,75,49,67,67,73,50,50,55,61,42,40,46,70,28,67,57,57,57,27,33,57,60,60,60,53,53,57,55,55,79,0],"gold":271,"neow_bonus":"THREE_ENEMY_KILL","is_prod":false,"is_daily":false,"chose_seed":false,"campfire_upgraded":3,"win_rate":0,"timestamp":1544793715,"path_taken":["M","$","M","?","?","R","E","?","T","?","M","E","M","M","R","BOSS","M","?","?","M","M","R","M","R","T","M","R","E","M","?","R","BOSS"],"build_version":"2018-12-13","purchased_purges":1,"victory":false,"max_hp_per_floor":[75,75,75,75,75,75,75,75,75,80,80,80,80,80,80,80,80,80,80,80,80,80,80,80,80,80,80,80,80,80,80,80,80],"card_choices":[{"not_picked":["Flex","Clothesline"],"picked":"Shockwave","floor":1.0},{"not_picked":["Wild Strike","Twin Strike"],"picked":"Armaments","floor":3.0},{"not_picked":["Disarm","Shockwave"],"picked":"Whirlwind","floor":7.0},{"not_picked":["Pummel+1","Heavy Blade+1"],"picked":"Perfected Strike+1","floor":11.0},{"not_picked":["Rampage+1","Heavy Blade+1"],"picked":"Exhume","floor":12.0},{"not_picked":["Thunderclap+1","Clothesline+1"],"picked":"Flex","floor":13.0},{"not_picked":["Offering","Exhume"],"picked":"Double Tap","floor":16.0},{"not_picked":["Combust","Clash+1","Headbutt+1"],"picked":"SKIP","floor":18.0},{"not_picked":["Havoc","Intimidate"],"picked":"Heavy Blade+1","floor":21.0},{"not_picked":["Clash+1","Thunderclap+1"],"picked":"Shrug It Off","floor":22.0},{"not_picked":["Sword Boomerang+1","Juggernaut","Wild Strike+1"],"picked":"SKIP","floor":24.0},{"not_picked":["Shockwave+1","Dual Wield+1"],"picked":"Ghostly Armor+1","floor":27.0},{"not_picked":["Armaments+1","Wild Strike+1"],"picked":"Iron Wave+1","floor":29.0},{"not_picked":["Thunderclap+1","Havoc+1","Cleave+1"],"picked":"SKIP","floor":30.0}],"player_experience":205463,"relics_obtained":[{"floor":7.0,"key":"Sundial"},{"floor":9.0,"key":"Molten Egg 2"},{"floor":12.0,"key":"Paper Frog"},{"floor":26.0,"key":"Toxic Egg 2"},{"floor":29.0,"key":"Darkstone Periapt"},{"floor":31.0,"key":"Smiling Mask"}],"event_choices":[{"damage_healed":0.0,"max_hp_gain":0.0,"max_hp_loss":0.0,"gold_gain":0.0,"event_name":"Scrap Ooze","player_choice":"Success","floor":4.0,"gold_loss":0.0,"damage_taken":26.0,"relics_obtained":["Lantern"]},{"damage_healed":18.0,"max_hp_gain":0.0,"max_hp_loss":0.0,"gold_gain":0.0,"event_name":"The Cleric","player_choice":"Healed","floor":5.0,"gold_loss":35.0,"damage_taken":0.0},{"damage_healed":0.0,"max_hp_gain":0.0,"max_hp_loss":0.0,"gold_gain":0.0,"event_name":"Shining Light","player_choice":"Entered Light","floor":8.0,"gold_loss":0.0,"damage_taken":23.0,"cards_upgraded":["Strike_R","Strike_R"]},{"damage_healed":0.0,"max_hp_gain":5.0,"max_hp_loss":0.0,"gold_gain":0.0,"event_name":"Big Fish","player_choice":"Donut","floor":10.0,"gold_loss":0.0,"damage_taken":0.0},{"cards_removed":["Strike_R"],"damage_healed":0.0,"max_hp_gain":0.0,"max_hp_loss":0.0,"gold_gain":0.0,"event_name":"Beggar","player_choice":"Gave Gold","floor":19.0,"gold_loss":75.0,"damage_taken":0.0},{"damage_healed":0.0,"max_hp_gain":0.0,"max_hp_loss":0.0,"gold_gain":0.0,"event_name":"Drug Dealer","player_choice":"Obtain J.A.X.","floor":20.0,"gold_loss":0.0,"damage_taken":0.0,"cards_obtained":["J.A.X."]}],"is_beta":false,"boss_relics":[{"not_picked":["White Beast Statue","Ectoplasm"],"picked":"Mark of Pain"}],"items_purged_floors":[2],"is_endless":false,"potions_floor_spawned":[3,11,14,21,24,27],"killed_by":"Automaton","ascension_level":17}