{"gold_per_floor":[109,184,34,52,52,87,87,100,154,172,172,201,201,215,215,292,292,292,232,232,4,4,4,4,4,4,4,4,4,4,4,4,4,4,4,4,4,4,4,4,4,0,0,0,0,0,0,0,0,0],"floor_reached":50,"playtime":1914,"items_purged":["Defend_G"],"score":957,"play_id":"17a7e8aa-ed22-4e9c-a4e5-39b3e28a2e6b","local_time":"20190113214027","is_ascension_mode":true,"campfire_choices":[{"data":"Neutralize","floor":7.0,"key":"SMITH"},{"data":"Poisoned Stab","floor":11.0,"key":"SMITH"},{"data":"Prepared","floor":15.0,"key":"SMITH"},{"data":"Caltrops","floor":23.0,"key":"SMITH"},{"data":"Malaise","floor":25.0,"key":"SMITH"},{"data":"Noxious Fumes","floor":30.0,"key":"SMITH"},{"data":"Deadly Poison","floor":32.0,"key":"SMITH"},{"floor":40,"key":"REST"},{"floor":49,"key":"REST"}],"neow_cost":"NONE","seed_source_timestamp":0,"circlet_count":0,"master_deck":["AscendersBane","Defend_G+1","Defend_G","Defend_G","Defend_G","Survivor","Neutralize+1","Prepared+1","Poisoned Stab+1","Catalyst+1","Catalyst+1","Malaise+1","Leg Sweep","PiercingWail","Bite","Bite","Bite","Bite","Bite","Caltrops+1","Noxious Fumes+1","Deadly Poison+1","Deadly Poison","Burst","Madness","Madness","Panache"],"special_seed":0,"relics":["Ring of the Snake","NeowsBlessing","Bag of Marbles","Oddly Smooth Stone","Pen Nib","Smiling Mask","Ectoplasm","War Paint","Lantern","Bronze Scales","Orichalcum","Fusion Hammer","Red Mask","Boot"],"potions_floor_usage":[50,50],"damage_taken":[{"damage":0.0,"enemies":"2 Louse","floor":1.0,"turns":1.0},{"damage":0.0,"enemies":"Small Slimes","floor":4.0,"turns":1.0},{"damage":0.0,"enemies":"Lagavulin","floor":6.0,"turns":1.0},{"damage":0.0,"enemies":"Cultist","floor":8.0,"turns":4.0},{"damage":0.0,"enemies":"Gremlin Gang","floor":10.0,"turns":2.0},{"damage":4.0,"enemies":"Gremlin Nob","floor":12.0,"turns":3.0},{"damage":6.0,"enemies":"Large Slime","floor":14.0,"turns":5.0},{"damage":9.0,"enemies":"Hexaghost","floor":16.0,"turns":6.0},{"damage":1.0,"enemies":"Shell Parasite","floor":18.0,"turns":5.0},{"damage":7.0,"enemies":"2 Thieves","floor":19.0,"turns":4.0},{"damage":15.0,"enemies":"Snecko","floor":22.0,"turns":9.0},{"damage":0.0,"enemies":"Gremlin Leader","floor":24.0,"turns":2.0},{"damage":13.0,"enemies":"Snake Plant","floor":27.0,"turns":3.0},{"damage":5.0,"enemies":"Cultist and Chosen","floor":29.0,"turns":7.0},{"damage":16.0,"enemies":"Book of Stabbing","floor":31.0,"turns":5.0},{"damage":23.0,"enemies":"Collector","floor":33.0,"turns":6.0},{"damage":5.0,"enemies":"Orb Walker","floor":35.0,"turns":4.0},{"damage":24.0,"enemies":"3 Shapes","floor":37.0,"turns":6.0},{"damage":0,"enemies":"Transient","floor":41,"turns":5},{"damage":13,"enemies":"Jaw Worm Horde","floor":47,"turns":4},{"damage":11,"enemies":"3 Darklings","floor":48,"turns":6},{"damage":93,"enemies":"Awakened One","floor":50,"turns":11}],"seed_played":"-8386692734450978741","potions_obtained":[{"floor":6.0,"key":"SkillPotion"},{"floor":8.0,"key":"AttackPotion"},{"floor":10.0,"key":"SteroidPotion"},{"floor":12.0,"key":"PowerPotion"},{"floor":14.0,"key":"EntropicBrew"},{"floor":18.0,"key":"Strength Potion"},{"floor":24.0,"key":"LiquidBronze"},{"floor":35.0,"key":"Weak Potion"}],"is_trial":false,"path_per_floor":["M","?","$","M","?","E","R","M","T","M","R","E","?","M","R","B",null,"M","M","?","$","M","R","E","R","T","M","?","M","R","E","R","B",null,"M","?","M","?","$","R","M","?","T","?","$","?","M","M","R","B"],"character_chosen":"THE_SILENT","items_purchased":["Bag of Marbles","War Paint","Caltrops"],"campfire_rested":2,"item_purchase_floors":[3,21,21],"current_hp_per_floor":[63,52,52,52,52,52,52,52,52,52,52,48,48,42,42,33,61,60,53,49,49,42,42,44,44,44,36,36,47,47,45,45,34,45,44,38,24,24,24,38,49,49,49,49,49,49,42,47,49,0],"gold":0,"neow_bonus":"THREE_ENEMY_KILL","is_prod":false,"is_daily":false,"chose_seed":false,"campfire_upgraded":7,"win_rate":0,"timestamp":1547412027,"path_taken":["M","?","$","M","?","E","R","?","T","?","R","E","?","M","R","BOSS","M","M","?","$","M","R","E","R","T","M","?","M","R","E","R","BOSS","M","?","M","?","?","R","?","?","T","?","$","?","M","M","R","BOSS"],"build_version":"2019-01-10","purchased_purges":1,"victory":false,"max_hp_per_floor":[70,70,70,70,70,70,70,70,70,70,70,70,70,70,70,70,70,70,70,49,49,49,49,49,49,49,49,49,49,49,49,49,49,49,49,49,49,49,49,49,49,49,49,49,49,49,49,49,49,49],"card_choices":[{"not_picked":["Slice","Acrobatics"],"picked":"Prepared","floor":1.0},{"not_picked":["Accuracy","Catalyst"],"picked":"Heel Hook","floor":4.0},{"not_picked":["Finisher","Escape Plan"],"picked":"Poisoned Stab","floor":6.0},{"not_picked":["Finisher","Deflect"],"picked":"Catalyst","floor":8.0},{"not_picked":["Tactician","Endless Agony"],"picked":"Catalyst","floor":10.0},{"not_picked":["Concentrate","Dagger Throw","Slice"],"picked":"SKIP","floor":12.0},{"not_picked":["Concentrate","Flying Knee","Masterful Stab"],"picked":"SKIP","floor":14.0},{"not_picked":["Grand Finale","Storm of Steel"],"picked":"Malaise","floor":16.0},{"not_picked":["Tactician","Prepared"],"picked":"Leg Sweep","floor":18.0},{"not_picked":["Deflect","Concentrate"],"picked":"PiercingWail","floor":19.0},{"not_picked":["Blade Dance","Quick Slash","Finisher"],"picked":"SKIP","floor":22.0},{"not_picked":["Masterful Stab","Expertise","Cloak And Dagger"],"picked":"SKIP","floor":24.0},{"not_picked":["Backflip","Deflect+1","Dash"],"picked":"SKIP","floor":27.0},{"not_picked":["Blade Dance","Sucker Punch"],"picked":"Deadly Poison","floor":29.0},{"not_picked":["Backflip+1","Phantasmal Killer"],"picked":"Deadly Poison","floor":31.0},{"not_picked":["Venomology","Phantasmal Killer"],"picked":"Burst","floor":33.0},{"not_picked":["Backflip","Blade Dance","Finisher"],"picked":"SKIP","floor":35.0},{"not_picked":["Poisoned Stab","Blade Dance","Acrobatics"],"picked":"SKIP","floor":37.0},{"not_picked":["Tactician","Reflex+1","Prepared"],"picked":"SKIP","floor":41},{"not_picked":["Panacea","Metamorphosis"],"picked":"Panache","floor":46},{"not_picked":["Concentrate","Quick Slash","Prepared"],"picked":"SKIP","floor":47},{"not_picked":["Leg Sweep+1","Masterful Stab","Tactician"],"picked":"SKIP","floor":48}],"player_experience":454955,"relics_obtained":[{"floor":6.0,"key":"Oddly Smooth Stone"},{"floor":9.0,"key":"Pen Nib"},{"floor":12.0,"key":"Smiling Mask"},{"floor":24.0,"key":"Lantern"},{"floor":26.0,"key":"Bronze Scales"},{"floor":31.0,"key":"Orichalcum"},{"floor":43,"key":"Boot"}],"event_choices":[{"damage_healed":0.0,"max_hp_gain":0.0,"max_hp_loss":0.0,"gold_gain":75.0,"event_name":"World of Goop","player_choice":"Gather Gold","floor":2.0,"gold_loss":0.0,"damage_taken":11.0},{"damage_healed":0.0,"max_hp_gain":0.0,"max_hp_loss":0.0,"gold_gain":0.0,"event_name":"The Woman in Blue","player_choice":"Bought 0 Potions","floor":5.0,"gold_loss":0.0,"damage_taken":0.0},{"damage_healed":0.0,"max_hp_gain":0.0,"max_hp_loss":0.0,"gold_gain":0.0,"event_name":"Upgrade Shrine","player_choice":"Upgraded","floor":13.0,"gold_loss":0.0,"damage_taken":0.0,"cards_upgraded":["Catalyst"]},{"damage_healed":0.0,"max_hp_gain":0.0,"max_hp_loss":21.0,"gold_gain":0.0,"event_name":"Vampires","player_choice":"Became a vampire","floor":20.0,"gold_loss":0.0,"damage_taken":0.0,"cards_obtained":["Bite","Bite","Bite","Bite","Bite"]},{"damage_healed":0.0,"max_hp_gain":0.0,"max_hp_loss":0.0,"gold_gain":0.0,"event_name":"The Library","player_choice":"Read","floor":28.0,"gold_loss":0.0,"damage_taken":0.0,"cards_obtained":["Noxious Fumes"]},{"damage_healed":0.0,"max_hp_gain":0.0,"max_hp_loss":0.0,"gold_gain":0.0,"event_name":"Winding Halls","player_choice":"Embrace Madness","floor":36.0,"gold_loss":0.0,"damage_taken":6.0,"cards_obtained":["Madness","Madness"]},{"damage_healed":0,"gold_gain":0,"player_choice":"Ignored","damage_taken":0,"max_hp_gain":0,"max_hp_loss":0,"event_name":"Mysterious Sphere","floor":38,"gold_loss":0},{"damage_healed":0,"gold_gain":0,"player_choice":"Paid","damage_taken":0,"relics_obtained":["Red Mask"],"max_hp_gain":0,"max_hp_loss":0,"event_name":"Tomb of Lord Red Mask","floor":42,"gold_loss":4},{"cards_removed":["Heel Hook"],"damage_healed":0,"gold_gain":0,"player_choice":"Removed Attack","damage_taken":0,"max_hp_gain":0,"max_hp_loss":0,"event_name":"Falling","floor":44,"gold_loss":0},{"damage_healed":0,"gold_gain":0,"player_choice":"Memory 1","damage_taken":0,"max_hp_gain":0,"max_hp_loss":0,"event_name":"SensoryStone","floor":46,"gold_loss":0}],"is_beta":false,"boss_relics":[{"not_picked":["WristBlade","Velvet Choker"],"picked":"Ectoplasm"},{"not_picked":["Pandora\u0027s Box","Lizard Tail"],"picked":"Fusion Hammer"}],"items_purged_floors":[21],"is_endless":false,"potions_floor_spawned":[6,8,10,12,14,18,24,29,35,37],"killed_by":"Awakened One","ascension_level":13}