{"gold_per_floor":[219,238,238,62,73,106,136,148,185,197,209,221,266,297,309,321],"floor_reached":16,"playtime":621,"items_purged":[],"score":193,"play_id":"1a5de332-fe17-4e3a-8912-ece3a294a4d5","local_time":"20181023105259","is_ascension_mode":true,"campfire_choices":[{"data":"Cloak And Dagger","floor":8,"key":"SMITH"},{"data":"Dash","floor":12,"key":"SMITH"},{"floor":15,"key":"REST"}],"neow_cost":"NONE","seed_source_timestamp":11104775169501,"circlet_count":0,"master_deck":["Defend_G","Defend_G","Defend_G","Defend_G","Defend_G","Strike_G","Strike_G","Strike_G","Strike_G","Strike_G","Survivor","Neutralize+1","AscendersBane","Dagger Spray","Flying Knee","Deflect","Infinite Blades","Sucker Punch","Dash+1","Cloak And Dagger+1","PiercingWail","Dagger Spray"],"relics":["Ring of the Snake","MawBank","Regal Pillow","Art of War"],"potions_floor_usage":[],"damage_taken":[{"damage":0,"enemies":"2 Louse","floor":1,"turns":6},{"damage":6,"enemies":"Jaw Worm","floor":2,"turns":6},{"damage":0,"enemies":"Small Slimes","floor":5,"turns":3},{"damage":25,"enemies":"3 Sentries","floor":6,"turns":8},{"damage":0,"enemies":"Looter","floor":7,"turns":4},{"damage":35,"enemies":"Gremlin Nob","floor":13,"turns":5},{"damage":0,"enemies":"2 Fungi Beasts","floor":14,"turns":4},{"damage":66,"enemies":"The Guardian","floor":16,"turns":18}],"seed_played":"8682137011967045406","potions_obtained":[{"floor":13,"key":"FairyPotion"}],"is_trial":false,"path_per_floor":["M","M","?","$","M","E","M","R","T","?","?","R","E","M","R"],"character_chosen":"THE_SILENT","items_purchased":["Deflect","Infinite Blades","Sucker Punch"],"campfire_rested":1,"item_purchase_floors":[4,4,4],"current_hp_per_floor":[59,53,53,53,53,28,28,28,28,28,50,50,15,15,49,0],"gold":321,"neow_bonus":"HUNDRED_GOLD","is_prod":false,"is_daily":false,"chose_seed":false,"campfire_upgraded":2,"win_rate":0,"timestamp":1540317179,"path_taken":["M","M","?","$","M","E","M","R","T","?","?","R","E","?","R","BOSS"],"build_version":"2018-10-18","purchased_purges":0,"victory":false,"max_hp_per_floor":[66,66,66,66,66,66,66,66,66,66,66,66,66,66,66,66],"card_choices":[{"not_picked":["Dagger Throw","Blade Dance"],"picked":"Dagger Spray","floor":1},{"not_picked":["Prepared","Acrobatics"],"picked":"Flying Knee","floor":2},{"not_picked":["Reflex","Eviscerate","Underhanded Strike"],"picked":"SKIP","floor":5},{"not_picked":["Corpse Explosion","Slice"],"picked":"Dash","floor":6},{"not_picked":["Deflect","Sucker Punch"],"picked":"Cloak And Dagger","floor":7},{"not_picked":["Flechettes","Poisoned Stab"],"picked":"PiercingWail","floor":13},{"not_picked":["Dash","Flechettes"],"picked":"Dagger Spray","floor":14}],"player_experience":1436285,"relics_obtained":[{"floor":6,"key":"MawBank"},{"floor":9,"key":"Regal Pillow"},{"floor":13,"key":"Art of War"}],"event_choices":[{"damage_healed":0,"gold_gain":0,"player_choice":"Grow","damage_taken":0,"max_hp_gain":0,"max_hp_loss":0,"event_name":"Living Wall","floor":3,"gold_loss":0,"cards_upgraded":["Neutralize"]},{"damage_healed":0,"gold_gain":0,"player_choice":"Ignored","damage_taken":0,"max_hp_gain":0,"max_hp_loss":0,"event_name":"Golden Idol","floor":10,"gold_loss":0},{"damage_healed":22,"gold_gain":0,"player_choice":"Banana","damage_taken":0,"max_hp_gain":0,"max_hp_loss":0,"event_name":"Big Fish","floor":11,"gold_loss":0}],"is_beta":false,"boss_relics":[],"items_purged_floors":[],"is_endless":false,"potions_floor_spawned":[13],"killed_by":"The Guardian","ascension_level":15}