{"gold_per_floor":[117,192,261,14,14,14,14,48,72,72],"floor_reached":10,"playtime":282,"items_purged":[],"score":109,"play_id":"c31c92cb-b1b8-4233-b605-fa63b8542797","local_time":"20190417093504","is_ascension_mode":true,"campfire_choices":[{"data":"Shrug It Off","floor":6.0,"key":"SMITH"}],"neow_cost":"NONE","seed_source_timestamp":6823732827358,"circlet_count":0,"master_deck":["AscendersBane","Strike_R","Strike_R","Strike_R","Strike_R","Strike_R","Defend_R","Defend_R","Defend_R","Defend_R","Bash+1","Shrug It Off+1","Armaments+1"],"special_seed":0,"relics":["Burning Blood","Toxic Egg 2","Potion Belt","Pen Nib"],"potions_floor_usage":[10],"damage_taken":[{"damage":10.0,"enemies":"Small Slimes","floor":1.0,"turns":4.0},{"damage":42.0,"enemies":"Lagavulin","floor":8.0,"turns":8.0},{"damage":25,"enemies":"3 Sentries","floor":10,"turns":10}],"seed_played":"-4457055655309648661","potions_obtained":[{"floor":1.0,"key":"Fire Potion"},{"floor":8.0,"key":"Swift Potion"}],"is_trial":false,"path_per_floor":["M","?","?","$","?","R","$","E","T","E"],"character_chosen":"IRONCLAD","items_purchased":["Toxic Egg 2"],"campfire_rested":0,"item_purchase_floors":[4],"current_hp_per_floor":[64,53,53,53,53,53,53,17,17,0],"gold":72,"neow_bonus":"UPGRADE_CARD","is_prod":false,"is_daily":false,"chose_seed":false,"campfire_upgraded":1,"win_rate":0,"timestamp":1555518904,"path_taken":["M","?","?","$","?","R","?","E","T","E"],"build_version":"2019-01-23","purchased_purges":0,"victory":false,"max_hp_per_floor":[75,75,75,75,75,75,75,75,75,75],"card_choices":[{"not_picked":["True Grit","Evolve"],"picked":"Shrug It Off","floor":1.0},{"not_picked":["Metallicize","True Grit+1"],"picked":"Armaments+1","floor":8.0}],"player_experience":2454036,"relics_obtained":[{"floor":8.0,"key":"Potion Belt"},{"floor":9.0,"key":"Pen Nib"}],"event_choices":[{"damage_healed":0.0,"max_hp_gain":0.0,"max_hp_loss":0.0,"gold_gain":75.0,"event_name":"World of Goop","player_choice":"Gather Gold","floor":2.0,"gold_loss":0.0,"damage_taken":11.0},{"damage_healed":0.0,"max_hp_gain":0.0,"max_hp_loss":0.0,"gold_gain":69.0,"event_name":"Golden Wing","player_choice":"Gained Gold","floor":3.0,"gold_loss":0.0,"damage_taken":0.0},{"damage_healed":0.0,"max_hp_gain":0.0,"max_hp_loss":0.0,"gold_gain":0.0,"event_name":"The Cleric","player_choice":"Leave","floor":5.0,"gold_loss":0.0,"damage_taken":0.0}],"is_beta":false,"boss_relics":[],"items_purged_floors":[],"is_endless":false,"potions_floor_spawned":[1,8],"killed_by":"3 Sentries","ascension_level":15}