{"gold_per_floor":[217,232,245,39,59,92,92,135,135,154,174,25,99,115,115,243,243,257,180,105,5,20,20,54,54,54,54,74,74],"floor_reached":29,"playtime":986,"items_purged":["Injury","Spot Weakness"],"score":382,"play_id":"427ced67-739e-4292-bcba-38a5ab61e4b2","local_time":"25610724183312","is_ascension_mode":true,"campfire_choices":[{"floor":15,"key":"REST"},{"data":"Armaments","floor":23,"key":"SMITH"},{"floor":25,"key":"REST"},{"floor":27,"key":"REST"}],"neow_cost":"NONE","seed_source_timestamp":24006728457960,"circlet_count":0,"master_deck":["Bash","Rampage","Clothesline","Warcry","Burning Pact","Thunderclap","Clash","Feed","Impervious","Iron Wave","Headbutt","Spot Weakness","Perfected Strike","Heavy Blade","Dual Wield","Sword Boomerang","Armaments+1","J.A.X.","Flame Barrier+1"],"relics":["Burning Blood","Lee\u0027s Waffle","Mercury Hourglass","Golden Idol","Vajra","Oddly Smooth Stone","Pandora\u0027s Box","Pear","Strawberry"],"potions_floor_usage":[5,5,6,11,11,11,14,16,24,29],"damage_taken":[{"damage":12,"enemies":"Jaw Worm","floor":1,"turns":3},{"damage":7,"enemies":"2 Louse","floor":2,"turns":3},{"damage":0,"enemies":"Small Slimes","floor":3,"turns":3},{"damage":32,"enemies":"Gremlin Gang","floor":5,"turns":4},{"damage":24,"enemies":"Gremlin Nob","floor":6,"turns":4},{"damage":35,"enemies":"Lagavulin","floor":8,"turns":5},{"damage":4,"enemies":"Looter","floor":10,"turns":3},{"damage":0,"enemies":"Exordium Wildlife","floor":11,"turns":3},{"damage":6,"enemies":"Large Slime","floor":14,"turns":4},{"damage":25,"enemies":"Slime Boss","floor":16,"turns":9},{"damage":0,"enemies":"3 Byrds","floor":18,"turns":4},{"damage":30,"enemies":"2 Thieves","floor":22,"turns":3},{"damage":66,"enemies":"Gremlin Leader","floor":24,"turns":6},{"damage":32,"enemies":"Sentry and Sphere","floor":28,"turns":5},{"damage":36,"enemies":"Book of Stabbing","floor":29,"turns":5}],"seed_played":"3476084927987599238","potions_obtained":[{"floor":1,"key":"LiquidBronze"},{"floor":2,"key":"Swift Potion"},{"floor":3,"key":"SkillPotion"},{"floor":10,"key":"EntropicBrew"},{"floor":22,"key":"AttackPotion"},{"floor":28,"key":"Fire Potion"}],"is_trial":false,"path_per_floor":["M","M","M","$","M","E","?","E","T","M","M","$","?","M","R","B",null,"M","?","?","$","M","R","E","R","T","R","M"],"character_chosen":"IRONCLAD","items_purchased":["Lee\u0027s Waffle","BloodPotion"],"campfire_rested":3,"item_purchase_floors":[4,12],"current_hp_per_floor":[66,65,71,87,61,43,43,14,14,16,31,31,31,42,69,53,83,89,89,89,89,68,68,18,49,56,89,66,30],"gold":74,"neow_bonus":"HUNDRED_GOLD","is_prod":false,"is_daily":false,"chose_seed":true,"campfire_upgraded":1,"win_rate":0,"timestamp":1532431992,"path_taken":["M","M","M","$","M","E","?","E","T","?","M","$","?","M","R","BOSS","M","?","?","$","M","R","E","R","T","R","M","E"],"build_version":"2018-07-19v2","purchased_purges":2,"victory":false,"max_hp_per_floor":[80,80,80,87,87,87,87,87,87,87,87,87,87,90,90,93,93,93,93,93,93,96,96,106,106,113,113,116,116],"card_choices":[{"not_picked":["Clothesline","Second Wind"],"picked":"Rampage","floor":1},{"not_picked":["Rupture","Sword Boomerang"],"picked":"Clothesline","floor":2},{"not_picked":["Anger","Perfected Strike"],"picked":"Warcry","floor":3},{"not_picked":["Sword Boomerang","Body Slam"],"picked":"Burning Pact","floor":5},{"not_picked":["Pommel Strike","Havoc"],"picked":"Thunderclap","floor":6},{"not_picked":["Thunderclap","Burning Pact"],"picked":"Clash","floor":8},{"not_picked":["Pummel","Thunderclap","Havoc"],"picked":"SKIP","floor":10},{"not_picked":["Shockwave","Carnage"],"picked":"Feed","floor":11},{"not_picked":["True Grit","Clothesline","Thunderclap"],"picked":"SKIP","floor":14},{"not_picked":["Barricade","Juggernaut"],"picked":"Impervious","floor":16},{"not_picked":["Sword Boomerang+1","Anger"],"picked":"Armaments","floor":18},{"not_picked":["Perfected Strike","Clash","Pummel"],"picked":"SKIP","floor":22},{"not_picked":["Uppercut","Cleave"],"picked":"Flame Barrier+1","floor":24},{"not_picked":["Heavy Blade","Body Slam","Clothesline"],"picked":"SKIP","floor":28}],"player_experience":129039,"relics_obtained":[{"floor":6,"key":"Mercury Hourglass"},{"floor":8,"key":"Vajra"},{"floor":9,"key":"Oddly Smooth Stone"},{"floor":24,"key":"Pear"},{"floor":26,"key":"Strawberry"}],"event_choices":[{"event_name":"Golden Idol","player_choice":"Take Wound","floor":7,"damage_taken":0},{"event_name":"Golden Wing","player_choice":"Gained Gold","floor":13,"damage_taken":0},{"event_name":"Drug Dealer","player_choice":"Got JAXXED","floor":19,"damage_taken":0},{"event_name":"Beggar","player_choice":"Gave Gold","floor":20,"damage_taken":0}],"is_beta":false,"boss_relics":[{"not_picked":["Philosopher\u0027s Stone","White Beast Statue"],"picked":"Pandora\u0027s Box"}],"items_purged_floors":[12,21],"is_endless":false,"potions_floor_spawned":[1,2,3,10,22,28],"killed_by":"Book of Stabbing","ascension_level":6}