{"gold_per_floor":[118,43,57,57,57,57,91,112,137,167,195,222,248,301,313,453,465,490,502,429,22,45,45,80,50,50,73,73,25,102,120,120,120],"floor_reached":33,"playtime":802,"items_purged":["Strike_R","Strike_R"],"score":332,"play_id":"1d009918-7c91-4d3b-ab15-a47c46918ac5","local_time":"25610720172524","is_ascension_mode":true,"campfire_choices":[{"data":"Carnage","floor":6,"key":"SMITH"},{"data":"Armaments","floor":15,"key":"SMITH"},{"floor":23,"key":"REST"},{"floor":28,"key":"REST"},{"floor":32,"key":"REST"}],"neow_cost":"NONE","seed_source_timestamp":22267856471147,"circlet_count":0,"master_deck":["Strike_R+1","Strike_R","Strike_R","Defend_R","Defend_R+1","Defend_R","Defend_R+1","Bash","Carnage+1","Thunderclap+1","Disarm","Flame Barrier","Cleave","Armaments+1","Immolate","Demon Form","Headbutt+1","Whirlwind+1","Wild Strike+1"],"relics":["Burning Blood","NeowsBlessing","Golden Idol","War Paint","MawBank","Pen Nib","Nloth\u0027s Gift","Bag of Marbles","Matryoshka","Ancient Tea Set","Bag of Preparation","Bottled Flame","Whetstone","Toxic Egg 2"],"potions_floor_usage":[10,10,14,16,22,24,27,27,33,33,33],"damage_taken":[{"damage":0,"enemies":"2 Louse","floor":1,"turns":1},{"damage":0,"enemies":"Small Slimes","floor":3,"turns":1},{"damage":0,"enemies":"Lagavulin","floor":7,"turns":1},{"damage":0,"enemies":"Cultist","floor":8,"turns":2},{"damage":13,"enemies":"Exordium Thugs","floor":10,"turns":2},{"damage":0,"enemies":"Looter","floor":11,"turns":2},{"damage":6,"enemies":"Blue Slaver","floor":12,"turns":3},{"damage":10,"enemies":"Exordium Wildlife","floor":13,"turns":3},{"damage":22,"enemies":"Gremlin Nob","floor":14,"turns":4},{"damage":27,"enemies":"The Guardian","floor":16,"turns":8},{"damage":36,"enemies":"Shell Parasite","floor":18,"turns":6},{"damage":22,"enemies":"Spheric Guardian","floor":22,"turns":5},{"damage":50,"enemies":"Book of Stabbing","floor":24,"turns":6},{"damage":11,"enemies":"Snake Plant","floor":27,"turns":3},{"damage":0,"enemies":"Slaver and Parasite","floor":31,"turns":1},{"damage":88,"enemies":"Champ","floor":33,"turns":11}],"seed_played":"-2879496576648569309","potions_obtained":[{"floor":3,"key":"PowerPotion"},{"floor":7,"key":"EssenceOfSteel"},{"floor":12,"key":"SpeedPotion"},{"floor":14,"key":"PowerPotion"},{"floor":18,"key":"LiquidBronze"},{"floor":24,"key":"PowerPotion"},{"floor":25,"key":"Fire Potion"},{"floor":25,"key":"SpeedPotion"},{"floor":27,"key":"SpeedPotion"}],"is_trial":false,"path_per_floor":["M","$","M","$","?","R","E","M","T","M","M","M","M","E","R","B",null,"M","?","?","$","M","R","E","?","T","M","R","$","T","M","R"],"character_chosen":"IRONCLAD","items_purchased":["Matryoshka","Regen Potion","FearPotion"],"campfire_rested":3,"item_purchase_floors":[21,21,29],"current_hp_per_floor":[80,80,80,80,60,60,66,72,72,65,71,71,67,51,51,30,80,50,50,50,50,48,72,28,28,28,23,47,47,47,53,77,0],"gold":120,"neow_bonus":"THREE_ENEMY_KILL","is_prod":false,"is_daily":false,"chose_seed":false,"campfire_upgraded":2,"win_rate":0,"timestamp":1532082324,"path_taken":["M","$","M","$","?","R","E","M","T","M","M","M","M","E","R","BOSS","M","?","?","$","?","R","E","?","T","M","R","?","?","M","R","BOSS"],"build_version":"2018-07-19v2","purchased_purges":2,"victory":false,"max_hp_per_floor":[80,80,80,80,80,80,80,80,80,80,80,80,80,80,80,80,80,80,80,80,80,80,80,80,80,80,80,80,80,80,80,80,80],"card_choices":[{"not_picked":["Clash","Rupture","Second Wind"],"picked":"SKIP","floor":1},{"not_picked":["Feel No Pain","Havoc"],"picked":"Carnage","floor":3},{"not_picked":["Intimidate","Second Wind"],"picked":"Thunderclap","floor":7},{"not_picked":["Body Slam","Battle Trance"],"picked":"Disarm","floor":8},{"not_picked":["Clash","Entrench"],"picked":"Flame Barrier","floor":10},{"not_picked":["Iron Wave","Reckless Charge"],"picked":"Cleave","floor":11},{"not_picked":["Burning Pact","Reckless Charge"],"picked":"Armaments","floor":12},{"not_picked":["Dropkick","Clothesline"],"picked":"Immolate","floor":13},{"not_picked":["Iron Wave","Body Slam","Armaments"],"picked":"SKIP","floor":14},{"not_picked":["Exhume","Juggernaut"],"picked":"Demon Form","floor":16},{"not_picked":["Perfected Strike","Rampage+1"],"picked":"Headbutt+1","floor":18},{"not_picked":["Combust+1","Havoc"],"picked":"Whirlwind+1","floor":22},{"not_picked":["Dropkick+1","Twin Strike"],"picked":"Wild Strike+1","floor":24},{"not_picked":["Warcry","Havoc","Limit Break"],"picked":"SKIP","floor":27},{"not_picked":["Wild Strike","Thunderclap+1","Clothesline"],"picked":"SKIP","floor":31}],"player_experience":94513,"relics_obtained":[{"floor":7,"key":"War Paint"},{"floor":9,"key":"MawBank"},{"floor":14,"key":"Pen Nib"},{"floor":24,"key":"Ancient Tea Set"},{"floor":26,"key":"Bag of Preparation"},{"floor":26,"key":"Bottled Flame"},{"floor":30,"key":"Whetstone"},{"floor":30,"key":"Toxic Egg 2"}],"event_choices":[{"event_name":"Golden Idol","player_choice":"Take Damage","floor":5,"damage_taken":0},{"event_name":"N\u0027loth","player_choice":"Traded a Runic Cube","floor":19,"damage_taken":0},{"event_name":"Addict","player_choice":"Obtained Relic","floor":20,"damage_taken":0},{"event_name":"The Woman in Blue","player_choice":"Bought 2 Potions","floor":25,"damage_taken":0}],"is_beta":false,"boss_relics":[{"not_picked":["Runic Dome","Ectoplasm"],"picked":"Runic Cube"}],"items_purged_floors":[2,21],"is_endless":false,"potions_floor_spawned":[3,7,12,14,18,24,27],"killed_by":"Champ","ascension_level":2}