{"gold_per_floor":[116,116,116,134,146,176,176,204,204],"floor_reached":9,"playtime":364,"items_purged":[],"score":142,"play_id":"ecfdb494-52bd-4d12-8ef0-59503cdd4fe1","local_time":"20190119161124","daily_mods":["SealedDeck","DeadlyEvents","Elite Swarm"],"is_ascension_mode":true,"campfire_choices":[{"data":"Go for the Eyes","floor":7,"key":"SMITH"}],"neow_cost":"","seed_source_timestamp":0,"circlet_count":0,"master_deck":["AscendersBane","Compile Driver","Genetic Algorithm","Steam","Leap","Capacitor","Go for the Eyes+1","Ball Lightning","Heatsinks","Cold Snap","Storm+1","Hologram","Rainbow","Fission"],"relics":["Cracked Core","Peace Pipe","Letter Opener"],"potions_floor_usage":[5,6],"damage_taken":[{"damage":1,"enemies":"Small Slimes","floor":1,"turns":3},{"damage":0,"enemies":"Cultist","floor":4,"turns":3},{"damage":3,"enemies":"2 Louse","floor":5,"turns":4},{"damage":11,"enemies":"3 Sentries","floor":6,"turns":8},{"damage":4,"enemies":"Gremlin Nob","floor":8,"turns":4}],"seed_played":"-3806019955727601001","potions_obtained":[{"floor":1,"key":"EssenceOfSteel"},{"floor":4,"key":"EssenceOfSteel"},{"floor":8,"key":"SkillPotion"}],"is_trial":true,"path_per_floor":["M","$","?","M","M","E","R","E","T"],"character_chosen":"DEFECT","items_purchased":[],"campfire_rested":0,"item_purchase_floors":[],"current_hp_per_floor":[63,63,63,63,60,49,49,45,45],"gold":204,"neow_bonus":"","is_prod":false,"is_daily":false,"chose_seed":false,"campfire_upgraded":1,"win_rate":0,"timestamp":1547943084,"path_taken":["M","$","?","M","M","E","R","E","T"],"build_version":"2019-01-17v2","purchased_purges":0,"victory":false,"max_hp_per_floor":[71,71,71,71,71,71,71,71,71],"card_choices":[{"not_picked":["Beam Cell","Go for the Eyes","Leap"],"picked":"SKIP","floor":1},{"not_picked":["Ball Lightning","Compile Driver"],"picked":"Hologram","floor":4},{"not_picked":["Gash","Cold Snap","Redo"],"picked":"SKIP","floor":5},{"not_picked":["Multi-Cast","Meteor Strike"],"picked":"Rainbow","floor":6},{"not_picked":["Amplify","Electrodynamics"],"picked":"Fission","floor":8}],"player_experience":2026413,"relics_obtained":[{"floor":6,"key":"Peace Pipe"},{"floor":8,"key":"Letter Opener"}],"event_choices":[{"damage_healed":0,"gold_gain":0,"player_choice":"Upgraded","damage_taken":0,"max_hp_gain":0,"max_hp_loss":0,"event_name":"Upgrade Shrine","floor":3,"gold_loss":0,"cards_upgraded":["Storm"]}],"is_beta":false,"boss_relics":[],"items_purged_floors":[],"is_endless":false,"potions_floor_spawned":[1,4,8],"ascension_level":20}