{"gold_per_floor":[118,132,112,129,148,148,176,195,195,195,195,195,195,50,50,128,128,117,137,58,87,87],"floor_reached":22,"playtime":947,"items_purged":[],"score":322,"play_id":"848ab48f-b13d-4832-bba1-fd1516b4271d","local_time":"20181110094205","is_ascension_mode":true,"campfire_choices":[{"data":"Bouncing Flask","floor":6.0,"key":"SMITH"},{"floor":10.0,"key":"REST"},{"data":"Neutralize","floor":12.0,"key":"SMITH"},{"data":"Malaise","floor":15.0,"key":"SMITH"}],"neow_cost":"NONE","seed_source_timestamp":9091053533051,"circlet_count":0,"master_deck":["AscendersBane","Defend_G","Defend_G","Defend_G","Defend_G","Defend_G","Strike_G","Strike_G","Strike_G","Strike_G","Survivor","Neutralize+1","Bouncing Flask+1","Flying Knee","Cloak And Dagger","Crippling Poison","Blur","Malaise+1","Tools of the Trade+1","Backflip","Skewer","Caltrops+1","Adrenaline"],"special_seed":0,"relics":["Ring of the Snake","Frozen Egg 2","Bird Faced Urn","HoveringKite","Red Mask"],"potions_floor_usage":[16,16,21,21],"damage_taken":[{"damage":1.0,"enemies":"Small Slimes","floor":1.0,"turns":4.0},{"damage":1.0,"enemies":"Cultist","floor":2.0,"turns":4.0},{"damage":9.0,"enemies":"Jaw Worm","floor":4.0,"turns":4.0},{"damage":8.0,"enemies":"3 Louse","floor":5.0,"turns":5.0},{"damage":11.0,"enemies":"Gremlin Nob","floor":7.0,"turns":4.0},{"damage":20.0,"enemies":"Lots of Slimes","floor":8.0,"turns":5.0},{"damage":15,"enemies":"The Guardian","floor":16,"turns":12},{"damage":15,"enemies":"2 Thieves","floor":18,"turns":4},{"damage":10,"enemies":"3 Byrds","floor":19,"turns":6},{"damage":37,"enemies":"Masked Bandits","floor":21,"turns":4}],"seed_played":"-422288294749786212","potions_obtained":[{"floor":2.0,"key":"Swift Potion"},{"floor":3.0,"key":"Weak Potion"},{"floor":8.0,"key":"EssenceOfSteel"},{"floor":13.0,"key":"EntropicBrew"},{"floor":19,"key":"PowerPotion"}],"is_trial":false,"path_per_floor":["M","M","?","M","M","R","E","M","T","R","?","R","?","$","R","B",null,"M","M","$","?","?"],"character_chosen":"THE_SILENT","items_purchased":["Malaise","Caltrops+1"],"campfire_rested":1,"item_purchase_floors":[14,20],"current_hp_per_floor":[58,57,57,48,40,40,29,9,9,28,28,28,28,28,28,13,53,40,32,32,1,0],"gold":87,"neow_bonus":"TRANSFORM_CARD","is_prod":false,"is_daily":false,"chose_seed":false,"campfire_upgraded":3,"win_rate":0,"timestamp":1541871725,"path_taken":["M","M","?","M","?","R","E","M","T","R","?","R","?","$","R","BOSS","M","?","$","?","?"],"build_version":"2018-11-08","purchased_purges":0,"victory":false,"max_hp_per_floor":[66,66,66,66,66,66,66,66,66,66,66,66,66,66,66,66,66,66,66,66,66,71],"card_choices":[{"not_picked":["Endless Agony","Cloak And Dagger"],"picked":"Flying Knee","floor":1.0},{"not_picked":["Finisher","Reflex","Flying Knee"],"picked":"SKIP","floor":2.0},{"not_picked":["Slice","Blade Dance"],"picked":"Cloak And Dagger","floor":4.0},{"not_picked":["Flechettes","Backflip"],"picked":"Crippling Poison","floor":5.0},{"not_picked":["Sucker Punch","All Out Attack"],"picked":"Blur","floor":7.0},{"not_picked":["Acrobatics","Flechettes","Distraction"],"picked":"SKIP","floor":8.0},{"not_picked":["Grand Finale","Unload"],"picked":"Tools of the Trade+1","floor":16},{"not_picked":["Deadly Poison","Dagger Spray+1"],"picked":"Backflip","floor":18},{"not_picked":["Masterful Stab","Sucker Punch"],"picked":"Skewer","floor":19},{"not_picked":["Deadly Poison","Quick Slash"],"picked":"Adrenaline","floor":21}],"player_experience":1619790,"relics_obtained":[{"floor":7.0,"key":"Frozen Egg 2"},{"floor":9.0,"key":"Bird Faced Urn"},{"floor":21,"key":"Red Mask"}],"event_choices":[{"damage_healed":0.0,"max_hp_gain":0.0,"max_hp_loss":0.0,"gold_gain":0.0,"event_name":"The Woman in Blue","player_choice":"Bought 1 Potion","floor":3.0,"gold_loss":0.0,"damage_taken":0.0},{"damage_healed":0.0,"max_hp_gain":0.0,"max_hp_loss":0.0,"gold_gain":0.0,"event_name":"Golden Idol","player_choice":"Ignored","floor":11.0,"gold_loss":0.0,"damage_taken":0.0},{"damage_healed":0.0,"max_hp_gain":0.0,"max_hp_loss":0.0,"gold_gain":0.0,"event_name":"Lab","player_choice":"Got Potions","floor":13.0,"gold_loss":0.0,"damage_taken":0.0},{"damage_healed":0,"gold_gain":0,"player_choice":"Fought Bandits","damage_taken":0,"max_hp_gain":0,"max_hp_loss":0,"event_name":"Masked Bandits","floor":21,"gold_loss":0}],"is_beta":false,"boss_relics":[{"not_picked":["Busted Crown","White Beast Statue"],"picked":"HoveringKite"}],"items_purged_floors":[],"is_endless":false,"potions_floor_spawned":[2,8,16,19],"ascension_level":15}