{"gold_per_floor":[112,187,187,187,24,24,62,83,107,107,107,107,130,155,155,275,275,289,388,407,43,56,56,56],"floor_reached":24,"playtime":994,"items_purged":["Regret"],"score":310,"play_id":"b96cfca5-c630-4993-a9ad-7afe07896625","local_time":"20181225001721","is_ascension_mode":true,"campfire_choices":[{"data":"Chaos","floor":6,"key":"SMITH"},{"floor":11,"key":"REST"},{"data":"Go for the Eyes","floor":15,"key":"SMITH"},{"data":"Defragment","floor":23,"key":"SMITH"}],"neow_cost":"CURSE","seed_source_timestamp":334714064348566,"circlet_count":0,"master_deck":["AscendersBane","Strike_B","Strike_B","Strike_B","Strike_B","Defend_B","Defend_B","Defend_B","Defend_B","Zap+1","Dualcast+1","Clumsy","Turbo","Go for the Eyes+1","Chaos+1","Stack","Static Discharge+1","Consume","Go for the Eyes","Seek","Defragment+1","Conserve Battery","Capacitor","Undo","Go for the Eyes","Defragment"],"relics":["FrozenCore","Calipers","Dodecahedron","Golden Idol","Pen Nib","Anchor","Lee\u0027s Waffle"],"potions_floor_usage":[16],"damage_taken":[{"damage":3,"enemies":"Jaw Worm","floor":1,"turns":4},{"damage":11,"enemies":"Lagavulin","floor":7,"turns":7},{"damage":14,"enemies":"Small Slimes","floor":8,"turns":3},{"damage":0,"enemies":"2 Louse","floor":13,"turns":3},{"damage":5,"enemies":"Exordium Wildlife","floor":14,"turns":4},{"damage":13,"enemies":"Hexaghost","floor":16,"turns":8},{"damage":13,"enemies":"Spheric Guardian","floor":18,"turns":6},{"damage":5,"enemies":"Shell Parasite","floor":20,"turns":10},{"damage":21,"enemies":"Snake Plant","floor":22,"turns":5},{"damage":55,"enemies":"Gremlin Leader","floor":24,"turns":4}],"seed_played":"2345416096935545874","potions_obtained":[{"floor":1,"key":"Ancient Potion"},{"floor":14,"key":"PowerPotion"},{"floor":16,"key":"SteroidPotion"},{"floor":18,"key":"Energy Potion"}],"is_trial":false,"path_per_floor":["M","?","?","?","$","R","E","M","T","?","R","?","M","M","R","B",null,"M","?","M","$","M","R","E"],"character_chosen":"DEFECT","items_purchased":["Go for the Eyes","Chaos","Lee\u0027s Waffle","Capacitor","Undo","Go for the Eyes"],"campfire_rested":1,"item_purchase_floors":[5,5,21,21,21,21],"current_hp_per_floor":[65,54,54,54,54,54,43,29,29,15,35,35,35,30,30,17,56,43,43,38,76,55,55,0],"gold":56,"neow_bonus":"ONE_RARE_RELIC","is_prod":false,"is_daily":false,"chose_seed":false,"campfire_upgraded":3,"win_rate":0,"timestamp":1545693441,"path_taken":["M","?","?","?","$","R","E","M","T","?","R","?","M","M","R","BOSS","M","?","M","$","M","R","E"],"build_version":"2018-12-20","purchased_purges":1,"victory":false,"max_hp_per_floor":[75,75,75,69,69,69,69,69,69,69,69,69,69,69,69,69,69,69,69,69,76,76,76,76],"card_choices":[{"not_picked":["Compile Driver","Darkness"],"picked":"Turbo","floor":1},{"not_picked":["Genetic Algorithm","Reboot"],"picked":"Stack","floor":7},{"not_picked":["Compile Driver","Reprogram"],"picked":"Static Discharge","floor":8},{"not_picked":["Skim","Turbo"],"picked":"Consume","floor":13},{"not_picked":["Streamline","Compile Driver"],"picked":"Go for the Eyes","floor":14},{"not_picked":["All For One","Multi-Cast"],"picked":"Seek","floor":16},{"not_picked":["Doom and Gloom","Redo"],"picked":"Defragment","floor":18},{"not_picked":["Sunder","Gash"],"picked":"Conserve Battery","floor":20},{"not_picked":["Recycle","Gash"],"picked":"Defragment","floor":22}],"player_experience":384673,"relics_obtained":[{"floor":7,"key":"Pen Nib"},{"floor":9,"key":"Anchor"}],"event_choices":[{"damage_healed":0,"gold_gain":75,"player_choice":"Gather Gold","damage_taken":11,"max_hp_gain":0,"max_hp_loss":0,"event_name":"World of Goop","floor":2,"gold_loss":0},{"damage_healed":0,"gold_gain":0,"player_choice":"Box","damage_taken":0,"relics_obtained":["Dodecahedron"],"max_hp_gain":0,"max_hp_loss":0,"event_name":"Big Fish","floor":3,"gold_loss":0,"cards_obtained":["Regret"]},{"damage_healed":0,"gold_gain":0,"player_choice":"Lose Max HP","damage_taken":0,"relics_obtained":["Golden Idol"],"max_hp_gain":0,"max_hp_loss":6,"event_name":"Golden Idol","floor":4,"gold_loss":0},{"damage_healed":0,"gold_gain":0,"player_choice":"Entered Light","damage_taken":14,"max_hp_gain":0,"max_hp_loss":0,"event_name":"Shining Light","floor":10,"gold_loss":0,"cards_upgraded":["Zap","Dualcast"]},{"damage_healed":0,"gold_gain":0,"player_choice":"Grow","damage_taken":0,"max_hp_gain":0,"max_hp_loss":0,"event_name":"Living Wall","floor":12,"gold_loss":0,"cards_upgraded":["Static Discharge"]},{"damage_healed":0,"gold_gain":99,"player_choice":"Stole From Cult","damage_taken":0,"max_hp_gain":0,"max_hp_loss":0,"event_name":"Nest","floor":19,"gold_loss":0}],"is_beta":false,"boss_relics":[{"not_picked":["Runic Dome","Eternal Feather"],"picked":"FrozenCore"}],"items_purged_floors":[5],"is_endless":false,"potions_floor_spawned":[1,14,16,18,22],"killed_by":"Gremlin Leader","ascension_level":12}