{"gold_per_floor":[113,133,79,94,94,126,126,154,154,184,196,196,211,224,224,295,295,311,311,354,10,10,10,56,6,6,51,51,191,226,256,256,333,333,367,98,141,141,183,215,74,139,164,36,36,96,0,29,29,54,54],"floor_reached":52,"playtime":2669,"items_purged":["Sword Boomerang","Glacier","Armaments+1"],"score":2821,"play_id":"8c27a1cf-e059-449e-a758-8c7cdf86aece","local_time":"20190310014641","daily_mods":["SealedDeck","Diverse","Colorless Cards"],"is_ascension_mode":true,"campfire_choices":[{"data":"Armaments","floor":12.0,"key":"SMITH"},{"data":"Flex","floor":15.0,"key":"SMITH"},{"data":"Coolheaded","floor":23.0,"key":"SMITH"},{"data":"Juggernaut","floor":28.0,"key":"SMITH"},{"floor":32.0,"key":"DIG"},{"floor":45,"key":"DIG"},{"floor":49,"key":"DIG"}],"neow_cost":"","seed_source_timestamp":0,"circlet_count":0,"master_deck":["AscendersBane","Backflip","Hologram","Flex+1","Coolheaded+1","Panacea+1","Flash of Steel+1","Blur","Finesse+1","Panache","Juggernaut+1","Loop","HandOfGreed+1","Warcry+1","Escape Plan+1","Apotheosis+1","True Grit+1","Master of Strategy+1","Deep Breath+1"],"special_seed":0,"relics":["Cracked Core","Cables","The Courier","Mercury Hourglass","Prayer Wheel","Runic Dome","Membership Card","Toxic Egg 2","DataDisk","Dream Catcher","Pear","Shovel","Gremlin Horn","Letter Opener","Black Star","TheAbacus","FossilizedHelix","FaceOfCleric","Bronze Scales","Bottled Tornado","Bag of Preparation","Whetstone","Incense Burner","Lantern","Pantograph","Darkstone Periapt","Red Mask","Oddly Smooth Stone","Symbiotic Virus","War Paint"],"potions_floor_usage":[51,51],"damage_taken":[{"damage":3.0,"enemies":"2 Louse","floor":1.0,"turns":2.0},{"damage":0.0,"enemies":"Cultist","floor":2.0,"turns":3.0},{"damage":0.0,"enemies":"Small Slimes","floor":4.0,"turns":1.0},{"damage":0.0,"enemies":"Lagavulin","floor":6.0,"turns":5.0},{"damage":9.0,"enemies":"3 Sentries","floor":8.0,"turns":6.0},{"damage":0.0,"enemies":"Lagavulin","floor":10.0,"turns":7.0},{"damage":0.0,"enemies":"Exordium Wildlife","floor":11.0,"turns":3.0},{"damage":0.0,"enemies":"Exordium Thugs","floor":13.0,"turns":2.0},{"damage":0.0,"enemies":"Looter","floor":14.0,"turns":3.0},{"damage":14.0,"enemies":"Hexaghost","floor":16.0,"turns":8.0},{"damage":0.0,"enemies":"Chosen","floor":18.0,"turns":4.0},{"damage":3.0,"enemies":"3 Byrds","floor":20.0,"turns":3.0},{"damage":6.0,"enemies":"Slavers","floor":24.0,"turns":2.0},{"damage":0.0,"enemies":"Snecko","floor":27.0,"turns":4.0},{"damage":4.0,"enemies":"Colosseum Slavers","floor":29.0,"turns":3.0},{"damage":12.0,"enemies":"Colosseum Nobs","floor":29.0,"turns":3.0},{"damage":0.0,"enemies":"Snake Plant","floor":30.0,"turns":3.0},{"damage":15.0,"enemies":"Book of Stabbing","floor":31.0,"turns":4.0},{"damage":0.0,"enemies":"Collector","floor":33.0,"turns":4.0},{"damage":4.0,"enemies":"3 Shapes","floor":35.0,"turns":3.0},{"damage":0,"enemies":"Orb Walker","floor":37,"turns":2},{"damage":11,"enemies":"Sphere and 2 Shapes","floor":39,"turns":2},{"damage":0,"enemies":"Giant Head","floor":40,"turns":5},{"damage":0,"enemies":"Jaw Worm Horde","floor":42,"turns":2},{"damage":0,"enemies":"Nemesis","floor":46,"turns":3},{"damage":0,"enemies":"Giant Head","floor":48,"turns":2},{"damage":0,"enemies":"Time Eater","floor":50,"turns":4},{"damage":0,"enemies":"Awakened One","floor":51,"turns":3}],"seed_played":"-8626174261382521476","potions_obtained":[{"floor":6.0,"key":"Energy Potion"},{"floor":8.0,"key":"FearPotion"},{"floor":24.0,"key":"Weak Potion"},{"floor":27.0,"key":"FocusPotion"},{"floor":33.0,"key":"FocusPotion"},{"floor":37,"key":"SteroidPotion"}],"is_trial":true,"path_per_floor":["M","M","$","M","?","E","?","E","T","E","M","R","M","M","R","B",null,"M","?","M","$","?","R","E","$","T","M","R","?","M","E","R","B",null,"M","$","M","?","M","E","$","M","T","$","R","E","?","E","R","B","B",null],"character_chosen":"DEFECT","items_purchased":["AttackPotion","Membership Card","Toxic Egg 2","Escape Plan+1","TheAbacus","FossilizedHelix","Bag of Preparation","Master of Strategy+1","Incense Burner"],"campfire_rested":0,"item_purchase_floors":[3,21,21,21,36,36,41,41,44],"current_hp_per_floor":[61,61,61,61,61,61,57,48,48,48,48,48,48,48,48,34,62,62,62,59,59,59,59,53,53,63,63,63,47,47,32,32,32,69,65,65,65,65,55,56,56,57,57,57,57,58,58,59,59,85,88],"gold":54,"neow_bonus":"","is_prod":false,"is_daily":false,"chose_seed":false,"campfire_upgraded":4,"win_rate":0,"timestamp":1552153601,"path_taken":["M","M","$","M","?","E","?","E","T","E","M","R","?","?","R","BOSS","M","?","M","$","?","R","E","$","T","?","R","?","M","E","R","BOSS","M","$","M","?","M","E","?","M","T","$","R","E","?","E","R","BOSS","BOSS"],"build_version":"2019-01-23","purchased_purges":3,"victory":true,"max_hp_per_floor":[71,71,71,71,71,71,71,71,71,71,71,71,71,71,71,71,71,71,71,71,71,71,71,71,71,81,81,81,81,81,81,81,81,81,81,81,81,81,82,83,83,84,84,84,84,85,85,86,86,87,88],"card_choices":[{"not_picked":["PiercingWail","Battle Trance"],"picked":"Flash of Steel","floor":1.0},{"not_picked":["Reflex","Ghostly Armor"],"picked":"Blur","floor":2.0},{"not_picked":["Barrage","Pummel"],"picked":"Finesse","floor":4.0},{"not_picked":["Cloak And Dagger","Outmaneuver"],"picked":"Panache","floor":6.0},{"not_picked":["Dramatic Entrance","Flash of Steel","Rampage"],"picked":"SKIP","floor":8.0},{"not_picked":["Dagger Spray","Barrage","Leap"],"picked":"SKIP","floor":10.0},{"not_picked":["Sever Soul","Bouncing Flask","Rampage"],"picked":"SKIP","floor":11.0},{"not_picked":["Sword Boomerang","Leap","Eviscerate"],"picked":"SKIP","floor":11.0},{"not_picked":["Stack","Underhanded Strike","Masterful Stab"],"picked":"SKIP","floor":13.0},{"not_picked":["Stack","Twin Strike","Skewer"],"picked":"SKIP","floor":13.0},{"not_picked":["Coolheaded","Undo","Die Die Die"],"picked":"SKIP","floor":14.0},{"not_picked":["Flex","Gash","Leap"],"picked":"SKIP","floor":14.0},{"not_picked":["The Bomb","Brutality"],"picked":"Juggernaut","floor":16.0},{"not_picked":["Flex","Rebound","Outmaneuver"],"picked":"SKIP","floor":18.0},{"not_picked":["Go for the Eyes","Beam Cell+1","Hemokinesis"],"picked":"SKIP","floor":18.0},{"not_picked":["Warcry+1","Armaments+1","Chaos"],"picked":"SKIP","floor":20.0},{"not_picked":["Barrage","Hologram","Swift Strike"],"picked":"SKIP","floor":20.0},{"not_picked":["Armaments+1","Chaos"],"picked":"Warcry+1","floor":20.0},{"not_picked":["Barrage","Hologram","Swift Strike"],"picked":"SKIP","floor":20.0},{"not_picked":["Blizzard","Concentrate+1","Quick Slash"],"picked":"SKIP","floor":24.0},{"not_picked":["Dramatic Entrance","Good Instincts+1","Setup+1"],"picked":"SKIP","floor":27.0},{"not_picked":["Warcry+1","Gash","Go for the Eyes"],"picked":"SKIP","floor":27.0},{"not_picked":["Dramatic Entrance","Good Instincts+1","Setup+1"],"picked":"SKIP","floor":27.0},{"not_picked":["Warcry+1","Gash","Go for the Eyes"],"picked":"SKIP","floor":27.0},{"not_picked":["Power Through+1","Sweeping Beam"],"picked":"Apotheosis+1","floor":29.0},{"not_picked":["Underhanded Strike+1","Noxious Fumes+1","Flash of Steel"],"picked":"SKIP","floor":30.0},{"not_picked":["Dagger Throw","Crippling Poison+1","Sword Boomerang"],"picked":"SKIP","floor":30.0},{"not_picked":["PiercingWail+1","Noxious Fumes","Backflip+1"],"picked":"SKIP","floor":31.0},{"not_picked":["PiercingWail+1","Noxious Fumes","Backflip+1"],"picked":"SKIP","floor":31.0},{"not_picked":["Sword Boomerang","Scrape","Feel No Pain+1"],"picked":"SKIP","floor":35.0},{"not_picked":["Hello World","Redo+1","Slice"],"picked":"SKIP","floor":35.0},{"not_picked":["Uppercut","Finesse+1"],"picked":"True Grit+1","floor":37},{"not_picked":["Flex+1","Sever Soul","Bane"],"picked":"SKIP","floor":37},{"not_picked":["Pommel Strike","Sweeping Beam","Caltrops"],"picked":"SKIP","floor":39},{"not_picked":["Slice","Underhanded Strike","Shrug It Off+1"],"picked":"SKIP","floor":39},{"not_picked":["Warcry+1","Dagger Spray","Undo+1"],"picked":"SKIP","floor":40},{"not_picked":["Backflip+1","Clothesline","Redo+1"],"picked":"SKIP","floor":42},{"not_picked":["Headbutt","Doom and Gloom","Master of Strategy+1"],"picked":"SKIP","floor":42},{"not_picked":["Dagger Throw","Blade Dance+1","True Grit+1"],"picked":"SKIP","floor":46},{"not_picked":["Lockon","Heatsinks"],"picked":"Deep Breath+1","floor":48}],"player_experience":2776114,"relics_obtained":[{"floor":6.0,"key":"Cables"},{"floor":8.0,"key":"The Courier"},{"floor":9.0,"key":"Mercury Hourglass"},{"floor":10.0,"key":"Prayer Wheel"},{"floor":22.0,"key":"DataDisk"},{"floor":24.0,"key":"Dream Catcher"},{"floor":26.0,"key":"Pear"},{"floor":29.0,"key":"Shovel"},{"floor":29.0,"key":"Gremlin Horn"},{"floor":32.0,"key":"Letter Opener"},{"floor":40,"key":"Bronze Scales"},{"floor":40,"key":"Bottled Tornado"},{"floor":43,"key":"Whetstone"},{"floor":45,"key":"Lantern"},{"floor":46,"key":"Pantograph"},{"floor":46,"key":"Darkstone Periapt"},{"floor":48,"key":"Oddly Smooth Stone"},{"floor":48,"key":"Symbiotic Virus"},{"floor":49,"key":"War Paint"}],"event_choices":[{"damage_healed":0.0,"max_hp_gain":0.0,"max_hp_loss":0.0,"gold_gain":0.0,"event_name":"Liars Game","player_choice":"Ignored","floor":5.0,"gold_loss":0.0,"damage_taken":0.0},{"damage_healed":0.0,"max_hp_gain":0.0,"max_hp_loss":0.0,"gold_gain":0.0,"event_name":"The Woman in Blue","player_choice":"Bought 0 Potions","floor":7.0,"gold_loss":0.0,"damage_taken":0.0},{"damage_healed":0.0,"max_hp_gain":0.0,"max_hp_loss":0.0,"gold_gain":0.0,"cards_transformed":["Sunder","Dramatic Entrance"],"event_name":"Drug Dealer","player_choice":"Became Test Subject","floor":19.0,"gold_loss":0.0,"damage_taken":0.0,"cards_obtained":["Loop","HandOfGreed"]},{"damage_healed":0.0,"max_hp_gain":0.0,"max_hp_loss":0.0,"gold_gain":0.0,"event_name":"Wheel of Change","player_choice":"Relic","floor":22.0,"gold_loss":0.0,"damage_taken":0.0},{"damage_healed":0.0,"max_hp_gain":0.0,"max_hp_loss":0.0,"gold_gain":0.0,"event_name":"Colosseum","player_choice":"Fight","floor":29.0,"gold_loss":0.0,"damage_taken":0.0},{"damage_healed":0.0,"max_hp_gain":0.0,"max_hp_loss":0.0,"gold_gain":0.0,"event_name":"Colosseum","player_choice":"Fought Nobs","floor":29.0,"gold_loss":0.0,"damage_taken":0.0},{"damage_healed":0,"gold_gain":0,"player_choice":"Trade","damage_taken":0,"relics_obtained":["FaceOfCleric"],"max_hp_gain":0,"max_hp_loss":0,"event_name":"FaceTrader","floor":38,"gold_loss":0},{"damage_healed":0,"gold_gain":0,"player_choice":"Paid","damage_taken":0,"relics_obtained":["Red Mask"],"max_hp_gain":0,"max_hp_loss":0,"event_name":"Tomb of Lord Red Mask","floor":47,"gold_loss":96}],"is_beta":false,"boss_relics":[{"not_picked":["Ectoplasm","Fusion Hammer"],"picked":"Runic Dome"},{"not_picked":["Tiny House","Snecko Eye"],"picked":"Black Star"}],"items_purged_floors":[21,25,36],"is_endless":false,"potions_floor_spawned":[6,8,13,16,24,27,29,33,37,39],"ascension_level":20}