{"gold_per_floor":[117,135,155,155,171,205,205,231,231,250,278,278],"floor_reached":12,"playtime":555,"items_purged":[],"score":110,"play_id":"295d422b-5b44-4ecf-a68a-2be143033dde","local_time":"20190326205333","is_ascension_mode":true,"campfire_choices":[{"data":"Heavy Blade","floor":7,"key":"SMITH"}],"neow_cost":"NONE","seed_source_timestamp":995190460908000,"circlet_count":0,"master_deck":["Strike_R","Strike_R","Strike_R","Strike_R","Defend_R","Defend_R","Defend_R","Defend_R","Bash","Carnage","Warcry","Cleave","Headbutt","Heavy Blade+1","Headbutt"],"relics":["Burning Blood","Letter Opener","Smiling Mask","Bottled Flame","Molten Egg 2"],"potions_floor_usage":[6,6,11,11,11,11],"damage_taken":[{"damage":1,"enemies":"2 Louse","floor":1,"turns":2},{"damage":8,"enemies":"Small Slimes","floor":2,"turns":4},{"damage":8,"enemies":"Jaw Worm","floor":3,"turns":4},{"damage":10,"enemies":"3 Louse","floor":5,"turns":3},{"damage":16,"enemies":"Gremlin Nob","floor":6,"turns":3},{"damage":50,"enemies":"Lagavulin","floor":8,"turns":7},{"damage":0,"enemies":"Exordium Wildlife","floor":10,"turns":3},{"damage":3,"enemies":"Gremlin Nob","floor":11,"turns":3},{"damage":36,"enemies":"Gremlin Gang","floor":12,"turns":3}],"seed_played":"9012332760872503013","potions_obtained":[{"floor":1,"key":"Fire Potion"},{"floor":2,"key":"SteroidPotion"},{"floor":10,"key":"EntropicBrew"}],"is_trial":false,"path_per_floor":["M","M","M","?","M","E","R","E","T","M","E","M"],"character_chosen":"IRONCLAD","items_purchased":[],"campfire_rested":0,"item_purchase_floors":[],"current_hp_per_floor":[88,86,84,84,80,70,70,26,26,32,35,0],"gold":278,"neow_bonus":"TEN_PERCENT_HP_BONUS","is_prod":false,"is_daily":false,"chose_seed":false,"campfire_upgraded":1,"win_rate":0,"timestamp":1553626413,"path_taken":["M","M","M","?","M","E","R","E","T","M","E","M"],"build_version":"2019-01-23","purchased_purges":0,"victory":false,"max_hp_per_floor":[88,88,88,88,88,88,88,88,88,88,88,88],"card_choices":[{"not_picked":["Entrench","Combust"],"picked":"Carnage","floor":1},{"not_picked":["Pommel Strike","Carnage"],"picked":"Warcry","floor":2},{"not_picked":["Twin Strike","Power Through"],"picked":"Cleave","floor":3},{"not_picked":["Perfected Strike","Exhume"],"picked":"Headbutt","floor":5},{"not_picked":["Rampage","Cleave"],"picked":"Heavy Blade","floor":6},{"not_picked":["Body Slam","Armaments"],"picked":"Headbutt","floor":8},{"not_picked":["Wild Strike","Second Wind","Shrug It Off"],"picked":"SKIP","floor":10},{"not_picked":["Searing Blow","Dual Wield","Burning Pact"],"picked":"SKIP","floor":11}],"player_experience":106950,"relics_obtained":[{"floor":6,"key":"Letter Opener"},{"floor":8,"key":"Smiling Mask"},{"floor":9,"key":"Bottled Flame"},{"floor":11,"key":"Molten Egg 2"}],"event_choices":[{"cards_removed":["Strike_R"],"damage_healed":0,"gold_gain":0,"player_choice":"Forget","damage_taken":0,"max_hp_gain":0,"max_hp_loss":0,"event_name":"Living Wall","floor":4,"gold_loss":0}],"is_beta":false,"boss_relics":[],"items_purged_floors":[],"is_endless":false,"potions_floor_spawned":[1,2,10],"killed_by":"Gremlin Gang","ascension_level":2}