{"gold_per_floor":[114,131,148,159,173,203,222,222,275,285,285,304,304,322,322,424,424,434,447,458,471,483,483,32,32,85,115,127,143,154,171,171,171],"floor_reached":33,"playtime":2333,"items_purged":["Strike_R"],"score":306,"play_id":"4910d728-922c-4f24-bd08-4ff424b4ac8e","local_time":"20190503200834","is_ascension_mode":false,"campfire_choices":[{"data":"Whirlwind","floor":8,"key":"SMITH"},{"data":"Combust","floor":11,"key":"SMITH"},{"data":"Metallicize","floor":13,"key":"SMITH"},{"data":"Hemokinesis","floor":15,"key":"SMITH"},{"floor":23,"key":"REST"},{"floor":32,"key":"REST"}],"neow_cost":"NONE","seed_source_timestamp":1212954920466919,"circlet_count":0,"master_deck":["Strike_R","Strike_R","Strike_R","Strike_R","Defend_R","Defend_R","Defend_R","Defend_R","Bash","Metallicize+1","Whirlwind+1","Burning Pact","Bludgeon","Anger","Hemokinesis+1","Seeing Red","Combust+1","Intimidate","Rupture","Brutality","Heavy Blade","Metallicize","Warcry","Feel No Pain","Shrug It Off+1","Infernal Blade","Clash","Sever Soul","Flex","Infernal Blade","Infernal Blade"],"relics":["Burning Blood","Ginger","Red Skull","Mark of Pain","FossilizedHelix","Darkstone Periapt","Bag of Marbles","Mango"],"potions_floor_usage":[6,6,16,27,33,33,33],"damage_taken":[{"damage":6,"enemies":"Cultist","floor":1,"turns":3},{"damage":1,"enemies":"Jaw Worm","floor":2,"turns":5},{"damage":2,"enemies":"Small Slimes","floor":3,"turns":4},{"damage":10,"enemies":"Blue Slaver","floor":4,"turns":6},{"damage":10,"enemies":"Looter","floor":5,"turns":3},{"damage":7,"enemies":"3 Sentries","floor":6,"turns":5},{"damage":0,"enemies":"3 Louse","floor":7,"turns":2},{"damage":24,"enemies":"Exordium Thugs","floor":10,"turns":5},{"damage":11,"enemies":"Large Slime","floor":12,"turns":4},{"damage":8,"enemies":"Blue Slaver","floor":14,"turns":2},{"damage":43,"enemies":"Hexaghost","floor":16,"turns":8},{"damage":15,"enemies":"Shell Parasite","floor":18,"turns":5},{"damage":7,"enemies":"Chosen","floor":19,"turns":4},{"damage":26,"enemies":"Shelled Parasite and Fungi","floor":20,"turns":5},{"damage":25,"enemies":"Snake Plant","floor":21,"turns":3},{"damage":5,"enemies":"Cultist and Chosen","floor":22,"turns":5},{"damage":25,"enemies":"Slavers","floor":27,"turns":5},{"damage":11,"enemies":"Snecko","floor":28,"turns":4},{"damage":15,"enemies":"3 Cultists","floor":29,"turns":4},{"damage":21,"enemies":"Shelled Parasite and Fungi","floor":30,"turns":3},{"damage":17,"enemies":"Centurion and Healer","floor":31,"turns":4},{"damage":68,"enemies":"Automaton","floor":33,"turns":6}],"seed_played":"-3510418223059704507","potions_obtained":[{"floor":1,"key":"SpeedPotion"},{"floor":2,"key":"Strength Potion"},{"floor":5,"key":"EssenceOfSteel"},{"floor":7,"key":"EssenceOfSteel"},{"floor":12,"key":"Energy Potion"},{"floor":14,"key":"AttackPotion"},{"floor":22,"key":"Strength Potion"},{"floor":27,"key":"FearPotion"},{"floor":28,"key":"Dexterity Potion"}],"is_trial":false,"path_per_floor":["M","M","M","M","M","E","M","R","T","M","R","M","R","M","R","B",null,"M","M","M","M","M","R","$","T","T","E","M","M","M","M","R","B"],"character_chosen":"IRONCLAD","items_purchased":["FossilizedHelix","Infernal Blade"],"campfire_rested":2,"item_purchase_floors":[24,24],"current_hp_per_floor":[88,88,88,84,80,79,85,85,85,67,67,62,62,60,60,23,88,79,78,58,39,40,66,66,66,66,61,56,47,32,21,51,0],"gold":171,"neow_bonus":"TEN_PERCENT_HP_BONUS","is_prod":false,"is_daily":false,"chose_seed":false,"campfire_upgraded":4,"win_rate":0.0,"timestamp":1556906914,"path_taken":["M","M","M","M","M","E","M","R","T","M","R","M","R","M","R","BOSS","M","?","M","M","?","R","$","?","T","E","M","M","M","M","R","BOSS"],"build_version":"2019-01-23","purchased_purges":1,"victory":false,"max_hp_per_floor":[88,88,88,88,88,88,88,88,88,88,88,88,88,88,88,88,88,88,88,88,88,88,88,88,88,88,102,102,102,102,102,102,102],"card_choices":[{"not_picked":["Iron Wave","Power Through"],"picked":"Metallicize","floor":1},{"not_picked":["Perfected Strike","Entrench"],"picked":"Whirlwind","floor":2},{"not_picked":["Perfected Strike","Twin Strike"],"picked":"Burning Pact","floor":3},{"not_picked":["Sword Boomerang","Twin Strike"],"picked":"Bludgeon","floor":4},{"not_picked":["Headbutt","Iron Wave"],"picked":"Anger","floor":5},{"not_picked":["Dropkick","Rupture"],"picked":"Hemokinesis","floor":6},{"not_picked":["Clash","Clothesline"],"picked":"Seeing Red","floor":7},{"not_picked":["Body Slam","Disarm"],"picked":"Combust","floor":10},{"not_picked":["Uppercut","Thunderclap"],"picked":"Intimidate","floor":12},{"not_picked":["Perfected Strike","Rampage"],"picked":"Rupture","floor":14},{"not_picked":["Fiend Fire","Reaper"],"picked":"Brutality","floor":16},{"not_picked":["Anger+1","Sword Boomerang"],"picked":"Heavy Blade","floor":18},{"not_picked":["Flex","Dropkick"],"picked":"Metallicize","floor":19},{"not_picked":["Armaments","Clash"],"picked":"Warcry","floor":20},{"not_picked":["Perfected Strike","Cleave"],"picked":"Feel No Pain","floor":21},{"not_picked":["Ghostly Armor","Iron Wave"],"picked":"Shrug It Off+1","floor":22},{"not_picked":["Headbutt","Cleave"],"picked":"Clash","floor":27},{"not_picked":["Pommel Strike","Fiend Fire"],"picked":"Sever Soul","floor":28},{"not_picked":["Sword Boomerang","Iron Wave+1"],"picked":"Flex","floor":29},{"not_picked":["Shrug It Off+1","Armaments"],"picked":"Infernal Blade","floor":30},{"not_picked":["Perfected Strike","Thunderclap"],"picked":"Infernal Blade","floor":31}],"player_experience":28499,"relics_obtained":[{"floor":6,"key":"Ginger"},{"floor":9,"key":"Red Skull"},{"floor":25,"key":"Darkstone Periapt"},{"floor":26,"key":"Bag of Marbles"},{"floor":27,"key":"Mango"}],"event_choices":[],"is_beta":false,"boss_relics":[{"not_picked":["Astrolabe","Velvet Choker"],"picked":"Mark of Pain"}],"items_purged_floors":[24],"is_endless":false,"potions_floor_spawned":[1,2,5,7,12,14,22,27,28],"killed_by":"Automaton","ascension_level":0}