{"gold_per_floor":[11,26,45,58,58,87,99,81,165,177,208,220,232],"floor_reached":13,"playtime":575,"items_purged":[],"score":106,"play_id":"2f5437be-ed26-499b-b4ab-c6976d37ebc2","local_time":"25611022182717","is_ascension_mode":true,"campfire_choices":[{"floor":7,"key":"REST"}],"neow_cost":"NO_GOLD","seed_source_timestamp":0,"circlet_count":0,"master_deck":["Defend_G","Defend_G","Defend_G","Defend_G+1","Defend_G","Strike_G","Strike_G","Strike_G","Strike_G","Strike_G","Survivor","Neutralize","Accuracy","Deflect","Deflect","Blade Dance","Acrobatics","Flying Knee","Backflip+1","Setup","Dodge and Roll","Prepared","Leg Sweep"],"special_seed":0,"relics":["Ring of the Snake","Prayer Wheel","Tough Bandages","MawBank","Kunai"],"potions_floor_usage":[6,13],"damage_taken":[{"damage":4.0,"enemies":"Jaw Worm","floor":1.0,"turns":3.0},{"damage":0.0,"enemies":"2 Louse","floor":2.0,"turns":5.0},{"damage":0.0,"enemies":"Cultist","floor":3.0,"turns":4.0},{"damage":13.0,"enemies":"Blue Slaver","floor":4.0,"turns":5.0},{"damage":36,"enemies":"Lagavulin","floor":6,"turns":10},{"damage":0,"enemies":"Looter","floor":8,"turns":4},{"damage":13,"enemies":"2 Fungi Beasts","floor":11,"turns":6},{"damage":8,"enemies":"Gremlin Gang","floor":13,"turns":3}],"seed_played":"4553664671989540769","potions_obtained":[{"floor":2.0,"key":"Dexterity Potion"},{"floor":4.0,"key":"FearPotion"},{"floor":6,"key":"FearPotion"},{"floor":11,"key":"SteroidPotion"}],"is_trial":false,"path_per_floor":["M","M","M","M","?","E","R","M","T","?","M","?"],"character_chosen":"THE_SILENT","items_purchased":[],"campfire_rested":1,"item_purchase_floors":[],"current_hp_per_floor":[66,66,66,53,50,14,35,35,35,21,8,8,0],"gold":232,"neow_bonus":"ONE_RARE_RELIC","is_prod":false,"is_daily":false,"chose_seed":false,"campfire_upgraded":0,"win_rate":0,"timestamp":1540207637,"path_taken":["M","M","M","M","?","E","R","M","T","?","?","?","M"],"build_version":"2018-10-18","purchased_purges":0,"victory":false,"max_hp_per_floor":[70,70,70,70,70,70,70,70,70,70,70,70,70],"card_choices":[{"not_picked":["Slice","Dodge and Roll"],"picked":"Accuracy","floor":1.0},{"not_picked":["Predator","Dagger Throw"],"picked":"Deflect","floor":1.0},{"not_picked":["Caltrops","Flechettes"],"picked":"Deflect","floor":2.0},{"not_picked":["Backflip","Wraith Form v2"],"picked":"Blade Dance","floor":2.0},{"not_picked":["Eviscerate","Poisoned Stab"],"picked":"Acrobatics","floor":3.0},{"not_picked":["Dodge and Roll","Poisoned Stab"],"picked":"Flying Knee","floor":3.0},{"not_picked":["Crippling Poison","Expertise"],"picked":"Backflip","floor":4.0},{"not_picked":["Riddle With Holes","Phantasmal Killer"],"picked":"Setup","floor":4.0},{"not_picked":["Acrobatics","Deadly Poison"],"picked":"Dodge and Roll","floor":6},{"not_picked":["Underhanded Strike","Poisoned Stab"],"picked":"Prepared","floor":8},{"not_picked":["Noxious Fumes","Catalyst","Acrobatics"],"picked":"SKIP","floor":8},{"not_picked":["Dagger Spray","Distraction"],"picked":"Leg Sweep","floor":11},{"not_picked":["Doppelganger","Eviscerate","Bane"],"picked":"SKIP","floor":11}],"player_experience":220481,"relics_obtained":[{"floor":6,"key":"MawBank"},{"floor":9,"key":"Kunai"}],"event_choices":[{"damage_healed":0.0,"max_hp_gain":0.0,"max_hp_loss":0.0,"gold_gain":0.0,"event_name":"Scrap Ooze","player_choice":"Success","floor":5.0,"gold_loss":0.0,"damage_taken":3.0,"relics_obtained":["Tough Bandages"]},{"damage_healed":0,"gold_gain":0,"player_choice":"Entered Light","damage_taken":14,"max_hp_gain":0,"max_hp_loss":0,"event_name":"Shining Light","floor":10,"gold_loss":0,"cards_upgraded":["Defend_G","Backflip"]},{"damage_healed":0,"gold_gain":0,"player_choice":"Ignored","damage_taken":0,"max_hp_gain":0,"max_hp_loss":0,"event_name":"Golden Wing","floor":12,"gold_loss":0}],"is_beta":false,"boss_relics":[],"items_purged_floors":[],"is_endless":false,"potions_floor_spawned":[2,4,6,11],"killed_by":"Gremlin Gang","ascension_level":5}