{"gold_per_floor":[112,72,25,45,61,94,94,126,195,207,207,221,234,250,250,350,350,368,368,388,488,38,64,64,92,119,119,136,162,185,197,209,221],"floor_reached":33,"playtime":1406,"items_purged":[],"score":412,"play_id":"6fb95a5c-82bf-420b-a1a0-57aa42f22b48","local_time":"20181003214550","is_ascension_mode":true,"campfire_choices":[{"data":"Inflame","floor":7,"key":"SMITH"},{"data":"Anger","floor":11,"key":"SMITH"},{"data":"Disarm","floor":15,"key":"SMITH"},{"data":"Feed","floor":24,"key":"SMITH"},{"data":"Spot Weakness","floor":27,"key":"SMITH"},{"floor":32,"key":"REST"}],"neow_cost":"NONE","seed_source_timestamp":1470163862436176,"circlet_count":0,"master_deck":["Strike_R","Strike_R","Strike_R","Strike_R","Defend_R","Defend_R","Defend_R","Defend_R","Bash+1","Anger","Inflame+1","Anger+1","Rage","Cleave","Perfected Strike","Rampage","Disarm+1","Armaments","Carnage","Feed+1","Inflame","Cleave+1","Spot Weakness+1","Offering","Headbutt+1","Perfected Strike+1","Heavy Blade+1"],"relics":["Burning Blood","Ice Cream","PreservedInsect","Paper Frog","Sozu","Molten Egg 2","Lee\u0027s Waffle","Ornamental Fan","Lantern","Oddly Smooth Stone","MawBank"],"potions_floor_usage":[25,33,33],"damage_taken":[{"damage":1,"enemies":"Jaw Worm","floor":1,"turns":4},{"damage":9,"enemies":"2 Louse","floor":4,"turns":4},{"damage":0,"enemies":"Cultist","floor":5,"turns":2},{"damage":26,"enemies":"Lagavulin","floor":6,"turns":5},{"damage":6,"enemies":"Gremlin Nob","floor":8,"turns":3},{"damage":2,"enemies":"3 Louse","floor":10,"turns":3},{"damage":18,"enemies":"Lots of Slimes","floor":12,"turns":4},{"damage":0,"enemies":"Large Slime","floor":13,"turns":2},{"damage":0,"enemies":"2 Fungi Beasts","floor":14,"turns":2},{"damage":0,"enemies":"Slime Boss","floor":16,"turns":6},{"damage":5,"enemies":"Spheric Guardian","floor":18,"turns":3},{"damage":33,"enemies":"2 Thieves","floor":20,"turns":5},{"damage":25,"enemies":"Book of Stabbing","floor":23,"turns":3},{"damage":35,"enemies":"Slavers","floor":25,"turns":4},{"damage":14,"enemies":"Centurion and Healer","floor":28,"turns":6},{"damage":0,"enemies":"Gremlin Leader","floor":29,"turns":2},{"damage":27,"enemies":"Snake Plant","floor":30,"turns":3},{"damage":56,"enemies":"Automaton","floor":33,"turns":4}],"seed_played":"-8299259940691600365","potions_obtained":[{"floor":1,"key":"Ancient Potion"},{"floor":8,"key":"LiquidBronze"},{"floor":10,"key":"AttackPotion"},{"floor":12,"key":"Block Potion"}],"is_trial":false,"path_per_floor":["M","$","?","M","M","E","R","E","T","M","R","M","M","M","R","B",null,"M","?","M","?","$","E","R","E","T","R","M","E","M","?","R"],"character_chosen":"IRONCLAD","items_purchased":["Inflame","Molten Egg 2","Lee\u0027s Waffle"],"campfire_rested":1,"item_purchase_floors":[2,22,22],"current_hp_per_floor":[80,80,80,77,80,60,60,60,60,64,64,52,58,64,64,70,80,80,80,56,56,90,71,71,42,42,42,38,44,23,23,51,0],"gold":221,"neow_bonus":"UPGRADE_CARD","is_prod":false,"is_daily":false,"chose_seed":false,"campfire_upgraded":5,"win_rate":0,"timestamp":1538595950,"path_taken":["M","$","?","M","M","E","R","E","T","M","R","?","M","M","R","BOSS","M","?","?","?","$","E","R","E","T","R","M","E","M","?","R","BOSS"],"build_version":"2018-09-27","purchased_purges":0,"victory":false,"max_hp_per_floor":[80,80,80,80,80,80,80,80,80,80,80,80,80,80,80,80,80,80,80,83,83,90,90,90,90,90,90,94,94,94,94,94,94],"card_choices":[{"not_picked":["Infernal Blade","Sword Boomerang"],"picked":"Anger","floor":1},{"not_picked":["Battle Trance","Bloodletting"],"picked":"Anger","floor":4},{"not_picked":["Sword Boomerang","Dual Wield"],"picked":"Rage","floor":5},{"not_picked":["Sever Soul","Corruption"],"picked":"Cleave","floor":6},{"not_picked":["Sword Boomerang","Wild Strike"],"picked":"Perfected Strike","floor":8},{"not_picked":["Infernal Blade","Evolve"],"picked":"Rampage","floor":10},{"not_picked":["Pummel","Sever Soul"],"picked":"Disarm","floor":12},{"not_picked":["Brutality","Entrench"],"picked":"Armaments","floor":13},{"not_picked":["Warcry","Infernal Blade"],"picked":"Carnage","floor":14},{"not_picked":["Dark Embrace","Bludgeon"],"picked":"Feed","floor":16},{"not_picked":["Heavy Blade","Armaments"],"picked":"Inflame","floor":18},{"not_picked":["Armaments","Body Slam"],"picked":"Cleave+1","floor":20},{"not_picked":["Blood for Blood+1","Cleave+1"],"picked":"Spot Weakness","floor":23},{"not_picked":["Flame Barrier","Clothesline+1"],"picked":"Offering","floor":25},{"not_picked":["Sword Boomerang+1","Hemokinesis+1"],"picked":"Headbutt+1","floor":28},{"not_picked":["Ghostly Armor","Cleave+1"],"picked":"Perfected Strike+1","floor":29},{"not_picked":["Anger+1","Seeing Red"],"picked":"Heavy Blade+1","floor":30}],"player_experience":58133,"relics_obtained":[{"floor":6,"key":"Ice Cream"},{"floor":8,"key":"PreservedInsect"},{"floor":9,"key":"Paper Frog"},{"floor":23,"key":"Ornamental Fan"},{"floor":25,"key":"Lantern"},{"floor":26,"key":"Oddly Smooth Stone"},{"floor":29,"key":"MawBank"}],"event_choices":[{"event_name":"World of Goop","player_choice":"Left","floor":3,"damage_taken":0},{"event_name":"The Woman in Blue","player_choice":"Bought 0 Potions","floor":19,"damage_taken":0},{"event_name":"Golden Shrine","player_choice":"Pray","floor":21,"damage_taken":0},{"event_name":"Purifier","player_choice":"One Purge","floor":31,"damage_taken":0}],"is_beta":false,"boss_relics":[{"not_picked":["Snecko Eye","Calling Bell"],"picked":"Sozu"}],"items_purged_floors":[],"is_endless":false,"potions_floor_spawned":[1,8,10,12,25,28,30],"killed_by":"Automaton","ascension_level":1}