{"gold_per_floor":[115,133,133,133,133,174,188,204,204,129,163,163,178,196,196,317,317,332,9,30,53,53,53],"floor_reached":23,"playtime":3556,"items_purged":["Injury"],"score":228,"play_id":"0e3af675-1fe2-4098-9ed8-d258287dd6eb","local_time":"20190506161102","is_ascension_mode":false,"campfire_choices":[{"data":"Rampage","floor":15,"key":"SMITH"}],"neow_cost":"NONE","seed_source_timestamp":221508520945,"circlet_count":0,"master_deck":["Strike_R","Strike_R","Strike_R","Strike_R","Strike_R","Defend_R","Defend_R","Defend_R","Defend_R","Bash","Twin Strike","Rampage+1","Fiend Fire+1","Intimidate","Inflame","Shrug It Off","Clothesline","Pommel Strike","Double Tap","Pommel Strike+1","Chrysalis","Pummel+1","Uppercut+1","Ghostly","Ghostly","Ghostly","Ghostly","Ghostly"],"relics":["Black Blood","Kunai","Golden Idol","FossilizedHelix","StoneCalendar","Matryoshka","Strawberry"],"potions_floor_usage":[11,16,16,20,20,21],"damage_taken":[{"damage":2,"enemies":"2 Louse","floor":1,"turns":4},{"damage":0,"enemies":"Small Slimes","floor":2,"turns":3},{"damage":33,"enemies":"3 Sentries","floor":6,"turns":9},{"damage":0,"enemies":"Jaw Worm","floor":7,"turns":2},{"damage":0,"enemies":"Large Slime","floor":8,"turns":5},{"damage":13,"enemies":"Lagavulin","floor":11,"turns":5},{"damage":0,"enemies":"Red Slaver","floor":13,"turns":2},{"damage":2,"enemies":"Looter","floor":14,"turns":3},{"damage":35,"enemies":"The Guardian","floor":16,"turns":11},{"damage":28,"enemies":"Shell Parasite","floor":18,"turns":7},{"damage":17,"enemies":"2 Thieves","floor":20,"turns":4},{"damage":56,"enemies":"Centurion and Healer","floor":21,"turns":7},{"damage":14,"enemies":"Book of Stabbing","floor":23,"turns":7}],"seed_played":"-8828183428373867455","potions_obtained":[{"floor":6,"key":"Weak Potion"},{"floor":11,"key":"Block Potion"},{"floor":13,"key":"Energy Potion"},{"floor":14,"key":"Energy Potion"},{"floor":16,"key":"Fire Potion"},{"floor":20,"key":"Block Potion"}],"is_trial":false,"path_per_floor":["M","M","?","?","?","E","M","M","T","$","E","?","M","M","R","B",null,"M","$","M","M","?","E"],"character_chosen":"IRONCLAD","items_purchased":["Strawberry","Chrysalis"],"campfire_rested":0,"item_purchase_floors":[19,19],"current_hp_per_floor":[88,88,76,76,76,49,55,61,61,61,54,54,60,64,64,35,88,70,77,70,24,24,10],"gold":53,"neow_bonus":"TEN_PERCENT_HP_BONUS","is_prod":false,"is_daily":false,"chose_seed":false,"campfire_upgraded":1,"win_rate":0.0,"timestamp":1557126662,"path_taken":["M","M","?","?","?","E","M","?","T","$","E","?","M","?","R","BOSS","M","$","M","M","?","E"],"build_version":"2019-01-23","purchased_purges":1,"victory":false,"max_hp_per_floor":[88,88,88,88,88,88,88,88,88,88,88,88,88,88,88,88,88,88,95,95,95,47,47],"card_choices":[{"not_picked":["Headbutt","Hemokinesis"],"picked":"Twin Strike","floor":1},{"not_picked":["Thunderclap","Armaments"],"picked":"Rampage","floor":2},{"not_picked":["Headbutt","Sword Boomerang"],"picked":"Fiend Fire","floor":6},{"not_picked":["Warcry","Searing Blow"],"picked":"Intimidate","floor":7},{"not_picked":["Iron Wave","Flex"],"picked":"Inflame","floor":8},{"not_picked":["Blood for Blood","Headbutt"],"picked":"Shrug It Off","floor":11},{"not_picked":["Feel No Pain","Fire Breathing"],"picked":"Clothesline","floor":13},{"not_picked":["Fiend Fire","Shrug It Off"],"picked":"Pommel Strike","floor":14},{"not_picked":["Impervious","Fiend Fire"],"picked":"Double Tap","floor":16},{"not_picked":["Iron Wave","Sword Boomerang+1"],"picked":"Pommel Strike+1","floor":18},{"not_picked":["Headbutt","Blood for Blood"],"picked":"Pummel+1","floor":20},{"not_picked":["Ghostly Armor+1","Warcry+1"],"picked":"Uppercut+1","floor":21}],"player_experience":0,"relics_obtained":[{"floor":6,"key":"FossilizedHelix"},{"floor":9,"key":"StoneCalendar"},{"floor":11,"key":"Matryoshka"}],"event_choices":[{"damage_healed":0,"gold_gain":0,"player_choice":"Success","damage_taken":12,"relics_obtained":["Kunai"],"max_hp_gain":0,"max_hp_loss":0,"event_name":"Scrap Ooze","floor":3,"gold_loss":0},{"damage_healed":0,"gold_gain":0,"player_choice":"Take Wound","damage_taken":0,"relics_obtained":["Golden Idol"],"max_hp_gain":0,"max_hp_loss":0,"event_name":"Golden Idol","floor":4,"gold_loss":0,"cards_obtained":["Injury"]},{"damage_healed":0,"gold_gain":0,"player_choice":"Ignored","damage_taken":0,"max_hp_gain":0,"max_hp_loss":0,"event_name":"Liars Game","floor":5,"gold_loss":0},{"damage_healed":0,"gold_gain":0,"player_choice":"Forge","damage_taken":0,"max_hp_gain":0,"max_hp_loss":0,"event_name":"Accursed Blacksmith","floor":12,"gold_loss":0,"cards_upgraded":["Fiend Fire"]},{"damage_healed":0,"gold_gain":0,"player_choice":"Became a Ghost","damage_taken":0,"max_hp_gain":0,"max_hp_loss":48,"event_name":"Ghosts","floor":22,"gold_loss":0,"cards_obtained":["Ghostly","Ghostly","Ghostly","Ghostly","Ghostly"]}],"is_beta":false,"boss_relics":[{"not_picked":["Empty Cage","Runic Cube"],"picked":"Black Blood"}],"items_purged_floors":[10],"is_endless":false,"potions_floor_spawned":[6,11,13,14,16,20],"killed_by":"Book of Stabbing","ascension_level":0}