{"gold_per_floor":[114,289,289,75,95,123,137,137,187,204,214,214,228,240,240,341,341,358,358,16,16,16,16,16,35,35,48,48,64,81,58,58,58],"floor_reached":33,"playtime":2440,"items_purged":["Pain","Doubt"],"score":274,"play_id":"7dc0344c-8f66-4912-be30-dc3a13f621d6","local_time":"20190330172243","is_ascension_mode":true,"campfire_choices":[{"floor":8,"key":"REST"},{"floor":12,"key":"REST"},{"floor":15,"key":"RECALL"},{"floor":23,"key":"REST"},{"floor":32,"key":"REST"}],"neow_cost":"NONE","seed_source_timestamp":22838552928405,"circlet_count":0,"master_deck":["Defend_G","Defend_G","Defend_G","Defend_G","Defend_G","Strike_G","Strike_G","Strike_G","Strike_G","Strike_G","Survivor","Neutralize","Cloak And Dagger","Blade Dance","Bandage Up","Glass Knife","Noxious Fumes","Bouncing Flask","Riddle With Holes","Blade Dance","Phantasmal Killer","Dagger Spray+1","RitualDagger","Slice+1","J.A.X.","Underhanded Strike","Finisher","Deadly Poison"],"relics":["Ring of the Snake","WarpedTongs","Centennial Puzzle","Art of War","WristBlade","Ninja Scroll"],"potions_floor_usage":[6,14,33],"damage_taken":[{"damage":1,"enemies":"Jaw Worm","floor":1,"turns":4},{"damage":0,"enemies":"Cultist","floor":5,"turns":3},{"damage":61,"enemies":"Gremlin Nob","floor":6,"turns":6},{"damage":2,"enemies":"2 Louse","floor":7,"turns":2},{"damage":0,"enemies":"Large Slime","floor":10,"turns":5},{"damage":4,"enemies":"Blue Slaver","floor":11,"turns":4},{"damage":0,"enemies":"2 Fungi Beasts","floor":13,"turns":4},{"damage":4,"enemies":"Exordium Wildlife","floor":14,"turns":2},{"damage":29,"enemies":"Slime Boss","floor":16,"turns":9},{"damage":12,"enemies":"Shell Parasite","floor":18,"turns":2},{"damage":0,"enemies":"Spheric Guardian","floor":25,"turns":1},{"damage":6,"enemies":"Centurion and Healer","floor":27,"turns":4},{"damage":18,"enemies":"Shelled Parasite and Fungi","floor":29,"turns":4},{"damage":2,"enemies":"Chosen and Byrds","floor":30,"turns":4},{"damage":113,"enemies":"Collector","floor":33,"turns":8}],"seed_played":"-1459352229549507899","potions_obtained":[{"floor":0,"key":"GamblersBrew"},{"floor":0,"key":"Fruit Juice"},{"floor":0,"key":"GamblersBrew"},{"floor":5,"key":"FairyPotion"},{"floor":10,"key":"Dexterity Potion"},{"floor":13,"key":"Fruit Juice"},{"floor":18,"key":"Swift Potion"},{"floor":25,"key":"Explosive Potion"}],"is_trial":false,"path_per_floor":["M","?","?","$","M","E","M","R","T","M","M","R","M","M","R","B",null,"M","?","$","?","?","R","$","M","T","M","?","M","M","$","R","B"],"character_chosen":"THE_SILENT","items_purchased":["Blade Dance","Bandage Up","Ninja Scroll","Deadly Poison"],"campfire_rested":4,"item_purchase_floors":[4,4,20,31],"current_hp_per_floor":[69,69,69,69,69,19,21,43,43,49,49,71,71,76,76,51,80,68,68,68,68,62,80,80,80,80,78,78,64,66,66,80,0],"gold":58,"neow_bonus":"THREE_SMALL_POTIONS","is_prod":false,"is_daily":false,"chose_seed":false,"campfire_upgraded":0,"win_rate":0,"timestamp":1553966563,"path_taken":["M","?","?","$","?","E","M","R","T","M","M","R","M","M","R","BOSS","M","?","$","?","?","R","?","M","T","M","?","M","?","$","R","BOSS"],"build_version":"2019-01-23","purchased_purges":2,"victory":false,"max_hp_per_floor":[70,70,70,70,70,75,75,75,75,75,75,75,75,80,80,80,80,80,80,80,80,80,80,80,80,80,80,80,80,80,80,80,80],"card_choices":[{"not_picked":["Slice","Skewer"],"picked":"Cloak And Dagger","floor":1},{"not_picked":["Bane","PiercingWail","Wraith Form v2"],"picked":"SKIP","floor":5},{"not_picked":["Flying Knee","Catalyst"],"picked":"Glass Knife","floor":6},{"not_picked":["Backflip","Deadly Poison"],"picked":"Noxious Fumes","floor":7},{"not_picked":["Dagger Throw","Sucker Punch"],"picked":"Bouncing Flask","floor":10},{"not_picked":["Acrobatics","Well Laid Plans","Outmaneuver"],"picked":"SKIP","floor":11},{"not_picked":["Night Terror","Acrobatics"],"picked":"Riddle With Holes","floor":13},{"not_picked":["Heel Hook","Cloak And Dagger"],"picked":"Blade Dance","floor":14},{"not_picked":["Grand Finale","Unload"],"picked":"Phantasmal Killer","floor":16},{"not_picked":["Bane","Slice"],"picked":"Dagger Spray+1","floor":18},{"not_picked":["Flying Knee+1","Predator"],"picked":"Slice+1","floor":25},{"not_picked":["Sucker Punch","Calculated Gamble","Dagger Spray"],"picked":"SKIP","floor":27},{"not_picked":["PiercingWail","Setup"],"picked":"Underhanded Strike","floor":29},{"not_picked":["Envenom","Flying Knee"],"picked":"Finisher","floor":30}],"player_experience":451609,"relics_obtained":[{"floor":6,"key":"Centennial Puzzle"},{"floor":9,"key":"Art of War"}],"event_choices":[{"damage_healed":0,"gold_gain":175,"player_choice":"AGREE","damage_taken":0,"max_hp_gain":0,"max_hp_loss":0,"event_name":"Liars Game","floor":2,"gold_loss":0,"cards_obtained":["Doubt"]},{"damage_healed":0,"gold_gain":0,"player_choice":"Rummage","damage_taken":0,"relics_obtained":["WarpedTongs"],"max_hp_gain":0,"max_hp_loss":0,"event_name":"Accursed Blacksmith","floor":3,"gold_loss":0,"cards_obtained":["Pain"]},{"damage_healed":0,"gold_gain":0,"player_choice":"Ignored","damage_taken":0,"max_hp_gain":0,"max_hp_loss":0,"event_name":"Ghosts","floor":19,"gold_loss":0},{"damage_healed":0,"gold_gain":0,"player_choice":"Ignored","damage_taken":0,"max_hp_gain":0,"max_hp_loss":0,"event_name":"Beggar","floor":21,"gold_loss":0},{"damage_healed":0,"gold_gain":0,"player_choice":"Joined the Cult","damage_taken":6,"max_hp_gain":0,"max_hp_loss":0,"event_name":"Nest","floor":22,"gold_loss":0,"cards_obtained":["RitualDagger"]},{"damage_healed":0,"gold_gain":0,"player_choice":"Obtain J.A.X.","damage_taken":0,"max_hp_gain":0,"max_hp_loss":0,"event_name":"Drug Dealer","floor":28,"gold_loss":0,"cards_obtained":["J.A.X."]}],"is_beta":false,"boss_relics":[{"not_picked":["Orrery","White Beast Statue"],"picked":"WristBlade"}],"items_purged_floors":[4,20],"is_endless":false,"potions_floor_spawned":[5,10,13,18,25],"killed_by":"Collector","ascension_level":2}