{"gold_per_floor":[367,382,400,240,27,27,43,74,74,74,84,95,245,258,258,336,336,348,238,23,31,31],"floor_reached":22,"playtime":791,"items_purged":["Strike_R"],"score":376,"play_id":"9f7ee25d-b615-40bb-b5ff-0572d2878534","local_time":"25620302142851","is_ascension_mode":true,"campfire_choices":[{"data":"Bash","floor":6.0,"key":"SMITH"},{"data":"Flame Barrier","floor":10.0,"key":"SMITH"},{"data":"Clothesline","floor":15.0,"key":"SMITH"}],"neow_cost":"TEN_PERCENT_HP_LOSS","seed_source_timestamp":11613522974250,"circlet_count":0,"master_deck":["AscendersBane","Strike_R","Strike_R","Strike_R","Strike_R","Defend_R","Defend_R","Defend_R","Defend_R","Bash+1","Clothesline+1","Rage","Intimidate","Flame Barrier+1","Barricade","Flex+1","Metallicize","Iron Wave","Feed","Impervious+1","Cleave","Armaments+1","Sentinel+1"],"special_seed":0,"relics":["Burning Blood","Medical Kit","Pen Nib","Toxic Egg 2","Mark of Pain","PreservedInsect"],"potions_floor_usage":[16,21,21],"damage_taken":[{"damage":7.0,"enemies":"Cultist","floor":1.0,"turns":4.0},{"damage":0.0,"enemies":"2 Louse","floor":2.0,"turns":4.0},{"damage":2.0,"enemies":"Jaw Worm","floor":3.0,"turns":5.0},{"damage":20.0,"enemies":"Red Slaver","floor":7.0,"turns":5.0},{"damage":18.0,"enemies":"Lagavulin","floor":8.0,"turns":10.0},{"damage":0.0,"enemies":"3 Louse","floor":11.0,"turns":3.0},{"damage":5.0,"enemies":"Exordium Wildlife","floor":12.0,"turns":8.0},{"damage":18.0,"enemies":"Lots of Slimes","floor":14.0,"turns":5.0},{"damage":7,"enemies":"Hexaghost","floor":16,"turns":16},{"damage":25,"enemies":"Spheric Guardian","floor":18,"turns":10},{"damage":38,"enemies":"2 Thieves","floor":21,"turns":5},{"damage":0,"enemies":"Shelled Parasite and Fungi","floor":22,"turns":2}],"seed_played":"-4159740019631020816","potions_obtained":[{"floor":2.0,"key":"BloodPotion"},{"floor":8.0,"key":"Explosive Potion"},{"floor":11.0,"key":"SpeedPotion"},{"floor":12.0,"key":"SpeedPotion"},{"floor":16,"key":"SteroidPotion"}],"is_trial":false,"path_per_floor":["M","M","M","$","$","R","M","E","T","R","M","M","?","M","R","B",null,"M","?","$","M","M"],"character_chosen":"IRONCLAD","items_purchased":["Flame Barrier","Medical Kit","PreservedInsect","Armaments+1"],"campfire_rested":0,"item_purchase_floors":[4,5,20,20],"current_hp_per_floor":[67,68,68,68,68,68,54,42,42,42,48,49,49,37,37,36,60,41,41,41,15,15],"gold":31,"neow_bonus":"TWO_FIFTY_GOLD","is_prod":false,"is_daily":false,"chose_seed":false,"campfire_upgraded":3,"win_rate":0,"timestamp":1551511731,"path_taken":["M","?","M","?","$","R","M","E","T","R","M","M","?","M","R","BOSS","M","?","$","?","M"],"build_version":"2019-01-23","purchased_purges":1,"victory":false,"max_hp_per_floor":[68,68,68,68,68,68,68,68,68,68,68,68,68,68,68,68,68,68,68,68,68,68],"card_choices":[{"not_picked":["Body Slam","Clash"],"picked":"Clothesline","floor":1.0},{"not_picked":["Perfected Strike","True Grit"],"picked":"Rage","floor":2.0},{"not_picked":["Clash","Body Slam"],"picked":"Intimidate","floor":3.0},{"not_picked":["Perfected Strike","Heavy Blade"],"picked":"Barricade","floor":7.0},{"not_picked":["Power Through","Heavy Blade"],"picked":"Flex","floor":8.0},{"not_picked":["Twin Strike","Headbutt"],"picked":"Metallicize","floor":11.0},{"not_picked":["Thunderclap","Rampage"],"picked":"Iron Wave","floor":12.0},{"not_picked":["Intimidate+1","True Grit+1"],"picked":"Feed","floor":14.0},{"not_picked":["Limit Break+1","Barricade"],"picked":"Impervious+1","floor":16},{"not_picked":["Blood for Blood","Sword Boomerang"],"picked":"Cleave","floor":18},{"not_picked":["Anger","Searing Blow"],"picked":"Sentinel+1","floor":21}],"player_experience":273987,"relics_obtained":[{"floor":8.0,"key":"Pen Nib"},{"floor":9.0,"key":"Toxic Egg 2"}],"event_choices":[{"damage_healed":0.0,"max_hp_gain":0.0,"max_hp_loss":0.0,"gold_gain":150.0,"event_name":"Liars Game","player_choice":"AGREE","floor":13.0,"gold_loss":0.0,"damage_taken":0.0,"cards_obtained":["Doubt"]},{"cards_removed":["Doubt"],"damage_healed":0,"gold_gain":0,"player_choice":"Upgrade and Remove","damage_taken":0,"max_hp_gain":0,"max_hp_loss":0,"event_name":"Designer","floor":19,"gold_loss":110,"cards_upgraded":["Flex"]}],"is_beta":false,"boss_relics":[{"not_picked":["Eternal Feather","Calling Bell"],"picked":"Mark of Pain"}],"items_purged_floors":[4],"is_endless":false,"potions_floor_spawned":[2,8,11,12,16],"killed_by":"Shelled Parasite and Fungi","ascension_level":20}