{"gold_per_floor":[115,126,137,147,159,187,187,221,248,198,198,214,214,226,226,325,325,342,442,442,458,21,21,49,81,81,81,113,124,74,407,407,510,510,520,520,520,176,193,220,255,255,255,266,266,266,295,53,53,53,53,53,4,30,30],"floor_reached":56,"playtime":8177,"items_purged":["Defend_G","Strike_G","Strike_G","Defend_G"],"score":1346,"play_id":"ecb1bcc9-3481-415a-8e41-beef5aab8619","local_time":"20190317043117","is_ascension_mode":false,"campfire_choices":[{"data":"Sucker Punch","floor":7,"key":"SMITH"},{"data":"After Image","floor":11,"key":"SMITH"},{"data":"Backflip","floor":15,"key":"SMITH"},{"floor":23,"key":"RECALL"},{"data":"After Image","floor":27,"key":"SMITH"},{"floor":32,"key":"REST"},{"data":"Infinite Blades","floor":42,"key":"SMITH"},{"data":"Cloak And Dagger","floor":46,"key":"SMITH"},{"data":"Blade Dance","floor":49,"key":"SMITH"},{"data":"Finisher","floor":52,"key":"SMITH"}],"neow_cost":"NONE","seed_source_timestamp":7094095165523,"circlet_count":0,"master_deck":["Defend_G+1","Strike_G+1","Survivor+1","Neutralize+1","Dodge and Roll+1","Phantasmal Killer+1","Backstab+1","Sucker Punch+1","Dagger Throw","Blade Dance+1","Finisher+1","Prepared","Heel Hook","After Image+1","Dagger Spray+1","Backflip+1","Glass Knife+1","Dagger Spray+1","Reflex+1","Flying Knee+1","Cloak And Dagger+1","Flying Knee+1","Underhanded Strike+1","After Image+1","Flying Knee+1","Mind Blast+1","Infinite Blades+1","Slice+1","Blade Dance+1","Prepared","Well Laid Plans+1","Quick Slash+1"],"relics":["Astrolabe","Orichalcum","Molten Egg 2","Regal Pillow","Black Star","WingedGreaves","Darkstone Periapt","Nunchaku","Smiling Mask","Art of War","Kunai","Omamori","Shuriken","Gremlin Horn","Tough Bandages","Letter Opener","Old Coin","WristBlade","Dodecahedron","Anchor","Potion Belt","Bird Faced Urn","Ancient Tea Set","War Paint","Pen Nib","Medical Kit","Ninja Scroll","Ice Cream"],"potions_floor_usage":[16,24,25,28,33,50,55,55,55],"damage_taken":[{"damage":0,"enemies":"2 Louse","floor":1,"turns":2},{"damage":0,"enemies":"Jaw Worm","floor":2,"turns":3},{"damage":0,"enemies":"Small Slimes","floor":3,"turns":3},{"damage":2,"enemies":"Blue Slaver","floor":4,"turns":3},{"damage":0,"enemies":"Exordium Wildlife","floor":5,"turns":2},{"damage":19,"enemies":"3 Sentries","floor":6,"turns":14},{"damage":10,"enemies":"Gremlin Nob","floor":8,"turns":3},{"damage":0,"enemies":"3 Louse","floor":12,"turns":3},{"damage":3,"enemies":"Gremlin Gang","floor":14,"turns":3},{"damage":2,"enemies":"Slime Boss","floor":16,"turns":13},{"damage":1,"enemies":"Chosen","floor":18,"turns":3},{"damage":8,"enemies":"Colosseum Slavers","floor":19,"turns":5},{"damage":4,"enemies":"Colosseum Nobs","floor":19,"turns":3},{"damage":9,"enemies":"2 Thieves","floor":21,"turns":3},{"damage":21,"enemies":"Slavers","floor":24,"turns":3},{"damage":6,"enemies":"Book of Stabbing","floor":25,"turns":6},{"damage":2,"enemies":"Gremlin Leader","floor":28,"turns":4},{"damage":0,"enemies":"3 Cultists","floor":29,"turns":4},{"damage":7,"enemies":"Book of Stabbing","floor":31,"turns":4},{"damage":45,"enemies":"Automaton","floor":33,"turns":7},{"damage":3,"enemies":"Orb Walker","floor":35,"turns":2},{"damage":0,"enemies":"3 Darklings","floor":39,"turns":4},{"damage":25,"enemies":"Nemesis","floor":40,"turns":5},{"damage":1,"enemies":"Giant Head","floor":41,"turns":7},{"damage":0,"enemies":"Transient","floor":44,"turns":5},{"damage":0,"enemies":"Nemesis","floor":47,"turns":3},{"damage":21,"enemies":"Awakened One","floor":50,"turns":8},{"damage":9,"enemies":"Shield and Spear","floor":54,"turns":4},{"damage":42,"enemies":"The Heart","floor":55,"turns":7}],"seed_played":"-233980869604406157","potions_obtained":[{"floor":3,"key":"Energy Potion"},{"floor":4,"key":"Ancient Potion"},{"floor":5,"key":"Regen Potion"},{"floor":12,"key":"SteroidPotion"},{"floor":21,"key":"Swift Potion"},{"floor":24,"key":"GamblersBrew"},{"floor":29,"key":"SpeedPotion"},{"floor":31,"key":"Strength Potion"},{"floor":33,"key":"Dexterity Potion"},{"floor":41,"key":"Ancient Potion"},{"floor":44,"key":"SpeedPotion"},{"floor":54,"key":"Regen Potion"}],"is_trial":false,"path_per_floor":["M","M","M","M","M","E","R","E","T","?","R","M","?","M","R","B",null,"M","?","?","M","$","R","E","E","T","R","E","M","$","E","R","B",null,"M","?","?","$","M","E","E","R","T","M","?","R","E","$","R","B",null,"R","$","E","B",null],"character_chosen":"THE_SILENT","items_purchased":["Nunchaku","Flying Knee+1","Dodecahedron","Infinite Blades","Medical Kit","Weak Potion"],"campfire_rested":1,"item_purchase_floors":[22,22,38,38,48,53],"current_hp_per_floor":[70,70,70,68,68,49,49,39,39,39,39,39,25,22,22,35,70,69,57,57,48,48,48,27,21,21,21,19,19,19,12,48,3,70,67,67,67,67,67,42,41,41,41,47,65,65,70,70,70,51,70,70,70,63,36],"gold":30,"neow_bonus":"BOSS_RELIC","is_prod":false,"is_daily":false,"chose_seed":false,"campfire_upgraded":8,"win_rate":0,"timestamp":1552807877,"path_taken":["M","M","M","M","M","E","R","E","T","?","R","M","?","M","R","BOSS","M","?","?","M","?","R","E","E","T","R","E","M","$","E","R","BOSS","M","?","?","$","?","E","E","R","T","M","?","R","E","$","R","BOSS","R","$","E","BOSS"],"build_version":"2019-01-23","purchased_purges":4,"victory":true,"max_hp_per_floor":[70,70,70,70,70,70,70,70,70,70,70,70,70,70,70,70,70,70,70,70,70,70,70,70,70,70,70,70,70,70,70,70,70,70,70,70,70,70,70,70,70,70,70,70,70,70,70,70,70,70,70,70,70,70,70],"card_choices":[{"not_picked":["Backstab","PiercingWail"],"picked":"Sucker Punch","floor":1},{"not_picked":["Acrobatics","Prepared"],"picked":"Dagger Throw","floor":2},{"not_picked":["Footwork","Skewer"],"picked":"Blade Dance","floor":3},{"not_picked":["Choke","Underhanded Strike"],"picked":"Finisher","floor":4},{"not_picked":["Flying Knee","Riddle With Holes"],"picked":"Prepared","floor":5},{"not_picked":["Choke","Reflex"],"picked":"Heel Hook","floor":6},{"not_picked":["Acrobatics","Flying Knee"],"picked":"After Image","floor":8},{"not_picked":["Bane+1","Skewer+1"],"picked":"Dagger Spray+1","floor":12},{"not_picked":["Noxious Fumes","Flechettes+1"],"picked":"Backflip","floor":14},{"not_picked":["Tools of the Trade","Doppelganger"],"picked":"Glass Knife+1","floor":16},{"not_picked":["Finisher+1","PiercingWail"],"picked":"Dagger Spray+1","floor":18},{"not_picked":["Blade Dance","Backflip"],"picked":"Reflex+1","floor":19},{"not_picked":["Poisoned Stab+1","Prepared"],"picked":"Cloak And Dagger","floor":21},{"not_picked":["Sucker Punch+1","Footwork"],"picked":"Underhanded Strike+1","floor":24},{"not_picked":["Prepared","Noxious Fumes"],"picked":"After Image","floor":25},{"not_picked":["Slice+1","Cloak And Dagger"],"picked":"Flying Knee+1","floor":28},{"not_picked":["Outmaneuver","Backflip","Sucker Punch+1"],"picked":"SKIP","floor":29},{"not_picked":["Endless Agony+1","Calculated Gamble+1","Caltrops"],"picked":"SKIP","floor":31},{"not_picked":["Quick Slash+1","PiercingWail+1","Acrobatics"],"picked":"SKIP","floor":35},{"not_picked":["Blind","Forethought"],"picked":"Mind Blast+1","floor":36},{"not_picked":["Flechettes+1","Expertise"],"picked":"Slice+1","floor":39},{"not_picked":["Poisoned Stab+1","Underhanded Strike+1","Bouncing Flask+1"],"picked":"SKIP","floor":40},{"not_picked":["Deadly Poison","Distraction+1"],"picked":"Blade Dance+1","floor":41},{"not_picked":["Underhanded Strike+1","Quick Slash+1"],"picked":"Prepared","floor":44},{"not_picked":["Quick Slash+1","Backstab+1"],"picked":"Well Laid Plans+1","floor":47},{"not_picked":["Corpse Explosion","Bane+1"],"picked":"Quick Slash+1","floor":54}],"player_experience":156063,"relics_obtained":[{"floor":6,"key":"Orichalcum"},{"floor":8,"key":"Molten Egg 2"},{"floor":9,"key":"Regal Pillow"},{"floor":19,"key":"WingedGreaves"},{"floor":19,"key":"Darkstone Periapt"},{"floor":24,"key":"Smiling Mask"},{"floor":24,"key":"Art of War"},{"floor":25,"key":"Kunai"},{"floor":25,"key":"Omamori"},{"floor":26,"key":"Shuriken"},{"floor":28,"key":"Gremlin Horn"},{"floor":28,"key":"Tough Bandages"},{"floor":31,"key":"Letter Opener"},{"floor":31,"key":"Old Coin"},{"floor":40,"key":"Anchor"},{"floor":40,"key":"Potion Belt"},{"floor":41,"key":"Bird Faced Urn"},{"floor":41,"key":"Ancient Tea Set"},{"floor":47,"key":"War Paint"},{"floor":47,"key":"Pen Nib"},{"floor":54,"key":"Ninja Scroll"},{"floor":54,"key":"Ice Cream"}],"event_choices":[{"cards_removed":["Defend_G"],"damage_healed":0,"gold_gain":0,"player_choice":"Card Removal","damage_taken":0,"max_hp_gain":0,"max_hp_loss":0,"event_name":"The Cleric","floor":10,"gold_loss":50},{"damage_healed":0,"gold_gain":0,"player_choice":"Entered Light","damage_taken":14,"max_hp_gain":0,"max_hp_loss":0,"event_name":"Shining Light","floor":13,"gold_loss":0,"cards_upgraded":["Strike_G","Neutralize"]},{"damage_healed":0,"gold_gain":0,"player_choice":"Fight","damage_taken":0,"max_hp_gain":0,"max_hp_loss":0,"event_name":"Colosseum","floor":19,"gold_loss":0},{"damage_healed":0,"gold_gain":0,"player_choice":"Fought Nobs","damage_taken":0,"max_hp_gain":0,"max_hp_loss":0,"event_name":"Colosseum","floor":19,"gold_loss":0},{"damage_healed":0,"gold_gain":0,"player_choice":"Read","damage_taken":0,"max_hp_gain":0,"max_hp_loss":0,"event_name":"The Library","floor":20,"gold_loss":0,"cards_obtained":["Flying Knee"]},{"damage_healed":0,"gold_gain":0,"player_choice":"Memory 1","damage_taken":0,"max_hp_gain":0,"max_hp_loss":0,"event_name":"SensoryStone","floor":36,"gold_loss":0},{"damage_healed":0,"gold_gain":0,"player_choice":"Ignored","damage_taken":0,"max_hp_gain":0,"max_hp_loss":0,"event_name":"NoteForYourself","floor":37,"gold_loss":0},{"damage_healed":18,"gold_gain":0,"player_choice":"Writhe","damage_taken":0,"max_hp_gain":0,"max_hp_loss":0,"event_name":"Winding Halls","floor":45,"gold_loss":0,"cards_obtained":["Writhe"]}],"is_beta":false,"boss_relics":[{"not_picked":["Coffee Dripper","Orrery"],"picked":"Black Star"},{"not_picked":["HoveringKite","Pandora\u0027s Box"],"picked":"WristBlade"}],"items_purged_floors":[22,30,38,48],"is_endless":false,"potions_floor_spawned":[3,4,5,12,14,21,24,29,31,33,41,44,54],"ascension_level":0}