{"gold_per_floor":[112,127,147,17,32,60,60,30,30,45,45,77,38,68,68,167,167,183,282,282,298,398,433,433,447,447,447,482,482,0,0,0,101,101,115,128,38,56,74,74,92,124,149,149,175,191,191,291,291,291,291,291,4,35,35],"floor_reached":56,"playtime":4532,"items_purged":[],"score":1307,"play_id":"3aeaa5de-1a7d-4d81-9c70-6dcf57ec1de6","local_time":"20190509111812","is_ascension_mode":true,"campfire_choices":[{"floor":7,"key":"REST"},{"floor":11,"key":"REST"},{"floor":15,"key":"REST"},{"data":"Noxious Fumes","floor":24,"key":"SMITH"},{"data":"A Thousand Cuts","floor":27,"key":"SMITH"},{"floor":29,"key":"RECALL"},{"data":"Noxious Fumes","floor":32,"key":"SMITH"},{"data":"Malaise","floor":40,"key":"SMITH"},{"data":"Deadly Poison","floor":44,"key":"SMITH"},{"data":"Venomology","floor":47,"key":"SMITH"},{"data":"Well Laid Plans","floor":49,"key":"SMITH"},{"data":"After Image","floor":52,"key":"SMITH"}],"neow_cost":"NONE","seed_source_timestamp":262493477048499,"circlet_count":0,"master_deck":["Defend_G","Defend_G","Defend_G","Defend_G","Survivor+1","Neutralize+1","PiercingWail","Bandage Up","A Thousand Cuts+1","Deadly Poison+1","Noxious Fumes+1","Bullet Time","After Image","Bane","Bite","Bite","Bite","Bite","Bite","Footwork+1","Dash","Well Laid Plans+1","After Image+1","Noxious Fumes+1","Cloak And Dagger","Malaise+1","Deflect+1","Caltrops+1","Flechettes+1","Backflip+1","Venomology+1"],"relics":["Ring of the Snake","Smiling Mask","Bag of Preparation","Matryoshka","Blood Vial","Coffee Dripper","Sundial","Happy Flower","Nunchaku","Orichalcum","TwistedFunnel","Snake Skull","Pen Nib","Ancient Tea Set","Philosopher\u0027s Stone","The Courier","Shuriken","Calipers","Oddly Smooth Stone","Pantograph"],"potions_floor_usage":[6,6,6,23,33,36,42,50,50,50,50,50,50,54,54,55,55],"damage_taken":[{"damage":0,"enemies":"Cultist","floor":1,"turns":5},{"damage":0,"enemies":"Small Slimes","floor":2,"turns":4},{"damage":3,"enemies":"2 Louse","floor":3,"turns":3},{"damage":17,"enemies":"2 Fungi Beasts","floor":5,"turns":5},{"damage":56,"enemies":"Lagavulin","floor":6,"turns":20},{"damage":0,"enemies":"Looter","floor":8,"turns":4},{"damage":15,"enemies":"Lots of Slimes","floor":10,"turns":4},{"damage":26,"enemies":"Gremlin Nob","floor":12,"turns":5},{"damage":6,"enemies":"Lagavulin","floor":14,"turns":8},{"damage":36,"enemies":"The Guardian","floor":16,"turns":12},{"damage":20,"enemies":"Chosen","floor":18,"turns":6},{"damage":19,"enemies":"Shell Parasite","floor":21,"turns":7},{"damage":17,"enemies":"Book of Stabbing","floor":23,"turns":7},{"damage":11,"enemies":"Centurion and Healer","floor":25,"turns":8},{"damage":18,"enemies":"Gremlin Leader","floor":28,"turns":6},{"damage":46,"enemies":"Collector","floor":33,"turns":8},{"damage":9,"enemies":"3 Darklings","floor":35,"turns":5},{"damage":5,"enemies":"Orb Walker","floor":36,"turns":4},{"damage":33,"enemies":"Transient","floor":38,"turns":5},{"damage":7,"enemies":"Maw","floor":39,"turns":7},{"damage":17,"enemies":"3 Darklings","floor":41,"turns":3},{"damage":18,"enemies":"Nemesis","floor":42,"turns":7},{"damage":6,"enemies":"Reptomancer","floor":45,"turns":6},{"damage":11,"enemies":"4 Shapes","floor":46,"turns":3},{"damage":14,"enemies":"Mind Bloom Boss Battle","floor":48,"turns":8},{"damage":26,"enemies":"Awakened One","floor":50,"turns":11},{"damage":23,"enemies":"Shield and Spear","floor":54,"turns":8},{"damage":53,"enemies":"The Heart","floor":55,"turns":11}],"seed_played":"206976079566495755","potions_obtained":[{"floor":2,"key":"AttackPotion"},{"floor":3,"key":"Energy Potion"},{"floor":16,"key":"Energy Potion"},{"floor":18,"key":"Strength Potion"},{"floor":35,"key":"Fruit Juice"},{"floor":39,"key":"Strength Potion"},{"floor":41,"key":"Block Potion"},{"floor":42,"key":"EntropicBrew"},{"floor":54,"key":"GhostInAJar"}],"is_trial":false,"path_per_floor":["M","M","M","$","M","E","R","M","T","M","R","E","?","E","R","B",null,"M","?","?","M","?","E","R","M","T","R","E","R","$","T","R","B",null,"M","M","?","M","M","R","M","E","T","R","E","M","R","?","R","B",null,"R","$","E","B",null],"character_chosen":"THE_SILENT","items_purchased":["Bandage Up","PowerPotion","TwistedFunnel","Snake Skull","Noxious Fumes","Cloak And Dagger","FairyPotion","Dexterity Potion","Oddly Smooth Stone","PowerPotion"],"campfire_rested":3,"item_purchase_floors":[4,4,30,30,30,30,53,53,53,53],"current_hp_per_floor":[70,70,67,67,53,1,22,26,26,15,36,14,14,12,33,3,70,50,50,49,44,44,42,42,49,49,49,49,49,49,49,49,21,49,49,53,53,31,40,40,33,31,31,31,43,44,44,48,48,54,54,54,54,43,14],"gold":35,"neow_bonus":"UPGRADE_CARD","is_prod":false,"is_daily":false,"chose_seed":false,"campfire_upgraded":8,"win_rate":0,"timestamp":1557389892,"path_taken":["M","M","M","$","?","E","R","M","T","M","R","E","?","E","R","BOSS","M","?","?","M","?","E","R","?","T","R","E","R","$","?","R","BOSS","M","M","?","M","?","R","M","E","T","R","E","M","R","?","R","BOSS","R","$","E","BOSS"],"build_version":"2019-01-23","purchased_purges":0,"victory":true,"max_hp_per_floor":[70,70,70,70,70,70,70,70,70,70,70,70,70,70,70,70,70,70,70,49,49,49,49,49,49,49,49,49,49,49,49,49,49,49,49,54,54,54,54,54,54,54,54,54,54,54,54,54,54,54,54,54,54,54,54],"card_choices":[{"not_picked":["Dagger Throw","Heel Hook","Quick Slash"],"picked":"SKIP","floor":1},{"not_picked":["Prepared","Deflect"],"picked":"PiercingWail","floor":2},{"not_picked":["Quick Slash","Underhanded Strike","Sucker Punch"],"picked":"SKIP","floor":3},{"not_picked":["Prepared","Unload","Quick Slash"],"picked":"SKIP","floor":5},{"not_picked":["Bane","Riddle With Holes"],"picked":"A Thousand Cuts","floor":6},{"not_picked":["Tactician","Quick Slash"],"picked":"Deadly Poison","floor":8},{"not_picked":["Deadly Poison","Bane"],"picked":"Noxious Fumes","floor":10},{"not_picked":["Bane","PiercingWail"],"picked":"Bullet Time","floor":12},{"not_picked":["Slice","Riddle With Holes","Dagger Throw"],"picked":"SKIP","floor":14},{"not_picked":["Storm of Steel","Unload"],"picked":"After Image","floor":16},{"not_picked":["Predator","Dagger Spray"],"picked":"Bane","floor":18},{"not_picked":["Flying Knee","Acrobatics"],"picked":"Footwork+1","floor":21},{"not_picked":["Flying Knee+1","Slice"],"picked":"Dash","floor":23},{"not_picked":["Expertise","Poisoned Stab"],"picked":"Well Laid Plans","floor":25},{"not_picked":["Reflex","Choke"],"picked":"After Image","floor":28},{"not_picked":["After Image","Wraith Form v2"],"picked":"Malaise","floor":33},{"not_picked":["Dagger Spray","Distraction"],"picked":"Deflect+1","floor":35},{"not_picked":["Masterful Stab","Backflip+1"],"picked":"Caltrops+1","floor":36},{"not_picked":["Deflect","All Out Attack+1"],"picked":"Flechettes+1","floor":38},{"not_picked":["Poisoned Stab+1","Masterful Stab+1","Cloak And Dagger"],"picked":"SKIP","floor":39},{"not_picked":["Doppelganger","PiercingWail","Flying Knee"],"picked":"SKIP","floor":41},{"not_picked":["Dagger Spray+1","Cloak And Dagger+1","Flechettes+1"],"picked":"SKIP","floor":42},{"not_picked":["Bane","Backstab"],"picked":"Backflip+1","floor":45},{"not_picked":["Heel Hook+1","All Out Attack+1"],"picked":"Venomology","floor":46},{"not_picked":["Masterful Stab","Predator+1","Backstab"],"picked":"SKIP","floor":54}],"player_experience":400800,"relics_obtained":[{"floor":6,"key":"Smiling Mask"},{"floor":9,"key":"Bag of Preparation"},{"floor":12,"key":"Matryoshka"},{"floor":14,"key":"Blood Vial"},{"floor":23,"key":"Sundial"},{"floor":26,"key":"Happy Flower"},{"floor":26,"key":"Nunchaku"},{"floor":28,"key":"Orichalcum"},{"floor":31,"key":"Pen Nib"},{"floor":31,"key":"Ancient Tea Set"},{"floor":42,"key":"The Courier"},{"floor":45,"key":"Shuriken"},{"floor":48,"key":"Calipers"},{"floor":54,"key":"Pantograph"}],"event_choices":[{"damage_healed":0,"gold_gain":0,"player_choice":"Left Gold","damage_taken":0,"max_hp_gain":0,"max_hp_loss":0,"event_name":"World of Goop","floor":13,"gold_loss":39},{"damage_healed":0,"gold_gain":99,"player_choice":"Stole From Cult","damage_taken":0,"max_hp_gain":0,"max_hp_loss":0,"event_name":"Nest","floor":19,"gold_loss":0},{"damage_healed":0,"gold_gain":0,"player_choice":"Became a vampire","damage_taken":0,"max_hp_gain":0,"max_hp_loss":21,"event_name":"Vampires","floor":20,"gold_loss":0,"cards_obtained":["Bite","Bite","Bite","Bite","Bite"]},{"damage_healed":0,"gold_gain":100,"player_choice":"Pray","damage_taken":0,"max_hp_gain":0,"max_hp_loss":0,"event_name":"Golden Shrine","floor":22,"gold_loss":0},{"cards_removed":["Defend_G"],"damage_healed":0,"gold_gain":0,"player_choice":"Upgrade and Remove","damage_taken":0,"max_hp_gain":0,"max_hp_loss":0,"event_name":"Designer","floor":37,"gold_loss":90,"cards_upgraded":["Survivor"]},{"damage_healed":0,"gold_gain":0,"player_choice":"Fight","damage_taken":0,"max_hp_gain":0,"max_hp_loss":0,"event_name":"MindBloom","floor":48,"gold_loss":0}],"is_beta":false,"boss_relics":[{"not_picked":["Empty Cage","White Beast Statue"],"picked":"Coffee Dripper"},{"not_picked":["Eternal Feather","Fusion Hammer"],"picked":"Philosopher\u0027s Stone"}],"items_purged_floors":[],"is_endless":false,"potions_floor_spawned":[2,3,5,16,18,35,39,41,42,54],"ascension_level":2}