{"gold_per_floor":[111,72,84,84,84,111,111,145,145,145,159,159,178,196,196,301,301,316,24,37,55,55,55,80,80,80,106,106,106,106,138,138,138],"floor_reached":33,"playtime":2120,"items_purged":[],"score":445,"play_id":"bf16bcd7-7a68-43b8-92e6-825a071fdc8a","local_time":"20181230025723","is_ascension_mode":true,"campfire_choices":[{"floor":7.0,"key":"REST"},{"data":"Neutralize","floor":10.0,"key":"SMITH"},{"data":"Predator","floor":12.0,"key":"SMITH"},{"floor":15.0,"key":"REST"},{"floor":23.0,"key":"REST"},{"floor":25.0,"key":"REST"},{"floor":29.0,"key":"REST"},{"floor":32.0,"key":"REST"}],"neow_cost":"PERCENT_DAMAGE","seed_source_timestamp":126369610027122,"circlet_count":0,"master_deck":["Defend_G","Defend_G","Defend_G","Defend_G","Defend_G","Strike_G","Strike_G","Survivor","Neutralize+1","Backflip","Predator+1","Deadly Poison","Underhanded Strike","Backflip","Dagger Spray","Venomology","All Out Attack","Poisoned Stab","Adrenaline","Phantasmal Killer","Outmaneuver+1","Footwork","Footwork","Slice+1","Poisoned Stab+1","Bane+1","After Image","Decay","Writhe"],"special_seed":0,"relics":["Ring of the Snake","StoneCalendar","Bag of Preparation","Prayer Wheel","Empty Cage","Matryoshka","Nilry\u0027s Codex","Singing Bowl","Oddly Smooth Stone","Gremlin Horn","Dodecahedron","Ginger","Omamori"],"potions_floor_usage":[33,33],"damage_taken":[{"damage":1.0,"enemies":"Cultist","floor":1.0,"turns":4.0},{"damage":0.0,"enemies":"2 Louse","floor":3.0,"turns":3.0},{"damage":29.0,"enemies":"Lagavulin","floor":6.0,"turns":8.0},{"damage":20.0,"enemies":"Gremlin Nob","floor":8.0,"turns":4.0},{"damage":2.0,"enemies":"Small Slimes","floor":11.0,"turns":4.0},{"damage":1.0,"enemies":"2 Fungi Beasts","floor":13.0,"turns":3.0},{"damage":8.0,"enemies":"Large Slime","floor":14.0,"turns":6.0},{"damage":14.0,"enemies":"The Guardian","floor":16.0,"turns":13.0},{"damage":1.0,"enemies":"3 Byrds","floor":18.0,"turns":5.0},{"damage":6.0,"enemies":"Shell Parasite","floor":20.0,"turns":7.0},{"damage":10.0,"enemies":"3 Cultists","floor":21.0,"turns":5.0},{"damage":46.0,"enemies":"Slavers","floor":24.0,"turns":5.0},{"damage":43.0,"enemies":"Book of Stabbing","floor":27.0,"turns":6.0},{"damage":12.0,"enemies":"Gremlin Leader","floor":31.0,"turns":5.0},{"damage":71,"enemies":"Collector","floor":33,"turns":7}],"seed_played":"8284279199874146891","potions_obtained":[{"floor":1.0,"key":"GamblersBrew"},{"floor":5.0,"key":"FairyPotion"},{"floor":5.0,"key":"PowerPotion"},{"floor":6.0,"key":"SkillPotion"},{"floor":16.0,"key":"GhostInAJar"},{"floor":21.0,"key":"FairyPotion"},{"floor":27.0,"key":"GhostInAJar"}],"is_trial":false,"path_per_floor":["M","$","M","?","?","E","R","E","T","R","M","R","M","M","R","B",null,"M","$","M","M","?","R","R","T","E","?","R","?","E","R"],"character_chosen":"THE_SILENT","items_purchased":["Predator","Footwork","Matryoshka"],"campfire_rested":6,"item_purchase_floors":[2,19,19],"current_hp_per_floor":[58,58,58,58,58,29,54,34,34,34,32,32,31,23,48,34,72,71,71,65,55,39,64,18,43,43,10,10,35,35,25,51,0],"gold":138,"neow_bonus":"TWENTY_PERCENT_HP_BONUS","is_prod":false,"is_daily":false,"chose_seed":false,"campfire_upgraded":2,"win_rate":0,"timestamp":1546135043,"path_taken":["M","$","M","?","?","E","R","E","T","R","M","R","?","M","R","BOSS","M","$","M","M","?","R","E","R","T","E","?","R","?","E","R","BOSS"],"build_version":"2018-12-25","purchased_purges":0,"victory":false,"max_hp_per_floor":[84,84,84,84,84,84,84,84,84,84,84,84,84,84,84,84,84,84,84,84,84,84,84,84,84,84,86,86,86,86,88,88,88],"card_choices":[{"not_picked":["Escape Plan","Acrobatics"],"picked":"Backflip","floor":1.0},{"not_picked":["PiercingWail","Acrobatics"],"picked":"Deadly Poison","floor":3.0},{"not_picked":["Sucker Punch","Expertise"],"picked":"Backflip","floor":6.0},{"not_picked":["Quick Slash","Predator","Acrobatics"],"picked":"SKIP","floor":8.0},{"not_picked":["Flying Knee","Dagger Throw"],"picked":"Dagger Spray","floor":11.0},{"not_picked":["Dagger Throw","Infinite Blades","Deadly Poison"],"picked":"SKIP","floor":11.0},{"not_picked":["Acrobatics","Blade Dance"],"picked":"Venomology","floor":13.0},{"not_picked":["Escape Plan","PiercingWail"],"picked":"All Out Attack","floor":13.0},{"not_picked":["Flying Knee","Dodge and Roll"],"picked":"Poisoned Stab","floor":14.0},{"not_picked":["Concentrate","Reflex"],"picked":"Adrenaline","floor":14.0},{"not_picked":["Tools of the Trade","Adrenaline"],"picked":"Phantasmal Killer","floor":16.0},{"not_picked":["Prepared+1","Well Laid Plans"],"picked":"Outmaneuver+1","floor":18.0},{"not_picked":["Flying Knee","Slice","Prepared"],"picked":"SKIP","floor":18.0},{"not_picked":["Deadly Poison","Outmaneuver"],"picked":"Footwork","floor":20.0},{"not_picked":["Quick Slash","Dagger Throw+1"],"picked":"Slice+1","floor":20.0},{"not_picked":["Prepared","Sucker Punch"],"picked":"Poisoned Stab+1","floor":21.0},{"not_picked":["Dagger Spray","Bane+1","Accuracy"],"picked":"SKIP","floor":21.0},{"not_picked":["Dagger Spray","Accuracy"],"picked":"Bane+1","floor":21.0},{"not_picked":["Backflip","Quick Slash"],"picked":"After Image","floor":24.0},{"not_picked":["Underhanded Strike","Footwork+1","After Image"],"picked":"Singing Bowl","floor":27.0},{"not_picked":["Underhanded Strike","Poisoned Stab","Dagger Spray"],"picked":"Singing Bowl","floor":31.0}],"player_experience":335486,"relics_obtained":[{"floor":6.0,"key":"StoneCalendar"},{"floor":8.0,"key":"Bag of Preparation"},{"floor":9.0,"key":"Prayer Wheel"},{"floor":22.0,"key":"Nilry\u0027s Codex"},{"floor":24.0,"key":"Singing Bowl"},{"floor":26.0,"key":"Oddly Smooth Stone"},{"floor":26.0,"key":"Gremlin Horn"},{"floor":27.0,"key":"Dodecahedron"},{"floor":31.0,"key":"Omamori"}],"event_choices":[{"damage_healed":0.0,"max_hp_gain":0.0,"max_hp_loss":0.0,"gold_gain":0.0,"cards_transformed":["Strike_G"],"event_name":"Living Wall","player_choice":"Change","floor":4.0,"gold_loss":0.0,"damage_taken":0.0,"cards_obtained":["Underhanded Strike"]},{"damage_healed":0.0,"max_hp_gain":0.0,"max_hp_loss":0.0,"gold_gain":0.0,"event_name":"Lab","player_choice":"Got Potions","floor":5.0,"gold_loss":0.0,"damage_taken":0.0},{"damage_healed":0.0,"max_hp_gain":0.0,"max_hp_loss":0.0,"gold_gain":0.0,"event_name":"Cursed Tome","player_choice":"Obtained Book","floor":22.0,"gold_loss":0.0,"damage_taken":16.0},{"damage_healed":0.0,"max_hp_gain":0.0,"max_hp_loss":0.0,"gold_gain":0.0,"event_name":"Forgotten Altar","player_choice":"Smashed Altar","floor":28.0,"gold_loss":0.0,"damage_taken":0.0,"cards_obtained":["Decay"]},{"damage_healed":0.0,"max_hp_gain":0.0,"max_hp_loss":0.0,"gold_gain":0.0,"event_name":"The Mausoleum","player_choice":"Opened","floor":30.0,"gold_loss":0.0,"damage_taken":0.0,"relics_obtained":["Ginger"],"cards_obtained":["Writhe"]}],"is_beta":true,"boss_relics":[{"not_picked":["White Beast Statue","Lizard Tail"],"picked":"Empty Cage"}],"items_purged_floors":[],"is_endless":false,"potions_floor_spawned":[1,6,16,20,21,27],"killed_by":"Collector","ascension_level":7}