{"gold_per_floor":[109,59,59,59,73,73,113,113,138,177,196,231,231,249,249,338,338,351,351,351,126,140,140,158,199,199,199,218,218,249,270,270,368,368,388,404,404,429,429,429,467,467,467,467,467,467,481,497,497,497],"floor_reached":50,"playtime":2175,"items_purged":["Strike_R"],"score":983,"play_id":"865c1bce-0873-4341-85b2-57372515fabd","local_time":"20190419193132","is_ascension_mode":true,"campfire_choices":[{"data":"Battle Trance","floor":6.0,"key":"SMITH"},{"data":"Bash","floor":8.0,"key":"SMITH"},{"data":"Flame Barrier","floor":13.0,"key":"SMITH"},{"data":"Defend_R","floor":15.0,"key":"SMITH"},{"data":"Madness","floor":23.0,"key":"SMITH"},{"data":"Entrench","floor":27.0,"key":"SMITH"},{"data":"Havoc","floor":32.0,"key":"SMITH"},{"floor":40.0,"key":"RECALL"},{"data":"Demon Form","floor":42.0,"key":"SMITH"},{"data":"Seeing Red","floor":45.0,"key":"SMITH"},{"floor":49.0,"key":"REST"}],"neow_cost":"NONE","seed_source_timestamp":0,"circlet_count":0,"master_deck":["AscendersBane","Strike_R+1","Strike_R","Strike_R+1","Defend_R+1","Defend_R+1","Defend_R","Defend_R+1","Bash+1","Battle Trance+1","Heavy Blade+1","Flame Barrier+1","Cleave+1","Whirlwind+1","Reaper+1","Body Slam+1","Bash+1","Seeing Red+1","Havoc+1","Demon Form+1","Madness+1","Entrench+1","Bludgeon+1","Parasite","Headbutt+1"],"special_seed":0,"relics":["Burning Blood","NeowsBlessing","Golden Idol","Molten Egg 2","War Paint","Centennial Puzzle","Oddly Smooth Stone","Velvet Choker","Meat on the Bone","Omamori","Whetstone","Mercury Hourglass","Letter Opener","Calling Bell","Ginger","Pear","Potion Belt","Ancient Tea Set","Gremlin Horn"],"potions_floor_usage":[50],"damage_taken":[{"damage":0.0,"enemies":"Small Slimes","floor":1.0,"turns":1.0},{"damage":0.0,"enemies":"2 Louse","floor":5.0,"turns":1.0},{"damage":0.0,"enemies":"Gremlin Nob","floor":7.0,"turns":1.0},{"damage":25.0,"enemies":"Lagavulin","floor":10.0,"turns":6.0},{"damage":0.0,"enemies":"Jaw Worm","floor":11.0,"turns":4.0},{"damage":19.0,"enemies":"3 Sentries","floor":12.0,"turns":10.0},{"damage":0.0,"enemies":"3 Louse","floor":14.0,"turns":2.0},{"damage":6.0,"enemies":"The Guardian","floor":16.0,"turns":15.0},{"damage":24.0,"enemies":"Shell Parasite","floor":18.0,"turns":7.0},{"damage":11.0,"enemies":"2 Thieves","floor":22.0,"turns":4.0},{"damage":26.0,"enemies":"Snake Plant","floor":24.0,"turns":4.0},{"damage":38.0,"enemies":"Book of Stabbing","floor":25.0,"turns":4.0},{"damage":1.0,"enemies":"Snecko","floor":28.0,"turns":3.0},{"damage":20.0,"enemies":"Slavers","floor":30.0,"turns":3.0},{"damage":8.0,"enemies":"3 Cultists","floor":31.0,"turns":3.0},{"damage":58.0,"enemies":"Champ","floor":33.0,"turns":10.0},{"damage":20.0,"enemies":"3 Darklings","floor":35.0,"turns":5.0},{"damage":0.0,"enemies":"3 Shapes","floor":36.0,"turns":6.0},{"damage":60.0,"enemies":"Transient","floor":38.0,"turns":5.0},{"damage":40.0,"enemies":"Nemesis","floor":41.0,"turns":5.0},{"damage":32.0,"enemies":"Sphere and 2 Shapes","floor":47.0,"turns":4.0},{"damage":0.0,"enemies":"3 Darklings","floor":48.0,"turns":3.0},{"damage":118,"enemies":"Time Eater","floor":50,"turns":9}],"seed_played":"-9000132690966988402","potions_obtained":[{"floor":5.0,"key":"SkillPotion"},{"floor":7.0,"key":"EssenceOfSteel"},{"floor":11.0,"key":"Dexterity Potion"},{"floor":12.0,"key":"Regen Potion"},{"floor":18.0,"key":"Fire Potion"},{"floor":28.0,"key":"Dexterity Potion"},{"floor":30.0,"key":"EssenceOfSteel"},{"floor":35.0,"key":"Energy Potion"},{"floor":36.0,"key":"FairyPotion"},{"floor":41.0,"key":"Dexterity Potion"},{"floor":47.0,"key":"LiquidBronze"}],"is_trial":false,"path_per_floor":["M","?","?","?","M","R","E","R","T","E","M","E","R","M","R","B",null,"M","?","?","$","M","R","M","E","T","R","M","?","E","M","R","B",null,"M","M","?","M","?","R","E","R","T","?","R","T","M","M","R","B"],"character_chosen":"IRONCLAD","items_purchased":["Omamori"],"campfire_rested":1,"item_purchase_floors":[21],"current_hp_per_floor":[74,74,56,61,67,67,73,73,73,54,60,47,47,53,53,53,73,55,55,55,55,64,64,56,41,41,41,51,77,80,78,78,43,81,76,90,90,57,57,57,40,40,40,40,40,40,26,54,79,0],"gold":497,"neow_bonus":"THREE_ENEMY_KILL","is_prod":false,"is_daily":false,"chose_seed":false,"campfire_upgraded":9,"win_rate":0,"timestamp":1555691492,"path_taken":["M","?","?","?","?","R","E","R","T","E","M","E","R","M","R","BOSS","M","?","?","$","M","R","M","E","T","R","?","?","E","M","R","BOSS","M","M","?","?","?","R","E","R","T","?","R","?","M","M","R","BOSS"],"build_version":"2019-01-23","purchased_purges":1,"victory":false,"max_hp_per_floor":[75,75,75,80,80,80,80,80,80,80,80,80,80,80,80,80,80,80,80,80,80,80,80,80,80,80,80,80,80,80,80,80,80,90,90,90,90,90,85,85,85,85,85,85,85,85,85,85,85,85],"card_choices":[{"not_picked":["Perfected Strike","Fire Breathing"],"picked":"Battle Trance","floor":1.0},{"not_picked":["Bloodletting","Battle Trance","Thunderclap"],"picked":"SKIP","floor":5.0},{"not_picked":["Spot Weakness","Intimidate"],"picked":"Heavy Blade","floor":7.0},{"not_picked":["Thunderclap+1","Bloodletting"],"picked":"Flame Barrier","floor":10.0},{"not_picked":["Wild Strike+1","Iron Wave+1"],"picked":"Cleave+1","floor":11.0},{"not_picked":["Evolve","Clash+1"],"picked":"Whirlwind+1","floor":12.0},{"not_picked":["Burning Pact","Warcry","Anger+1"],"picked":"SKIP","floor":14.0},{"not_picked":["Immolate+1","Juggernaut"],"picked":"Reaper+1","floor":16.0},{"not_picked":["Anger+1","Clash+1"],"picked":"Body Slam+1","floor":18.0},{"not_picked":["Perfected Strike+1","Heavy Blade+1"],"picked":"Entrench","floor":22.0},{"not_picked":["True Grit","Clothesline+1"],"picked":"Bludgeon+1","floor":24.0},{"not_picked":["Clothesline+1","Dropkick+1","Sever Soul+1"],"picked":"SKIP","floor":25.0},{"not_picked":["Battle Trance","Power Through","Wild Strike+1"],"picked":"SKIP","floor":28.0},{"not_picked":["Perfected Strike+1","Uppercut+1","Heavy Blade+1"],"picked":"SKIP","floor":30.0},{"not_picked":["Evolve+1","Pummel+1","Armaments"],"picked":"SKIP","floor":31.0},{"not_picked":["Exhume","Demon Form"],"picked":"Feed+1","floor":33.0},{"not_picked":["Anger+1","Heavy Blade+1","Sentinel+1"],"picked":"SKIP","floor":35.0},{"not_picked":["Clash+1","Second Wind","Whirlwind+1"],"picked":"SKIP","floor":36.0},{"not_picked":["Heavy Blade+1","Second Wind"],"picked":"Headbutt+1","floor":38.0},{"not_picked":["Intimidate+1","Flex","Dropkick+1"],"picked":"SKIP","floor":41.0},{"not_picked":["Sword Boomerang+1","Uppercut+1","Perfected Strike+1"],"picked":"SKIP","floor":47.0},{"not_picked":["Inflame+1","Pommel Strike+1","Sword Boomerang+1"],"picked":"SKIP","floor":48.0}],"player_experience":306174,"relics_obtained":[{"floor":7.0,"key":"Molten Egg 2"},{"floor":9.0,"key":"War Paint"},{"floor":10.0,"key":"Centennial Puzzle"},{"floor":12.0,"key":"Oddly Smooth Stone"},{"floor":25.0,"key":"Whetstone"},{"floor":26.0,"key":"Mercury Hourglass"},{"floor":30.0,"key":"Letter Opener"},{"floor":34.0,"key":"Ginger"},{"floor":34.0,"key":"Pear"},{"floor":34.0,"key":"Potion Belt"},{"floor":41.0,"key":"Ancient Tea Set"},{"floor":46.0,"key":"Gremlin Horn"}],"event_choices":[{"cards_removed":["Strike_R"],"damage_healed":0.0,"max_hp_gain":0.0,"max_hp_loss":0.0,"gold_gain":0.0,"event_name":"The Cleric","player_choice":"Card Removal","floor":2.0,"gold_loss":50.0,"damage_taken":0.0},{"damage_healed":0.0,"max_hp_gain":0.0,"max_hp_loss":0.0,"gold_gain":0.0,"event_name":"Golden Idol","player_choice":"Take Damage","floor":3.0,"gold_loss":0.0,"damage_taken":18.0,"relics_obtained":["Golden Idol"]},{"damage_healed":0.0,"max_hp_gain":5.0,"max_hp_loss":0.0,"gold_gain":0.0,"event_name":"Big Fish","player_choice":"Donut","floor":4.0,"gold_loss":0.0,"damage_taken":0.0},{"damage_healed":0.0,"max_hp_gain":0.0,"max_hp_loss":0.0,"gold_gain":0.0,"event_name":"The Mausoleum","player_choice":"Opened","floor":19.0,"gold_loss":0.0,"damage_taken":0.0,"relics_obtained":["Meat on the Bone"]},{"damage_healed":0.0,"max_hp_gain":0.0,"max_hp_loss":0.0,"gold_gain":0.0,"event_name":"Match and Keep!","player_choice":"5 cards matched","floor":20.0,"gold_loss":0.0,"damage_taken":0.0,"cards_obtained":["Bash","Seeing Red","Havoc","Demon Form","Madness"]},{"damage_healed":26.0,"max_hp_gain":0.0,"max_hp_loss":0.0,"gold_gain":0.0,"event_name":"The Library","player_choice":"Heal","floor":29.0,"gold_loss":0.0,"damage_taken":0.0},{"damage_healed":0.0,"max_hp_gain":0.0,"max_hp_loss":0.0,"gold_gain":0.0,"event_name":"SecretPortal","player_choice":"Ignored","floor":37.0,"gold_loss":0.0,"damage_taken":0.0},{"damage_healed":0.0,"max_hp_gain":0.0,"max_hp_loss":5.0,"gold_gain":0.0,"event_name":"Winding Halls","player_choice":"Max HP","floor":39.0,"gold_loss":0.0,"damage_taken":0.0},{"cards_removed":["Feed"],"damage_healed":0.0,"max_hp_gain":0.0,"max_hp_loss":0.0,"gold_gain":0.0,"event_name":"Falling","player_choice":"Removed Attack","floor":44.0,"gold_loss":0.0,"damage_taken":0.0}],"is_beta":false,"boss_relics":[{"not_picked":["Empty Cage","Busted Crown"],"picked":"Velvet Choker"},{"not_picked":["Orrery","Eternal Feather"],"picked":"Calling Bell"}],"items_purged_floors":[21],"is_endless":false,"potions_floor_spawned":[5,7,11,12,18,28,30,35,36,41,47],"killed_by":"Time Eater","ascension_level":14}