{"gold_per_floor":[362,377,388,388,411,143,478,378,447,447,447,447,447],"floor_reached":13,"playtime":364,"items_purged":["Defend_R","Defend_R"],"score":154,"play_id":"146c21d8-ed8d-46c4-9ce0-88e179c17e41","local_time":"20190128220720","is_ascension_mode":true,"campfire_choices":[{"data":"Clash","floor":10,"key":"SMITH"},{"data":"Clothesline","floor":12,"key":"SMITH"}],"neow_cost":"TEN_PERCENT_HP_LOSS","seed_source_timestamp":703021089839015,"circlet_count":0,"master_deck":["AscendersBane","Strike_R","Strike_R","Strike_R","Strike_R","Strike_R","Defend_R","Defend_R","Bash","Clothesline+1","Cleave","Thunderclap+1","Pummel","Clash+1","Cleave"],"relics":["Burning Blood","Golden Idol","Happy Flower","Old Coin","Bottled Flame"],"potions_floor_usage":[5,7],"damage_taken":[{"damage":6,"enemies":"2 Louse","floor":1,"turns":3},{"damage":4,"enemies":"Jaw Worm","floor":2,"turns":5},{"damage":6,"enemies":"Cultist","floor":3,"turns":3},{"damage":26,"enemies":"Lots of Slimes","floor":5,"turns":3},{"damage":25,"enemies":"Gremlin Nob","floor":7,"turns":5},{"damage":22,"enemies":"3 Sentries","floor":13,"turns":3}],"seed_played":"-6714761538289616598","potions_obtained":[{"floor":1,"key":"SteroidPotion"},{"floor":3,"key":"Regen Potion"}],"is_trial":false,"path_per_floor":["M","M","M","?","M","$","E","$","T","R","?","R","E"],"character_chosen":"IRONCLAD","items_purchased":["Clash","Happy Flower"],"campfire_rested":0,"item_purchase_floors":[6,6],"current_hp_per_floor":[68,68,68,45,25,25,20,20,20,20,20,20,0],"gold":447,"neow_bonus":"TWO_FIFTY_GOLD","is_prod":false,"is_daily":false,"chose_seed":false,"campfire_upgraded":2,"win_rate":0,"timestamp":1548709640,"path_taken":["M","M","M","?","M","$","E","$","T","R","?","R","E"],"build_version":"2019-01-23","purchased_purges":2,"victory":false,"max_hp_per_floor":[68,68,68,68,68,68,68,68,68,68,68,68,68],"card_choices":[{"not_picked":["Fire Breathing","Evolve"],"picked":"Clothesline","floor":1},{"not_picked":["Spot Weakness","Body Slam"],"picked":"Cleave","floor":2},{"not_picked":["Anger","Feel No Pain"],"picked":"Thunderclap","floor":3},{"not_picked":["Heavy Blade","Cleave"],"picked":"Pummel","floor":5},{"not_picked":["Disarm","Combust"],"picked":"Cleave","floor":7}],"player_experience":487232,"relics_obtained":[{"floor":7,"key":"Old Coin"},{"floor":9,"key":"Bottled Flame"}],"event_choices":[{"damage_healed":0,"gold_gain":0,"player_choice":"Take Damage","damage_taken":23,"relics_obtained":["Golden Idol"],"max_hp_gain":0,"max_hp_loss":0,"event_name":"Golden Idol","floor":4,"gold_loss":0},{"damage_healed":0,"gold_gain":0,"player_choice":"Upgraded","damage_taken":0,"max_hp_gain":0,"max_hp_loss":0,"event_name":"Upgrade Shrine","floor":11,"gold_loss":0,"cards_upgraded":["Thunderclap"]}],"is_beta":false,"boss_relics":[],"items_purged_floors":[6,8],"is_endless":false,"potions_floor_spawned":[1,3],"killed_by":"3 Sentries","ascension_level":17}