{"gold_per_floor":[111,128,139,139,164,199,199,224,249,274,309,337,337,372,372,446,446,463,563,314,332,366,366,391,391,436,465,465,493,413,427,427,501,501,516,211,211,225,244,270,270,299,373,400,84,97,97,123,123,123,123,123,123,16,45,45],"floor_reached":57,"playtime":2921,"items_purged":["Dagger Spray"],"score":3730,"play_id":"64d3b7ff-9941-45f4-b8db-8eaf4342c5a5","local_time":"20190131215609","daily_mods":["SealedDeck","DeadlyEvents","Elite Swarm"],"is_ascension_mode":true,"campfire_choices":[{"data":"Crippling Poison","floor":7.0,"key":"SMITH"},{"data":"Noxious Fumes","floor":13.0,"key":"SMITH"},{"data":"Bouncing Flask","floor":15,"key":"SMITH"},{"data":"Malaise","floor":23,"key":"SMITH"},{"data":"Bullet Time","floor":25,"key":"SMITH"},{"data":"Burst","floor":32,"key":"SMITH"},{"data":"Backflip","floor":41,"key":"SMITH"},{"data":"Catalyst","floor":47,"key":"SMITH"},{"floor":49,"key":"RECALL"},{"data":"Adrenaline","floor":53,"key":"SMITH"}],"neow_cost":"","seed_source_timestamp":47619177835157,"circlet_count":0,"master_deck":["AscendersBane","Dash","Dagger Throw","Deflect","Dodge and Roll+1","Cloak And Dagger","Backflip+1","Poisoned Stab","Bouncing Flask+1","Noxious Fumes+1","Crippling Poison+1","PiercingWail","Corpse Explosion","Burst+1","Bullet Time+1","Prepared+1","Malaise+1","Adrenaline+1","Wraith Form v2+1","Night Terror","After Image+1","Well Laid Plans+1","Catalyst+1","Backflip","Adrenaline+1","Prepared"],"special_seed":0,"relics":["Ring of the Snake","Vajra","Ginger","Omamori","Strawberry","Anchor","Snake Skull","Orichalcum","Du-Vu Doll","Black Star","Bird Faced Urn","Molten Egg 2","Potion Belt","Paper Crane","Gremlin Horn","Frozen Egg 2","Bottled Tornado","Oddly Smooth Stone","Meat on the Bone","Pantograph","Regal Pillow","Runic Dome","Membership Card","Lantern","Gambling Chip","War Paint","Peace Pipe","Thread and Needle","Bottled Lightning","Dead Branch","Singing Bowl","ClockworkSouvenir","Art of War","Tough Bandages","Turnip","Bronze Scales","Incense Burner","Nunchaku"],"potions_floor_usage":[16,24,27,33,42,44,56,56,56],"damage_taken":[{"damage":0.0,"enemies":"Jaw Worm","floor":1.0,"turns":4.0},{"damage":0.0,"enemies":"2 Louse","floor":2.0,"turns":2.0},{"damage":1.0,"enemies":"Small Slimes","floor":3.0,"turns":3.0},{"damage":9.0,"enemies":"Lagavulin","floor":6.0,"turns":6.0},{"damage":7.0,"enemies":"3 Sentries","floor":8.0,"turns":4.0},{"damage":2.0,"enemies":"Lagavulin","floor":10.0,"turns":5.0},{"damage":12.0,"enemies":"Gremlin Nob","floor":11.0,"turns":4.0},{"damage":11.0,"enemies":"Lagavulin","floor":12.0,"turns":4.0},{"damage":8,"enemies":"3 Sentries","floor":14,"turns":3},{"damage":0,"enemies":"Hexaghost","floor":16,"turns":6},{"damage":12,"enemies":"Chosen","floor":18,"turns":4},{"damage":0,"enemies":"Colosseum Slavers","floor":19,"turns":2},{"damage":0,"enemies":"Colosseum Nobs","floor":19,"turns":2},{"damage":0,"enemies":"3 Byrds","floor":21,"turns":2},{"damage":0,"enemies":"Gremlin Leader","floor":22,"turns":4},{"damage":5,"enemies":"Book of Stabbing","floor":24,"turns":5},{"damage":0,"enemies":"Gremlin Leader","floor":27,"turns":5},{"damage":24,"enemies":"Slavers","floor":29,"turns":4},{"damage":0,"enemies":"Snake Plant","floor":31,"turns":4},{"damage":15,"enemies":"Collector","floor":33,"turns":6},{"damage":0,"enemies":"Orb Walker","floor":35,"turns":3},{"damage":0,"enemies":"3 Shapes","floor":38,"turns":3},{"damage":0,"enemies":"Sphere and 2 Shapes","floor":39,"turns":1},{"damage":49,"enemies":"Giant Head","floor":40,"turns":7},{"damage":2,"enemies":"Nemesis","floor":42,"turns":7},{"damage":0,"enemies":"Giant Head","floor":44,"turns":7},{"damage":0,"enemies":"4 Shapes","floor":46,"turns":1},{"damage":0,"enemies":"Reptomancer","floor":48,"turns":4},{"damage":0,"enemies":"Time Eater","floor":50,"turns":3},{"damage":0,"enemies":"Donu and Deca","floor":51,"turns":4},{"damage":0,"enemies":"Shield and Spear","floor":55,"turns":6},{"damage":0,"enemies":"The Heart","floor":56,"turns":5}],"seed_played":"7247253552025411871","potions_obtained":[{"floor":1.0,"key":"Regen Potion"},{"floor":2.0,"key":"Strength Potion"},{"floor":19,"key":"LiquidBronze"},{"floor":21,"key":"Explosive Potion"},{"floor":24,"key":"PowerPotion"},{"floor":33,"key":"FairyPotion"},{"floor":35,"key":"PowerPotion"},{"floor":44,"key":"Swift Potion"},{"floor":46,"key":"Block Potion"}],"is_trial":true,"path_per_floor":["M","M","M","?","T","E","R","E","T","E","E","E","R","E","R","B",null,"M","?","$","M","E","R","E","R","T","E","T","E","$","M","R","B",null,"M","$","?","M","M","E","R","E","T","E","$","M","R","E","R","B","B",null,"R","$","E","B",null],"character_chosen":"THE_SILENT","items_purchased":["Potion Belt","GhostInAJar","Regen Potion","Membership Card","Lantern","Well Laid Plans+1","Catalyst","ClockworkSouvenir","SpeedPotion","Art of War","Bronze Scales","Prepared"],"campfire_rested":0,"item_purchase_floors":[20,20,30,36,36,45,45,45,45,45,54,54],"current_hp_per_floor":[59,59,58,58,58,49,49,42,49,47,35,24,24,16,16,31,63,51,51,51,51,53,53,50,50,50,52,52,40,40,40,40,54,68,70,70,73,73,73,36,36,53,53,59,59,67,67,73,73,73,73,73,73,73,75,75],"gold":45,"neow_bonus":"","is_prod":false,"is_daily":false,"chose_seed":false,"campfire_upgraded":9,"win_rate":0,"timestamp":1549000569,"path_taken":["M","M","M","?","?","E","R","E","T","E","?","E","R","E","R","BOSS","M","?","?","?","?","R","E","R","T","E","?","E","$","M","R","BOSS","M","$","?","M","?","E","R","E","T","E","$","M","R","E","R","BOSS","BOSS","R","$","E","BOSS"],"build_version":"2019-01-23","purchased_purges":1,"victory":true,"max_hp_per_floor":[66,66,66,66,66,66,66,66,73,73,73,73,73,73,73,73,73,73,73,73,73,73,73,73,73,73,73,73,73,73,73,73,73,73,73,73,73,73,73,73,73,73,73,73,73,73,73,73,73,73,73,73,73,73,75,75],"card_choices":[{"not_picked":["Expertise","Escape Plan","Flying Knee"],"picked":"SKIP","floor":1.0},{"not_picked":["Backflip","Cloak And Dagger"],"picked":"Crippling Poison","floor":2.0},{"not_picked":["Venomology","Outmaneuver"],"picked":"PiercingWail","floor":3.0},{"not_picked":["Glass Knife","Doppelganger","Night Terror"],"picked":"SKIP","floor":6.0},{"not_picked":["Glass Knife","Die Die Die","Night Terror"],"picked":"SKIP","floor":8.0},{"not_picked":["Phantasmal Killer","Unload"],"picked":"Corpse Explosion","floor":10.0},{"not_picked":["Phantasmal Killer","Envenom"],"picked":"Burst","floor":11.0},{"not_picked":["A Thousand Cuts","Corpse Explosion"],"picked":"Bullet Time","floor":12.0},{"not_picked":["Night Terror","Envenom","Burst"],"picked":"SKIP","floor":14},{"not_picked":["Dagger Throw","Crippling Poison","Noxious Fumes"],"picked":"SKIP","floor":18},{"not_picked":["Cloak And Dagger","Dagger Throw"],"picked":"Prepared+1","floor":19},{"not_picked":["Dagger Spray+1","Prepared","Infinite Blades"],"picked":"SKIP","floor":21},{"not_picked":["After Image","Doppelganger"],"picked":"Malaise","floor":22},{"not_picked":["Unload+1","Storm of Steel","Burst"],"picked":"SKIP","floor":24},{"not_picked":["Burst","Phantasmal Killer","Envenom+1"],"picked":"SKIP","floor":27},{"not_picked":["Night Terror","Storm of Steel","Burst"],"picked":"SKIP","floor":29},{"not_picked":["Quick Slash+1","Bane+1","Dash+1"],"picked":"SKIP","floor":31},{"not_picked":["Grand Finale+1","Malaise"],"picked":"Adrenaline","floor":33},{"not_picked":["Deflect","Dagger Throw+1","Outmaneuver+1"],"picked":"SKIP","floor":35},{"not_picked":["Noxious Fumes+1","Dodge and Roll","Cloak And Dagger"],"picked":"SKIP","floor":38},{"not_picked":["Backstab+1","Crippling Poison+1","Blade Dance"],"picked":"SKIP","floor":39},{"not_picked":["Backstab+1","Crippling Poison+1","Blade Dance"],"picked":"SKIP","floor":39},{"not_picked":["Phantasmal Killer","Burst"],"picked":"Wraith Form v2+1","floor":40},{"not_picked":["Phantasmal Killer","Tools of the Trade+1"],"picked":"Night Terror","floor":42},{"not_picked":["Envenom+1","Corpse Explosion"],"picked":"After Image+1","floor":44},{"not_picked":["Choke+1","Riddle With Holes+1"],"picked":"Backflip","floor":46},{"not_picked":["Night Terror","Storm of Steel"],"picked":"Adrenaline","floor":48},{"not_picked":["Grand Finale+1","Malaise","Glass Knife+1"],"picked":"Singing Bowl","floor":55}],"player_experience":2115854,"relics_obtained":[{"floor":5.0,"key":"Vajra"},{"floor":6.0,"key":"Ginger"},{"floor":8.0,"key":"Omamori"},{"floor":9.0,"key":"Strawberry"},{"floor":10.0,"key":"Anchor"},{"floor":11.0,"key":"Snake Skull"},{"floor":12.0,"key":"Orichalcum"},{"floor":14,"key":"Du-Vu Doll"},{"floor":19,"key":"Bird Faced Urn"},{"floor":19,"key":"Molten Egg 2"},{"floor":22,"key":"Paper Crane"},{"floor":22,"key":"Gremlin Horn"},{"floor":24,"key":"Frozen Egg 2"},{"floor":24,"key":"Bottled Tornado"},{"floor":27,"key":"Oddly Smooth Stone"},{"floor":28,"key":"Meat on the Bone"},{"floor":29,"key":"Pantograph"},{"floor":29,"key":"Regal Pillow"},{"floor":40,"key":"Gambling Chip"},{"floor":40,"key":"War Paint"},{"floor":42,"key":"Peace Pipe"},{"floor":42,"key":"Thread and Needle"},{"floor":43,"key":"Bottled Lightning"},{"floor":44,"key":"Dead Branch"},{"floor":44,"key":"Singing Bowl"},{"floor":48,"key":"Tough Bandages"},{"floor":48,"key":"Turnip"},{"floor":55,"key":"Incense Burner"},{"floor":55,"key":"Nunchaku"}],"event_choices":[{"damage_healed":0.0,"max_hp_gain":0.0,"max_hp_loss":0.0,"gold_gain":0.0,"event_name":"Liars Game","player_choice":"Ignored","floor":4.0,"gold_loss":0.0,"damage_taken":0.0},{"damage_healed":0,"gold_gain":0,"player_choice":"Fight","damage_taken":0,"max_hp_gain":0,"max_hp_loss":0,"event_name":"Colosseum","floor":19,"gold_loss":0},{"damage_healed":0,"gold_gain":0,"player_choice":"Fought Nobs","damage_taken":0,"max_hp_gain":0,"max_hp_loss":0,"event_name":"Colosseum","floor":19,"gold_loss":0},{"damage_healed":15,"gold_gain":0,"player_choice":"Writhe","damage_taken":0,"max_hp_gain":0,"max_hp_loss":0,"event_name":"Winding Halls","floor":37,"gold_loss":0,"cards_obtained":["Writhe"]}],"is_beta":false,"boss_relics":[{"not_picked":["Eternal Feather","Coffee Dripper"],"picked":"Black Star"},{"not_picked":["Orrery","Empty Cage"],"picked":"Runic Dome"}],"items_purged_floors":[45],"is_endless":false,"potions_floor_spawned":[1,2,12,14,19,21,24,33,35,38,40,44,46],"ascension_level":20}