{"gold_per_floor":[112,71,71,71,346,384,384,415,415,436,474,15,15,15,15,108,108,123,123,123,104,128,128,167,167,167,202,102,121,156,156,156,249,249,273,273,291,315,24,55,55,68,95,95,130,130,173,0,0,0,0],"floor_reached":52,"playtime":1945,"items_purged":["Regret","Strike_R","Reaper+1"],"score":2495,"play_id":"be52ec4f-bc37-4687-bf8b-a297eede536c","local_time":"20181001013901","is_ascension_mode":true,"campfire_choices":[{"data":"Immolate","floor":7.0,"key":"SMITH"},{"data":"Whirlwind","floor":13.0,"key":"SMITH"},{"data":"Evolve","floor":15.0,"key":"SMITH"},{"data":"Ghostly","floor":23.0,"key":"SMITH"},{"data":"Ghostly","floor":25.0,"key":"SMITH"},{"data":"Inflame","floor":32.0,"key":"SMITH"},{"floor":41.0,"key":"REST"},{"floor":44.0,"key":"REST"},{"floor":46.0,"key":"REST"},{"floor":49.0,"key":"REST"}],"neow_cost":"NONE","seed_source_timestamp":8710495222230,"circlet_count":0,"master_deck":["Strike_R+1","Strike_R+1","Strike_R+1","Strike_R+1","Defend_R+1","Defend_R+1","Defend_R+1","Defend_R+1","Bash+1","AscendersBane","Immolate+1","Wild Strike+1","Inflame+1","Whirlwind+1","Offering+1","Evolve+1","Ghostly+1","Ghostly+1","Ghostly+1","Ghostly+1","Ghostly+1","Inflame+1","Warcry+1","Sword Boomerang+1","Double Tap+1","Spot Weakness+1","Demon Form+1","Shrug It Off+1","Power Through+1","Sword Boomerang+1","Whirlwind+1","Whirlwind+1","Shrug It Off","Pommel Strike+1","Thunderclap+1"],"special_seed":0,"relics":["Burning Blood","Golden Idol","Dream Catcher","Gremlin Horn","Sundial","Matryoshka","Mummified Hand","Runic Dome","Bottled Flame","Molten Egg 2","Bottled Tornado","Happy Flower","Bag of Preparation","Fusion Hammer","Mark of the Bloom","Centennial Puzzle","Bottled Lightning","Letter Opener","War Paint","Potion Belt","Kunai","Red Mask"],"potions_floor_usage":[51],"damage_taken":[{"damage":9.0,"enemies":"Jaw Worm","floor":1.0,"turns":3.0},{"damage":35.0,"enemies":"Lagavulin","floor":6.0,"turns":6.0},{"damage":10.0,"enemies":"3 Sentries","floor":8.0,"turns":2.0},{"damage":0.0,"enemies":"2 Louse","floor":10.0,"turns":1.0},{"damage":8.0,"enemies":"Gremlin Nob","floor":11.0,"turns":3.0},{"damage":6.0,"enemies":"Slime Boss","floor":16.0,"turns":5.0},{"damage":26.0,"enemies":"3 Byrds","floor":18.0,"turns":4.0},{"damage":2.0,"enemies":"2 Thieves","floor":21.0,"turns":4.0},{"damage":3.0,"enemies":"Snecko","floor":22.0,"turns":6.0},{"damage":6.0,"enemies":"Slavers","floor":24.0,"turns":6.0},{"damage":10.0,"enemies":"Book of Stabbing","floor":27.0,"turns":5.0},{"damage":10.0,"enemies":"Chosen and Byrds","floor":29.0,"turns":5.0},{"damage":27.0,"enemies":"Slavers","floor":30.0,"turns":3.0},{"damage":1.0,"enemies":"Automaton","floor":33.0,"turns":6.0},{"damage":2.0,"enemies":"3 Darklings","floor":35.0,"turns":3.0},{"damage":2.0,"enemies":"3 Shapes","floor":37.0,"turns":1.0},{"damage":1.0,"enemies":"Sphere and 2 Shapes","floor":38.0,"turns":1.0},{"damage":9.0,"enemies":"Nemesis","floor":40.0,"turns":5.0},{"damage":1.0,"enemies":"Maw","floor":42.0,"turns":5.0},{"damage":0.0,"enemies":"2 Orb Walkers","floor":45.0,"turns":3.0},{"damage":6.0,"enemies":"Giant Head","floor":47.0,"turns":5.0},{"damage":0,"enemies":"Awakened One","floor":50,"turns":7},{"damage":1,"enemies":"Donu and Deca","floor":51,"turns":6}],"seed_played":"270403390963176533","potions_obtained":[{"floor":1.0,"key":"Strength Potion"},{"floor":18.0,"key":"Energy Potion"},{"floor":19.0,"key":"Weak Potion"},{"floor":30.0,"key":"Strength Potion"},{"floor":35.0,"key":"Strength Potion"},{"floor":38.0,"key":"SpeedPotion"},{"floor":40.0,"key":"FearPotion"},{"floor":47.0,"key":"EssenceOfSteel"}],"is_trial":false,"path_per_floor":["M","$","?","?","?","E","R","E","T","M","E","$","R","$","R","B",null,"M","?","?","M","M","R","E","R","T","E","$","M","E","?","R","B",null,"M","?","M","M","$","E","R","M","T","R","E","R","E","?","R","B","B"],"character_chosen":"IRONCLAD","items_purchased":["Inflame","Mummified Hand","Evolve","Centennial Puzzle"],"campfire_rested":4,"item_purchase_floors":[2,12,12,39],"current_hp_per_floor":[65,65,65,70,70,41,41,37,37,43,41,41,41,41,41,41,65,52,52,36,36,36,36,36,36,36,32,32,36,15,15,15,34,36,36,36,34,33,33,24,24,23,23,23,23,23,17,17,17,17,16],"gold":0,"neow_bonus":"ONE_RANDOM_RARE_CARD","is_prod":false,"is_daily":false,"chose_seed":false,"campfire_upgraded":6,"win_rate":0,"timestamp":1538329141,"path_taken":["M","$","?","?","?","E","R","E","T","M","E","$","R","$","R","BOSS","M","?","?","M","M","R","E","R","T","E","$","M","E","?","R","BOSS","M","?","?","M","$","E","R","M","T","R","E","R","E","?","R","BOSS","BOSS"],"build_version":"2018-09-27","purchased_purges":3,"victory":true,"max_hp_per_floor":[75,75,68,73,73,73,73,73,73,73,73,73,73,73,73,73,73,73,73,36,36,36,36,36,36,36,36,36,36,36,36,36,36,36,36,36,36,36,36,36,36,36,36,36,36,36,36,36,36,36,36],"card_choices":[{"not_picked":["Pommel Strike","Whirlwind"],"picked":"Wild Strike","floor":1.0},{"not_picked":["Infernal Blade","Pommel Strike"],"picked":"Whirlwind","floor":6.0},{"not_picked":["Dark Embrace","Twin Strike","Pommel Strike"],"picked":"SKIP","floor":8.0},{"not_picked":["Dark Embrace","Twin Strike","Pommel Strike"],"picked":"SKIP","floor":8.0},{"not_picked":["Anger","Sentinel","Havoc"],"picked":"SKIP","floor":10.0},{"not_picked":["Sentinel","Iron Wave"],"picked":"Offering","floor":11.0},{"not_picked":["Bludgeon","Brutality"],"picked":"Reaper","floor":16.0},{"not_picked":["Iron Wave","Warcry","Heavy Blade"],"picked":"SKIP","floor":18.0},{"not_picked":["Sword Boomerang","Flex"],"picked":"Inflame","floor":21.0},{"not_picked":["Iron Wave","Flame Barrier","Warcry"],"picked":"SKIP","floor":22.0},{"not_picked":["Rage","Havoc"],"picked":"Warcry+1","floor":24.0},{"not_picked":["Ghostly Armor","Infernal Blade"],"picked":"Sword Boomerang+1","floor":27.0},{"not_picked":["Anger+1","Cleave+1","Armaments"],"picked":"SKIP","floor":29.0},{"not_picked":["Carnage+1","Twin Strike+1"],"picked":"Double Tap","floor":30.0},{"not_picked":["Juggernaut","Immolate+1"],"picked":"Demon Form","floor":33.0},{"not_picked":["Wild Strike+1","Clothesline+1","Cleave+1"],"picked":"SKIP","floor":35.0},{"not_picked":["Entrench+1","Flex"],"picked":"Shrug It Off","floor":37.0},{"not_picked":["Clash+1","Juggernaut"],"picked":"Power Through","floor":38.0},{"not_picked":["Twin Strike+1","Inflame+1"],"picked":"Sword Boomerang+1","floor":40.0},{"not_picked":["Warcry","Body Slam+1"],"picked":"Whirlwind+1","floor":41.0},{"not_picked":["Wild Strike+1","Anger+1"],"picked":"Whirlwind+1","floor":42.0},{"not_picked":["Clothesline+1","Feel No Pain"],"picked":"Shrug It Off","floor":44.0},{"not_picked":["Heavy Blade+1","Thunderclap+1"],"picked":"Pommel Strike+1","floor":45.0},{"not_picked":["Clothesline+1","Sentinel+1","Combust"],"picked":"SKIP","floor":47.0},{"not_picked":["Feel No Pain+1","Reaper+1"],"picked":"Thunderclap+1","floor":49.0}],"player_experience":1705526,"relics_obtained":[{"floor":6.0,"key":"Dream Catcher"},{"floor":8.0,"key":"Gremlin Horn"},{"floor":9.0,"key":"Sundial"},{"floor":11.0,"key":"Matryoshka"},{"floor":24.0,"key":"Bottled Flame"},{"floor":26.0,"key":"Molten Egg 2"},{"floor":26.0,"key":"Bottled Tornado"},{"floor":27.0,"key":"Happy Flower"},{"floor":30.0,"key":"Bag of Preparation"},{"floor":40.0,"key":"Bottled Lightning"},{"floor":43.0,"key":"Letter Opener"},{"floor":43.0,"key":"War Paint"},{"floor":45.0,"key":"Potion Belt"},{"floor":47.0,"key":"Kunai"}],"event_choices":[{"event_name":"Golden Idol","player_choice":"Lose Max HP","floor":3.0,"damage_taken":0.0},{"event_name":"Big Fish","player_choice":"Donut","floor":4.0,"damage_taken":0.0},{"event_name":"Golden Shrine","player_choice":"Desecrate","floor":5.0,"damage_taken":0.0},{"event_name":"The Lab","player_choice":"Got Potions","floor":19.0,"damage_taken":0.0},{"event_name":"Ghosts","player_choice":"Became a Ghost","floor":20.0,"damage_taken":0.0},{"event_name":"The Library","player_choice":"Read","floor":31.0,"damage_taken":0.0},{"event_name":"MindBloom","player_choice":"Upgrade","floor":36.0,"damage_taken":0.0},{"event_name":"Tomb of Lord Red Mask","player_choice":"Paid","floor":48.0,"damage_taken":0.0}],"is_beta":false,"boss_relics":[{"not_picked":["Coffee Dripper","White Beast Statue"],"picked":"Runic Dome"},{"not_picked":["Lizard Tail","Empty Cage"],"picked":"Fusion Hammer"}],"items_purged_floors":[12,28,39],"is_endless":false,"potions_floor_spawned":[1,18,21,30,35,38,40,47],"ascension_level":20}