{"gold_per_floor":[365,365,365,70,88,88,116,131,158,172,188,204,204,216,216,320,320,332,352,305,337,337],"floor_reached":22,"playtime":771,"items_purged":["Strike_B"],"score":197,"play_id":"0567859e-db41-42c7-8d1b-fcccbaa07d1b","local_time":"25611105162224","is_ascension_mode":true,"campfire_choices":[{"data":"Loop","floor":6,"key":"SMITH"},{"floor":15,"key":"REST"}],"neow_cost":"CURSE","seed_source_timestamp":5926494014088,"circlet_count":0,"master_deck":["Strike_B","Defend_B","Defend_B","Defend_B","Defend_B","Zap","Dualcast","Sunder","Loop","Loop+1","Beam Cell","Coolheaded","Defragment","Gash","Chill","Heatsinks","Reboot","Redo+1","Capacitor","Rebound","Sunder"],"relics":["Cracked Core","Bag of Preparation","Ancient Tea Set","Regal Pillow","Dream Catcher","Empty Cage","Red Mask"],"potions_floor_usage":[7,12,21,21,22,22],"damage_taken":[{"damage":4,"enemies":"2 Louse","floor":1,"turns":4},{"damage":3,"enemies":"Jaw Worm","floor":5,"turns":4},{"damage":26,"enemies":"Lagavulin","floor":7,"turns":5},{"damage":5,"enemies":"Small Slimes","floor":8,"turns":3},{"damage":8,"enemies":"Looter","floor":10,"turns":3},{"damage":4,"enemies":"Exordium Wildlife","floor":11,"turns":3},{"damage":8,"enemies":"Red Slaver","floor":12,"turns":2},{"damage":6,"enemies":"Blue Slaver","floor":14,"turns":4},{"damage":22,"enemies":"Slime Boss","floor":16,"turns":7},{"damage":9,"enemies":"Chosen","floor":18,"turns":6},{"damage":14,"enemies":"2 Thieves","floor":19,"turns":4},{"damage":50,"enemies":"Masked Bandits","floor":21,"turns":5},{"damage":7,"enemies":"Snake Plant","floor":22,"turns":3}],"seed_played":"51709104859906280","potions_obtained":[{"floor":5,"key":"Fire Potion"},{"floor":11,"key":"AttackPotion"},{"floor":14,"key":"SteroidPotion"},{"floor":16,"key":"PowerPotion"},{"floor":19,"key":"SneckoOil"},{"floor":21,"key":"SkillPotion"}],"is_trial":false,"path_per_floor":["M","?","?","$","M","R","E","M","T","M","M","M","?","M","R","B",null,"M","M","$","?","M"],"character_chosen":"DEFECT","items_purchased":["Bag of Preparation","Loop","Rebound"],"campfire_rested":1,"item_purchase_floors":[4,4,20],"current_hp_per_floor":[71,71,71,71,68,68,42,37,37,29,25,17,10,4,41,19,75,66,52,52,2,0],"gold":337,"neow_bonus":"TWO_FIFTY_GOLD","is_prod":false,"is_daily":false,"chose_seed":false,"campfire_upgraded":1,"win_rate":0,"timestamp":1541409744,"path_taken":["M","?","?","?","M","R","E","M","T","M","?","M","?","M","R","BOSS","M","M","$","?","M"],"build_version":"2018-11-01","purchased_purges":1,"victory":false,"max_hp_per_floor":[75,75,75,75,75,75,75,75,75,75,75,75,75,75,75,75,75,75,75,75,75,75],"card_choices":[{"not_picked":["Stack","Heatsinks"],"picked":"Sunder","floor":1},{"not_picked":["Coolheaded","White Noise"],"picked":"Loop","floor":5},{"not_picked":["Meteor Strike","Aggregate"],"picked":"Beam Cell","floor":7},{"not_picked":["Melter","Chill"],"picked":"Coolheaded","floor":8},{"not_picked":["Consume","Sweeping Beam"],"picked":"Defragment","floor":10},{"not_picked":["Double Energy","Sweeping Beam"],"picked":"Gash","floor":11},{"not_picked":["Streamline","Redo","Compile Driver"],"picked":"SKIP","floor":12},{"not_picked":["Beam Cell","Steam Power"],"picked":"Chill","floor":14},{"not_picked":["Darkness","Steam"],"picked":"Heatsinks","floor":15},{"not_picked":["Seek","Thunder Strike"],"picked":"Reboot","floor":16},{"not_picked":["Genetic Algorithm","Leap+1"],"picked":"Redo+1","floor":18},{"not_picked":["Redo+1","Rip and Tear"],"picked":"Capacitor","floor":19},{"not_picked":["Redo","Aggregate"],"picked":"Sunder","floor":21}],"player_experience":62989,"relics_obtained":[{"floor":7,"key":"Ancient Tea Set"},{"floor":9,"key":"Regal Pillow"},{"floor":21,"key":"Red Mask"}],"event_choices":[{"cards_removed":["Clumsy"],"damage_healed":0,"gold_gain":0,"player_choice":"Forget","damage_taken":0,"max_hp_gain":0,"max_hp_loss":0,"event_name":"Living Wall","floor":2,"gold_loss":0},{"damage_healed":0,"gold_gain":0,"player_choice":"Ignored","damage_taken":0,"max_hp_gain":0,"max_hp_loss":0,"event_name":"Liars Game","floor":3,"gold_loss":0},{"damage_healed":0,"gold_gain":0,"player_choice":"Success","damage_taken":7,"relics_obtained":["Dream Catcher"],"max_hp_gain":0,"max_hp_loss":0,"event_name":"Scrap Ooze","floor":13,"gold_loss":0},{"damage_healed":0,"gold_gain":0,"player_choice":"Fought Bandits","damage_taken":0,"max_hp_gain":0,"max_hp_loss":0,"event_name":"Masked Bandits","floor":21,"gold_loss":0}],"is_beta":false,"boss_relics":[{"not_picked":["Lizard Tail","Inserter"],"picked":"Empty Cage"}],"items_purged_floors":[4],"is_endless":false,"potions_floor_spawned":[5,11,14,16,19,21],"killed_by":"Snake Plant","ascension_level":1}