{"gold_per_floor":[113,129,147,147,165,165,180,196,196,196,80,98,127,143,143,214,214,225,242,242,16,31,31,62,81,81,81,81,107,28,39,39,115,115,133,150,161,172,72,72,89,99,99,99,99,99,99,24,24,24],"floor_reached":51,"playtime":3677,"items_purged":["Strike_B","Strike_B"],"score":1194,"play_id":"f6da1d58-9b74-4e80-bd91-cb03b3940447","local_time":"20180629191405","is_ascension_mode":true,"campfire_choices":[{"data":"Zap","floor":6.0,"key":"SMITH"},{"data":"Dualcast","floor":10.0,"key":"SMITH"},{"data":"Reinforced Body","floor":15.0,"key":"SMITH"},{"data":"Amplify","floor":23.0,"key":"SMITH"},{"floor":28,"key":"REST"},{"data":"Defragment","floor":32,"key":"SMITH"},{"data":"Consume","floor":40,"key":"SMITH"},{"data":"Go for the Eyes","floor":46,"key":"SMITH"},{"data":"Capacitor","floor":49,"key":"SMITH"}],"neow_cost":"","seed_source_timestamp":0,"circlet_count":0,"master_deck":["Strike_B","Strike_B","Defend_B","Defend_B","Defend_B","Defend_B","Zap+1","Dualcast+1","AscendersBane","Amplify+1","Conserve Battery","Steam","Leap","Auto Shields","Reinforced Body+1","Conserve Battery","Electrodynamics","Cold Snap","Glacier","Genetic Algorithm","Compile Driver","Biased Cognition","Beam Cell","Storm","Go for the Eyes+1","Leap","Hologram+1","Defragment+1","Cold Snap","Echo Form","Defragment+1","Consume+1","Hologram+1","Conserve Battery+1","Capacitor+1"],"special_seed":0,"relics":["Cracked Core","Shuriken","Bird Faced Urn","Runic Pyramid","Lantern","Kunai","Symbiotic Virus","Bottled Tornado","Inserter","Smiling Mask"],"potions_floor_usage":[29,35,50,50],"damage_taken":[{"damage":13.0,"enemies":"Jaw Worm","floor":1.0,"turns":5.0},{"damage":1.0,"enemies":"Cultist","floor":2.0,"turns":4.0},{"damage":9.0,"enemies":"Small Slimes","floor":3.0,"turns":4.0},{"damage":1.0,"enemies":"Looter","floor":5.0,"turns":5.0},{"damage":0.0,"enemies":"Exordium Wildlife","floor":7.0,"turns":4.0},{"damage":0.0,"enemies":"Large Slime","floor":8.0,"turns":5.0},{"damage":0.0,"enemies":"3 Louse","floor":12.0,"turns":1.0},{"damage":2.0,"enemies":"Lagavulin","floor":13.0,"turns":11.0},{"damage":3.0,"enemies":"Looter","floor":14.0,"turns":4.0},{"damage":19.0,"enemies":"Slime Boss","floor":16.0,"turns":11.0},{"damage":5.0,"enemies":"Shell Parasite","floor":18.0,"turns":5.0},{"damage":0.0,"enemies":"Spheric Guardian","floor":19.0,"turns":3.0},{"damage":7.0,"enemies":"Snake Plant","floor":22.0,"turns":5.0},{"damage":18.0,"enemies":"Slavers","floor":24.0,"turns":2.0},{"damage":16.0,"enemies":"Sentry and Sphere","floor":25.0,"turns":8.0},{"damage":0,"enemies":"Book of Stabbing","floor":29,"turns":6},{"damage":0,"enemies":"Chosen and Byrds","floor":31,"turns":4},{"damage":18,"enemies":"Collector","floor":33,"turns":13},{"damage":9,"enemies":"3 Shapes","floor":35,"turns":2},{"damage":9,"enemies":"Orb Walker","floor":36,"turns":5},{"damage":13,"enemies":"Sphere and 2 Shapes","floor":37,"turns":5},{"damage":11,"enemies":"Maw","floor":38,"turns":10},{"damage":0,"enemies":"3 Darklings","floor":41,"turns":2},{"damage":9,"enemies":"Sphere and 2 Shapes","floor":42,"turns":4},{"damage":39,"enemies":"Awakened One","floor":50,"turns":16}],"seed_played":"-8566320916394046974","potions_obtained":[{"floor":3.0,"key":"Fire Potion"},{"floor":8.0,"key":"Explosive Potion"},{"floor":12.0,"key":"Ancient Potion"},{"floor":25.0,"key":"Poison Potion"},{"floor":31,"key":"Explosive Potion"},{"floor":37,"key":"SteroidPotion"},{"floor":38,"key":"Dexterity Potion"},{"floor":41,"key":"Explosive Potion"}],"is_trial":false,"path_per_floor":["M","M","M","?","M","R","M","M","T","R","$","M","E","M","R","B",null,"M","M","?","$","M","R","E","M","T","?","R","E","$","M","R","B",null,"M","M","M","M","$","R","M","M","T","?","?","R","?","$","R","B"],"character_chosen":"DEFECT","items_purchased":["Cold Snap","Glacier","Lantern","Defragment","LiquidBronze"],"campfire_rested":1,"item_purchase_floors":[],"current_hp_per_floor":[51,50,41,41,40,40,40,40,40,40,40,40,38,37,37,20,58,59,65,65,65,64,64,50,42,42,42,63,71,71,71,71,59,68,61,60,55,60,60,60,70,66,66,71,71,71,71,71,71,46],"gold":24,"neow_bonus":"","is_prod":false,"is_daily":false,"chose_seed":false,"campfire_upgraded":8,"win_rate":0,"timestamp":1530324845,"path_taken":["M","M","M","?","M","R","M","M","T","R","$","M","E","M","R","BOSS","M","M","?","$","M","R","E","M","T","?","R","E","$","M","R","BOSS","M","M","M","M","$","R","M","M","T","?","?","R","?","$","R","BOSS"],"build_version":"2018-06-28","purchased_purges":2,"victory":true,"max_hp_per_floor":[71,71,71,71,71,71,71,71,71,71,71,71,71,71,71,71,71,71,71,71,71,71,71,71,71,71,71,71,71,71,71,71,71,71,71,71,71,71,71,71,71,71,71,71,71,71,71,71,71,71],"card_choices":[{"not_picked":["Cold Snap","White Noise"],"picked":"Conserve Battery","floor":1.0},{"not_picked":["Chaos","Heatsinks"],"picked":"Steam","floor":2.0},{"not_picked":["Coolheaded","Reprogram"],"picked":"Leap","floor":3.0},{"not_picked":["Steam","Redo"],"picked":"Reinforced Body","floor":5.0},{"not_picked":["Rebound","Turbo"],"picked":"Conserve Battery","floor":7.0},{"not_picked":["Rebound","Streamline"],"picked":"Electrodynamics","floor":8.0},{"not_picked":["Barrage","Chaos"],"picked":"Genetic Algorithm","floor":12.0},{"not_picked":["Redo","Gash"],"picked":"Compile Driver","floor":13.0},{"not_picked":["Gash","Steam","Reprogram"],"picked":"SKIP","floor":14.0},{"not_picked":["Seek","Amplify"],"picked":"Biased Cognition","floor":16.0},{"not_picked":["Barrage","Loop"],"picked":"Beam Cell","floor":18.0},{"not_picked":["Scrape","Lockon","Skim"],"picked":"SKIP","floor":19.0},{"not_picked":["FTL+1","Storm"],"picked":"Go for the Eyes","floor":22.0},{"not_picked":["Amplify","Hyperbeam"],"picked":"Leap","floor":24.0},{"not_picked":["Go for the Eyes","Rip and Tear"],"picked":"Hologram+1","floor":25.0},{"not_picked":["Genetic Algorithm","Hello World","All For One"],"picked":"SKIP","floor":29},{"not_picked":["Hologram","Leap+1"],"picked":"Cold Snap","floor":31},{"not_picked":["Machine Learning","Rainbow"],"picked":"Echo Form","floor":33},{"not_picked":["Sweeping Beam","Beam Cell+1"],"picked":"Defragment+1","floor":35},{"not_picked":["Chill+1","Redo+1"],"picked":"Consume","floor":36},{"not_picked":["Redo+1","Compile Driver"],"picked":"Hologram+1","floor":37},{"not_picked":["Gash","Sweeping Beam+1","Reprogram"],"picked":"SKIP","floor":38},{"not_picked":["Cold Snap","Sweeping Beam"],"picked":"Conserve Battery+1","floor":41},{"not_picked":["Conserve Battery","Fusion"],"picked":"Capacitor","floor":42}],"player_experience":630448,"relics_obtained":[{"floor":9.0,"key":"Shuriken"},{"floor":13.0,"key":"Bird Faced Urn"},{"floor":24.0,"key":"Kunai"},{"floor":26,"key":"Symbiotic Virus"},{"floor":29,"key":"Bottled Tornado"},{"floor":43,"key":"Smiling Mask"}],"event_choices":[{"event_name":"Match and Keep!","player_choice":"1 cards matched","floor":4.0,"damage_taken":0.0},{"event_name":"Match and Keep!","player_choice":"1 cards matched","floor":20.0,"damage_taken":0.0},{"event_name":"Ghosts","player_choice":"Ignored","floor":27,"damage_taken":0},{"event_name":"Winding Halls","player_choice":"Writhe","floor":44,"damage_taken":0},{"event_name":"Accursed Blacksmith","player_choice":"Ignore","floor":45,"damage_taken":0},{"event_name":"Purifier","player_choice":"One Purge","floor":47,"damage_taken":0}],"boss_relics":[{"not_picked":["Fusion Hammer","Eternal Feather"],"picked":"Runic Pyramid"},{"not_picked":["White Beast Statue","Coffee Dripper"],"picked":"Inserter"}],"items_purged_floors":[],"is_endless":false,"potions_floor_spawned":[3,8,12,16,18,25,31,37,38,41],"ascension_level":15}