{"gold_per_floor":[114,125,125,125,144,144,163,194,265,299,299,316,329,174,174,174],"floor_reached":16,"playtime":622,"items_purged":["Strike_R"],"score":196,"play_id":"f92f7f58-3dc6-445f-a889-b6935a2846c8","local_time":"20181211224528","is_ascension_mode":true,"campfire_choices":[{"data":"Bash","floor":6,"key":"SMITH"},{"data":"True Grit","floor":11,"key":"SMITH"},{"data":"Armaments","floor":15,"key":"SMITH"}],"neow_cost":"NONE","seed_source_timestamp":52200739129814,"circlet_count":0,"master_deck":["AscendersBane","Strike_R","Strike_R","Strike_R","Strike_R+1","Defend_R","Defend_R","Defend_R+1","Defend_R","Bash+1","Wild Strike","True Grit+1","Havoc","Shockwave","Pommel Strike","Reaper","Armaments+1","Inflame"],"relics":["Burning Blood","Calipers","Matryoshka","Anchor"],"potions_floor_usage":[8,16,16],"damage_taken":[{"damage":10,"enemies":"Small Slimes","floor":1,"turns":4},{"damage":1,"enemies":"Jaw Worm","floor":2,"turns":4},{"damage":6,"enemies":"Cultist","floor":5,"turns":3},{"damage":0,"enemies":"Large Slime","floor":7,"turns":3},{"damage":35,"enemies":"3 Sentries","floor":8,"turns":14},{"damage":28,"enemies":"Gremlin Nob","floor":10,"turns":4},{"damage":16,"enemies":"Exordium Thugs","floor":12,"turns":5},{"damage":0,"enemies":"Red Slaver","floor":13,"turns":5},{"damage":51,"enemies":"Hexaghost","floor":16,"turns":12}],"seed_played":"-845773842753043256","potions_obtained":[{"floor":2,"key":"SkillPotion"},{"floor":8,"key":"FearPotion"},{"floor":10,"key":"SteroidPotion"}],"is_trial":false,"path_per_floor":["M","M","?","?","M","R","M","E","T","E","R","M","M","$","R","B"],"character_chosen":"IRONCLAD","items_purchased":["Inflame"],"campfire_rested":0,"item_purchase_floors":[14],"current_hp_per_floor":[71,76,51,78,78,78,82,53,53,31,31,29,41,41,41,0],"gold":174,"neow_bonus":"TEN_PERCENT_HP_BONUS","is_prod":false,"is_daily":false,"chose_seed":false,"campfire_upgraded":3,"win_rate":0,"timestamp":1544597128,"path_taken":["M","M","?","?","M","R","M","E","T","E","R","M","M","?","R","BOSS"],"build_version":"2018-12-06","purchased_purges":1,"victory":false,"max_hp_per_floor":[82,82,82,82,82,82,82,82,82,82,82,82,82,82,82,82],"card_choices":[{"not_picked":["Warcry","Bloodletting"],"picked":"Wild Strike","floor":1},{"not_picked":["Bloodletting","Iron Wave"],"picked":"True Grit","floor":2},{"not_picked":["Heavy Blade","Brutality"],"picked":"Havoc","floor":5},{"not_picked":["Iron Wave","True Grit"],"picked":"Shockwave","floor":7},{"not_picked":["Thunderclap","Body Slam"],"picked":"Pommel Strike","floor":8},{"not_picked":["Body Slam","Perfected Strike"],"picked":"Reaper","floor":10},{"not_picked":["Clash","Headbutt","Cleave"],"picked":"SKIP","floor":12},{"not_picked":["Shrug It Off","Perfected Strike"],"picked":"Armaments","floor":13}],"player_experience":1782693,"relics_obtained":[{"floor":8,"key":"Calipers"},{"floor":9,"key":"Matryoshka"},{"floor":10,"key":"Anchor"}],"event_choices":[{"damage_healed":0,"gold_gain":0,"player_choice":"Entered Light","damage_taken":25,"max_hp_gain":0,"max_hp_loss":0,"event_name":"Shining Light","floor":3,"gold_loss":0,"cards_upgraded":["Strike_R","Defend_R"]},{"damage_healed":27,"gold_gain":0,"player_choice":"Banana","damage_taken":0,"max_hp_gain":0,"max_hp_loss":0,"event_name":"Big Fish","floor":4,"gold_loss":0}],"is_beta":false,"boss_relics":[],"items_purged_floors":[14],"is_endless":false,"potions_floor_spawned":[2,8,10],"killed_by":"Hexaghost","ascension_level":15}