{"gold_per_floor":[113,129,129,2,2,42,42,75,75,119,119,134,165,177,189,299,311,346,358,495,551,374,405,405,439,439,482,482,513,513,532,532,628,628,647,315,295,336,367,367,392,432,501,539,275,314,337,200,200,200,200,200,200,30,65,65],"floor_reached":57,"playtime":3198,"items_purged":["Injury","Decay"],"score":3732,"play_id":"0696f770-abbd-451d-a4c9-cc15e5da4a9a","local_time":"20190208113240","daily_mods":["SealedDeck","DeadlyEvents","Elite Swarm"],"is_ascension_mode":true,"campfire_choices":[{"data":"Footwork","floor":7,"key":"SMITH"},{"data":"Adrenaline","floor":11,"key":"SMITH"},{"data":"Bouncing Flask","floor":15,"key":"SMITH"},{"data":"Burst","floor":24,"key":"SMITH"},{"data":"Malaise","floor":28,"key":"SMITH"},{"data":"Adrenaline","floor":30,"key":"SMITH"},{"data":"Calculated Gamble","floor":32,"key":"SMITH"},{"data":"Adrenaline","floor":40,"key":"SMITH"},{"floor":49,"key":"RECALL"},{"data":"Wraith Form v2","floor":53,"key":"SMITH"}],"neow_cost":"","seed_source_timestamp":9324657400294,"circlet_count":0,"master_deck":["AscendersBane","Deflect","Backstab","Deflect","Dodge and Roll","Footwork+1","Deflect","Bane+1","Noxious Fumes+1","Bouncing Flask+1","Deadly Poison","Poisoned Stab+1","PiercingWail","After Image","Adrenaline+1","Corpse Explosion","Adrenaline","Malaise+1","Bullet Time","Calculated Gamble+1","Burst+1","Adrenaline+1","Backflip","Malaise","Adrenaline+1","Wraith Form v2+1","Caltrops","Adrenaline","Blur","Well Laid Plans","Deflect","Dodge and Roll","PanicButton","Acrobatics"],"relics":["Ring of the Serpent","Golden Idol","Bird Faced Urn","Letter Opener","Gambling Chip","Ornamental Fan","MawBank","Darkstone Periapt","Coffee Dripper","Incense Burner","Happy Flower","Nunchaku","Whetstone","Bottled Tornado","Matryoshka","Blood Vial","Tough Bandages","PreservedInsect","Ninja Scroll","Kunai","Omamori","Paper Crane","TwistedFunnel","Lantern","Gremlin Horn"],"potions_floor_usage":[8,10,20,21,56],"damage_taken":[{"damage":0,"enemies":"Small Slimes","floor":1,"turns":2},{"damage":0,"enemies":"Jaw Worm","floor":2,"turns":2},{"damage":10,"enemies":"Lagavulin","floor":6,"turns":5},{"damage":21,"enemies":"3 Sentries","floor":8,"turns":7},{"damage":0,"enemies":"Gremlin Nob","floor":10,"turns":2},{"damage":0,"enemies":"2 Louse","floor":12,"turns":1},{"damage":0,"enemies":"Lagavulin","floor":13,"turns":5},{"damage":0,"enemies":"Hexaghost","floor":16,"turns":6},{"damage":0,"enemies":"3 Byrds","floor":18,"turns":1},{"damage":0,"enemies":"Colosseum Slavers","floor":20,"turns":2},{"damage":20,"enemies":"Colosseum Nobs","floor":20,"turns":3},{"damage":4,"enemies":"Gremlin Leader","floor":21,"turns":5},{"damage":0,"enemies":"Slavers","floor":23,"turns":2},{"damage":14,"enemies":"Gremlin Leader","floor":25,"turns":4},{"damage":6,"enemies":"Book of Stabbing","floor":27,"turns":4},{"damage":0,"enemies":"Slavers","floor":29,"turns":2},{"damage":0,"enemies":"Shell Parasite","floor":31,"turns":3},{"damage":16,"enemies":"Collector","floor":33,"turns":6},{"damage":0,"enemies":"Orb Walker","floor":35,"turns":2},{"damage":0,"enemies":"Nemesis","floor":38,"turns":7},{"damage":0,"enemies":"Giant Head","floor":39,"turns":5},{"damage":0,"enemies":"3 Shapes","floor":41,"turns":2},{"damage":0,"enemies":"Nemesis","floor":42,"turns":5},{"damage":14,"enemies":"Giant Head","floor":44,"turns":5},{"damage":0,"enemies":"Reptomancer","floor":46,"turns":4},{"damage":0,"enemies":"Sphere and 2 Shapes","floor":47,"turns":1},{"damage":4,"enemies":"Donu and Deca","floor":50,"turns":8},{"damage":22,"enemies":"Time Eater","floor":51,"turns":12},{"damage":0,"enemies":"Shield and Spear","floor":55,"turns":6},{"damage":32,"enemies":"The Heart","floor":56,"turns":11}],"seed_played":"-2081726936174433175","potions_obtained":[{"floor":6,"key":"PowerPotion"},{"floor":8,"key":"AttackPotion"},{"floor":12,"key":"Block Potion"},{"floor":18,"key":"Swift Potion"},{"floor":20,"key":"Poison Potion"},{"floor":25,"key":"Dexterity Potion"},{"floor":39,"key":"SpeedPotion"}],"is_trial":true,"path_per_floor":["M","M","?","$","?","E","R","E","T","E","R","M","E","T","R","B",null,"M","?","?","E","$","E","R","E","T","E","R","E","R","M","R","B",null,"M","$","?","E","E","R","M","E","T","E","$","E","M","$","R","B","B",null,"R","$","E","B",null],"character_chosen":"THE_SILENT","items_purchased":["PiercingWail","Calculated Gamble","Tough Bandages","TwistedFunnel","Caltrops","Well Laid Plans","Deflect","Dodge and Roll","PanicButton","Acrobatics"],"campfire_rested":0,"item_purchase_floors":[4,22,36,45,45,48,48,54,54,54],"current_hp_per_floor":[59,59,59,59,59,49,49,36,36,38,38,42,48,48,48,54,63,66,72,56,58,58,60,60,52,52,52,52,58,58,66,66,56,68,72,72,72,72,72,72,72,72,72,58,58,66,72,72,72,70,54,68,68,68,72,44],"gold":65,"neow_bonus":"","is_prod":false,"is_daily":false,"chose_seed":false,"campfire_upgraded":9,"win_rate":0,"timestamp":1549654360,"path_taken":["M","M","?","$","?","E","R","E","T","E","R","M","E","?","R","BOSS","M","?","?","?","$","E","R","E","T","E","R","E","R","M","R","BOSS","M","$","?","?","?","R","M","E","T","E","$","E","M","?","R","BOSS","BOSS","R","$","E","BOSS"],"build_version":"2019-01-23","purchased_purges":2,"victory":true,"max_hp_per_floor":[66,66,66,66,66,66,66,66,66,66,66,66,66,66,66,66,66,66,72,72,72,72,72,72,72,72,72,72,72,72,72,72,72,72,72,72,72,72,72,72,72,72,72,72,72,72,72,72,72,72,72,72,72,72,72,72],"card_choices":[{"not_picked":["Noxious Fumes","Deadly Poison"],"picked":"Poisoned Stab","floor":1},{"not_picked":["Choke","Setup","Cloak And Dagger"],"picked":"SKIP","floor":2},{"not_picked":["Bullet Time","Envenom"],"picked":"After Image","floor":6},{"not_picked":["Storm of Steel","Envenom"],"picked":"Adrenaline","floor":8},{"not_picked":["Die Die Die","Doppelganger"],"picked":"Corpse Explosion","floor":10},{"not_picked":["Outmaneuver","Setup","Dagger Throw"],"picked":"SKIP","floor":12},{"not_picked":["Doppelganger","Tools of the Trade"],"picked":"Adrenaline","floor":13},{"not_picked":["A Thousand Cuts","Unload"],"picked":"Malaise","floor":16},{"not_picked":["Bane","Masterful Stab","Poisoned Stab"],"picked":"SKIP","floor":18},{"not_picked":["Die Die Die","Phantasmal Killer"],"picked":"Bullet Time","floor":21},{"not_picked":["Doppelganger","Malaise"],"picked":"Burst","floor":23},{"not_picked":["Glass Knife","Corpse Explosion","Storm of Steel"],"picked":"SKIP","floor":25},{"not_picked":["Doppelganger","Glass Knife"],"picked":"Adrenaline","floor":27},{"not_picked":["Corpse Explosion","Grand Finale","Bullet Time"],"picked":"SKIP","floor":29},{"not_picked":["Dagger Spray","Deadly Poison","Deflect"],"picked":"SKIP","floor":31},{"not_picked":["Quick Slash+1","Underhanded Strike"],"picked":"Backflip","floor":35},{"not_picked":["After Image","Doppelganger"],"picked":"Malaise","floor":38},{"not_picked":["Bullet Time","Venomology"],"picked":"Adrenaline","floor":39},{"not_picked":["Terror","Prepared","Distraction"],"picked":"SKIP","floor":41},{"not_picked":["Malaise","Unload","Burst"],"picked":"SKIP","floor":42},{"not_picked":["Malaise","Tools of the Trade"],"picked":"Wraith Form v2","floor":44},{"not_picked":["Storm of Steel","Doppelganger"],"picked":"Adrenaline","floor":46},{"not_picked":["Expertise","Cloak And Dagger"],"picked":"Blur","floor":47},{"not_picked":["Glass Knife","Corpse Explosion","A Thousand Cuts"],"picked":"SKIP","floor":55}],"player_experience":2176393,"relics_obtained":[{"floor":6,"key":"Bird Faced Urn"},{"floor":8,"key":"Letter Opener"},{"floor":9,"key":"Gambling Chip"},{"floor":10,"key":"Ornamental Fan"},{"floor":13,"key":"MawBank"},{"floor":14,"key":"Darkstone Periapt"},{"floor":20,"key":"Incense Burner"},{"floor":21,"key":"Happy Flower"},{"floor":23,"key":"Nunchaku"},{"floor":25,"key":"Whetstone"},{"floor":26,"key":"Bottled Tornado"},{"floor":27,"key":"Matryoshka"},{"floor":29,"key":"Blood Vial"},{"floor":38,"key":"PreservedInsect"},{"floor":39,"key":"Ninja Scroll"},{"floor":42,"key":"Kunai"},{"floor":43,"key":"Omamori"},{"floor":44,"key":"Paper Crane"},{"floor":46,"key":"Lantern"},{"floor":55,"key":"Gremlin Horn"}],"event_choices":[{"damage_healed":0,"gold_gain":0,"player_choice":"Take Wound","damage_taken":0,"relics_obtained":["Golden Idol"],"max_hp_gain":0,"max_hp_loss":0,"event_name":"Golden Idol","floor":3,"gold_loss":0,"cards_obtained":["Injury"]},{"damage_healed":0,"gold_gain":0,"player_choice":"Grow","damage_taken":0,"max_hp_gain":0,"max_hp_loss":0,"event_name":"Living Wall","floor":5,"gold_loss":0,"cards_upgraded":["Noxious Fumes"]},{"damage_healed":0,"gold_gain":0,"player_choice":"Smashed Altar","damage_taken":0,"max_hp_gain":0,"max_hp_loss":0,"event_name":"Forgotten Altar","floor":19,"gold_loss":0,"cards_obtained":["Decay"]},{"damage_healed":0,"gold_gain":0,"player_choice":"Fight","damage_taken":0,"max_hp_gain":0,"max_hp_loss":0,"event_name":"Colosseum","floor":20,"gold_loss":0},{"damage_healed":0,"gold_gain":0,"player_choice":"Fought Nobs","damage_taken":0,"max_hp_gain":0,"max_hp_loss":0,"event_name":"Colosseum","floor":20,"gold_loss":0},{"damage_healed":0,"gold_gain":0,"player_choice":"Bought 1 Potion","damage_taken":0,"max_hp_gain":0,"max_hp_loss":0,"event_name":"The Woman in Blue","floor":37,"gold_loss":0}],"is_beta":false,"boss_relics":[{"not_picked":["Astrolabe","Snecko Eye"],"picked":"Coffee Dripper"},{"not_picked":["White Beast Statue","Busted Crown"],"picked":"Ring of the Serpent"}],"items_purged_floors":[4,22],"is_endless":false,"potions_floor_spawned":[6,8,12,18,20,25,27,38,39,46,47,55],"ascension_level":20}