{"gold_per_floor":[113,113,32,52,63,90,90,119,119,119,68,83,108,108,108,181,181,199,218,218,218,236,236,261,261,261,278,311,84,111,123,123,197,197,210,45,55,35,55,81,81,116,143,177,205,237,22,48,48,48,48],"floor_reached":52,"playtime":2212,"items_purged":[],"score":2608,"play_id":"c7e00d92-63fb-47c0-b2b6-79ad0319b0c3","local_time":"20190312123056","daily_mods":["SealedDeck","DeadlyEvents","Elite Swarm"],"is_ascension_mode":true,"campfire_choices":[{"data":"Catalyst","floor":7,"key":"SMITH"},{"data":"Burst","floor":10,"key":"SMITH"},{"data":"Well Laid Plans","floor":15,"key":"SMITH"},{"data":"Wraith Form v2","floor":23,"key":"SMITH"},{"data":"Bouncing Flask","floor":25,"key":"SMITH"},{"data":"Catalyst","floor":32,"key":"SMITH"},{"data":"Malaise","floor":41,"key":"SMITH"},{"data":"Adrenaline","floor":49,"key":"SMITH"}],"neow_cost":"","seed_source_timestamp":0,"circlet_count":0,"master_deck":["AscendersBane","Bane+1","Backflip","Backflip","Catalyst+1","Catalyst+1","Well Laid Plans+1","Leg Sweep","Poisoned Stab","Noxious Fumes","Poisoned Stab+1","Bouncing Flask+1","Crippling Poison","Corpse Explosion","Burst+1","Wraith Form v2+1","Sucker Punch+1","Bullet Time","Backflip","Wraith Form v2+1","Footwork+1","Backflip","Malaise+1","Adrenaline+1","Wraith Form v2+1","Night Terror","Bullet Time"],"relics":["Ring of the Snake","Whetstone","Molten Egg 2","Bronze Scales","Ninja Scroll","Runic Pyramid","Frozen Egg 2","Pantograph","Ancient Tea Set","Blood Vial","Bird Faced Urn","HoveringKite","Happy Flower","Gremlin Horn","Kunai","Smiling Mask","Bottled Lightning","Mango","Omamori","Potion Belt","Regal Pillow"],"potions_floor_usage":[6],"damage_taken":[{"damage":2,"enemies":"Jaw Worm","floor":1,"turns":3},{"damage":1,"enemies":"Cultist","floor":4,"turns":3},{"damage":0,"enemies":"Small Slimes","floor":5,"turns":3},{"damage":12,"enemies":"3 Sentries","floor":6,"turns":4},{"damage":4,"enemies":"Lagavulin","floor":8,"turns":4},{"damage":0,"enemies":"2 Fungi Beasts","floor":12,"turns":3},{"damage":12,"enemies":"3 Sentries","floor":13,"turns":5},{"damage":14,"enemies":"Slime Boss","floor":16,"turns":9},{"damage":0,"enemies":"Chosen","floor":18,"turns":2},{"damage":0,"enemies":"Spheric Guardian","floor":19,"turns":3},{"damage":0,"enemies":"3 Cultists","floor":22,"turns":2},{"damage":0,"enemies":"Gremlin Leader","floor":24,"turns":4},{"damage":9,"enemies":"Centurion and Healer","floor":27,"turns":2},{"damage":3,"enemies":"Slavers","floor":28,"turns":4},{"damage":12,"enemies":"Book of Stabbing","floor":30,"turns":4},{"damage":0,"enemies":"Snake Plant","floor":31,"turns":2},{"damage":8,"enemies":"Champ","floor":33,"turns":5},{"damage":0,"enemies":"3 Darklings","floor":35,"turns":4},{"damage":0,"enemies":"3 Shapes","floor":37,"turns":3},{"damage":0,"enemies":"Writhing Mass","floor":39,"turns":2},{"damage":0,"enemies":"Giant Head","floor":40,"turns":3},{"damage":5,"enemies":"Reptomancer","floor":42,"turns":3},{"damage":7,"enemies":"Nemesis","floor":44,"turns":3},{"damage":0,"enemies":"Reptomancer","floor":45,"turns":2},{"damage":0,"enemies":"Giant Head","floor":46,"turns":4},{"damage":0,"enemies":"Reptomancer","floor":48,"turns":2},{"damage":3,"enemies":"Time Eater","floor":50,"turns":2},{"damage":0,"enemies":"Awakened One","floor":51,"turns":7}],"seed_played":"3032001314429115900","potions_obtained":[{"floor":5,"key":"EssenceOfSteel"},{"floor":6,"key":"Ancient Potion"},{"floor":13,"key":"PowerPotion"}],"is_trial":true,"path_per_floor":["M","?","$","M","M","E","R","E","T","R","$","M","E","$","R","B",null,"M","M","?","?","M","R","E","R","T","M","E","$","E","M","R","B",null,"M","$","M","?","M","E","R","E","T","E","E","E","$","E","R","B","B",null],"character_chosen":"THE_SILENT","items_purchased":["Bouncing Flask","Sucker Punch+1","Poison Potion","Blood Vial","Happy Flower","Potion Belt","Energy Potion"],"campfire_rested":0,"item_purchase_floors":[3,11,29,29,36,47,47],"current_hp_per_floor":[57,57,57,56,56,44,44,40,40,40,40,40,28,28,28,14,53,53,53,35,35,35,35,35,35,35,26,23,23,13,21,21,44,64,71,71,71,71,71,71,71,66,66,66,84,85,85,85,85,82,85],"gold":48,"neow_bonus":"","is_prod":false,"is_daily":false,"chose_seed":false,"campfire_upgraded":8,"win_rate":0,"timestamp":1552419056,"path_taken":["M","?","?","M","M","E","R","E","T","R","$","?","E","$","R","BOSS","M","M","?","?","M","R","E","R","T","M","E","$","E","M","R","BOSS","M","$","M","?","M","E","R","E","T","E","?","E","$","E","R","BOSS","BOSS"],"build_version":"2019-01-23","purchased_purges":0,"victory":true,"max_hp_per_floor":[66,66,66,66,66,66,66,66,66,66,66,66,66,66,66,66,66,66,66,71,71,71,71,71,71,71,71,71,71,71,71,71,71,71,71,71,71,71,71,71,71,71,71,71,85,85,85,85,85,85,85],"card_choices":[{"not_picked":["Expertise","Catalyst"],"picked":"Cloak And Dagger","floor":1},{"not_picked":["Cloak And Dagger","Deadly Poison"],"picked":"Crippling Poison","floor":4},{"not_picked":["Infinite Blades","Prepared"],"picked":"Corpse Explosion","floor":5},{"not_picked":["Wraith Form v2","Envenom"],"picked":"Burst","floor":6},{"not_picked":["Unload","Envenom"],"picked":"Wraith Form v2","floor":8},{"not_picked":["Slice+1","Underhanded Strike+1","Dodge and Roll"],"picked":"SKIP","floor":12},{"not_picked":["Envenom","Corpse Explosion","Venomology"],"picked":"SKIP","floor":13},{"not_picked":["Deadly Poison","Dagger Spray+1","Dodge and Roll"],"picked":"SKIP","floor":18},{"not_picked":["Flechettes+1","Outmaneuver","Bouncing Flask"],"picked":"SKIP","floor":19},{"not_picked":["Dodge and Roll","Outmaneuver","Accuracy"],"picked":"SKIP","floor":22},{"not_picked":["Envenom","Doppelganger"],"picked":"Bullet Time","floor":24},{"not_picked":["Acrobatics","Outmaneuver"],"picked":"Backflip","floor":27},{"not_picked":["Unload+1","Envenom+1","Grand Finale+1"],"picked":"SKIP","floor":28},{"not_picked":["Corpse Explosion","Doppelganger"],"picked":"Wraith Form v2+1","floor":30},{"not_picked":["Dagger Throw+1","Quick Slash+1","Dodge and Roll"],"picked":"SKIP","floor":31},{"not_picked":["Catalyst","Calculated Gamble","Blade Dance"],"picked":"SKIP","floor":35},{"not_picked":["Dagger Throw+1","Slice+1"],"picked":"Footwork+1","floor":37},{"not_picked":["Quick Slash+1","Acrobatics"],"picked":"Backflip","floor":39},{"not_picked":["Phantasmal Killer","Glass Knife+1"],"picked":"Malaise","floor":40},{"not_picked":["After Image+1","Doppelganger"],"picked":"Adrenaline","floor":42},{"not_picked":["Grand Finale+1","Tools of the Trade+1"],"picked":"Wraith Form v2+1","floor":44},{"not_picked":["Phantasmal Killer","Tools of the Trade+1"],"picked":"Night Terror","floor":45},{"not_picked":["A Thousand Cuts+1","Grand Finale+1"],"picked":"Bullet Time","floor":46},{"not_picked":["Envenom+1","Grand Finale+1","Bullet Time"],"picked":"SKIP","floor":48}],"player_experience":2347041,"relics_obtained":[{"floor":6,"key":"Whetstone"},{"floor":8,"key":"Molten Egg 2"},{"floor":9,"key":"Bronze Scales"},{"floor":13,"key":"Ninja Scroll"},{"floor":24,"key":"Frozen Egg 2"},{"floor":26,"key":"Pantograph"},{"floor":28,"key":"Ancient Tea Set"},{"floor":30,"key":"Bird Faced Urn"},{"floor":40,"key":"Gremlin Horn"},{"floor":42,"key":"Kunai"},{"floor":43,"key":"Smiling Mask"},{"floor":44,"key":"Bottled Lightning"},{"floor":45,"key":"Mango"},{"floor":46,"key":"Omamori"},{"floor":48,"key":"Regal Pillow"}],"event_choices":[{"cards_removed":["Cloak And Dagger"],"damage_healed":0,"gold_gain":0,"player_choice":"Card Removal","damage_taken":0,"max_hp_gain":0,"max_hp_loss":0,"event_name":"Wheel of Change","floor":2,"gold_loss":0},{"damage_healed":0,"gold_gain":0,"player_choice":"Shed Blood","damage_taken":23,"max_hp_gain":5,"max_hp_loss":0,"event_name":"Forgotten Altar","floor":20,"gold_loss":0},{"damage_healed":0,"gold_gain":0,"player_choice":"Ignored","damage_taken":0,"max_hp_gain":0,"max_hp_loss":0,"event_name":"Ghosts","floor":21,"gold_loss":0},{"damage_healed":0,"gold_gain":0,"player_choice":"Bought 1 Potion","damage_taken":0,"max_hp_gain":0,"max_hp_loss":0,"event_name":"The Woman in Blue","floor":38,"gold_loss":0}],"is_beta":false,"boss_relics":[{"not_picked":["Astrolabe","Fusion Hammer"],"picked":"Runic Pyramid"},{"not_picked":["Ring of the Serpent","WristBlade"],"picked":"HoveringKite"}],"items_purged_floors":[],"is_endless":false,"potions_floor_spawned":[5,6,13,16,18,28,30,33,35,40,46],"ascension_level":20}