{"gold_per_floor":[117,117,117,129,149,149,50,66,119,119,137,195,228,228,228,331,331,343,355,355,403,414,414,414,414,459,473,473,501,140,175,175,277,277,289,305,15,15,29,29,61,61,61,90,90,90,101,120,120,120],"floor_reached":51,"playtime":4850,"items_purged":["Strike_G","Parasite"],"score":817,"play_id":"1aab5954-f8c9-4553-b240-990cc83e3c54","local_time":"20181018024223","is_ascension_mode":true,"campfire_choices":[{"data":"Distraction","floor":6.0,"key":"SMITH"},{"floor":10.0,"key":"REST"},{"data":"Deadly Poison","floor":15.0,"key":"SMITH"},{"floor":23,"key":"REST"},{"data":"Neutralize","floor":25,"key":"SMITH"},{"data":"Terror","floor":28,"key":"SMITH"},{"floor":32,"key":"REST"},{"data":"Survivor","floor":40,"key":"SMITH"},{"floor":42,"key":"REST"},{"floor":45,"key":"DIG"},{"floor":49,"key":"DIG"}],"neow_cost":"","seed_source_timestamp":0,"circlet_count":0,"master_deck":["Defend_G","Defend_G","Defend_G","Defend_G","Defend_G","Strike_G","Strike_G","Strike_G","Strike_G","Survivor+1","Neutralize+1","Poisoned Stab+1","Distraction+1","PiercingWail","Blind","Backstab+1","Deadly Poison+1","Corpse Explosion","Escape Plan","Terror+1","Masterful Stab+1","The Bomb","Noxious Fumes+1","Corpse Explosion","Endless Agony+1","Prepared+1","Deadly Poison+1","Footwork+1","Backstab+1"],"special_seed":0,"relics":["Ring of the Snake","Art of War","Whetstone","WingedGreaves","Lizard Tail","Enchiridion","PreservedInsect","Darkstone Periapt","Lantern","Anchor","Bag of Marbles","Sozu","ClockworkSouvenir","Shovel","Pantograph","Meat on the Bone","Orichalcum","NlothsMask","Paper Crane"],"potions_floor_usage":[22,29,29,31,33,50,50],"damage_taken":[{"damage":3.0,"enemies":"Jaw Worm","floor":1.0,"turns":7.0},{"damage":0.0,"enemies":"Cultist","floor":4.0,"turns":4.0},{"damage":0.0,"enemies":"2 Louse","floor":5.0,"turns":3.0},{"damage":7.0,"enemies":"Large Slime","floor":8.0,"turns":8.0},{"damage":0.0,"enemies":"3 Louse","floor":11.0,"turns":3.0},{"damage":36.0,"enemies":"Gremlin Nob","floor":13.0,"turns":5.0},{"damage":9.0,"enemies":"The Guardian","floor":16.0,"turns":8.0},{"damage":16.0,"enemies":"Spheric Guardian","floor":18.0,"turns":4.0},{"damage":3,"enemies":"3 Byrds","floor":19,"turns":3},{"damage":16,"enemies":"Cultist and Chosen","floor":22,"turns":8},{"damage":0,"enemies":"3 Cultists","floor":27,"turns":2},{"damage":28,"enemies":"Gremlin Leader","floor":29,"turns":7},{"damage":17,"enemies":"Slavers","floor":31,"turns":4},{"damage":84,"enemies":"Automaton","floor":33,"turns":10},{"damage":10,"enemies":"3 Shapes","floor":35,"turns":2},{"damage":1,"enemies":"3 Darklings","floor":36,"turns":3},{"damage":5,"enemies":"4 Shapes","floor":39,"turns":6},{"damage":17,"enemies":"Giant Head","floor":41,"turns":7},{"damage":0,"enemies":"2 Orb Walkers","floor":44,"turns":1},{"damage":14,"enemies":"Transient","floor":47,"turns":5},{"damage":13,"enemies":"3 Darklings","floor":48,"turns":4},{"damage":43,"enemies":"Donu and Deca","floor":50,"turns":7}],"seed_played":"4551954104243879499","potions_obtained":[{"floor":4.0,"key":"Regen Potion"},{"floor":5.0,"key":"GamblersBrew"},{"floor":13.0,"key":"Poison Potion"},{"floor":19,"key":"Regen Potion"},{"floor":22,"key":"GamblersBrew"},{"floor":27,"key":"Regen Potion"},{"floor":33,"key":"Dexterity Potion"}],"is_trial":false,"path_per_floor":["M","?","$","M","M","R","$","M","T","R","M","?","E","?","R","B",null,"M","M","?","T","M","R","?","R","T","M","R","E","$","E","R","B",null,"M","M","$","?","M","R","E","R","T","E","R","?","M","M","R","B"],"character_chosen":"THE_SILENT","items_purchased":["Blind","Poison Potion","Poison Potion","The Bomb","ClockworkSouvenir"],"campfire_rested":4,"item_purchase_floors":[7,30,30,30,37],"current_hp_per_floor":[67,49,49,49,49,49,49,42,42,63,63,63,39,56,56,47,70,54,51,35,35,33,54,54,54,54,54,54,41,41,24,45,17,70,60,59,59,59,54,54,37,57,57,57,57,57,43,42,42,36],"gold":120,"neow_bonus":"","is_prod":false,"is_daily":false,"chose_seed":false,"campfire_upgraded":5,"win_rate":0,"timestamp":1539823343,"path_taken":["M","?","$","M","M","R","$","M","T","R","M","?","E","?","R","BOSS","M","M","?","?","?","R","?","R","T","M","R","E","$","E","R","BOSS","M","M","$","?","M","R","E","R","T","E","R","?","?","M","R","BOSS"],"build_version":"2018-10-11","purchased_purges":2,"victory":true,"max_hp_per_floor":[70,70,70,70,70,70,70,70,70,70,70,70,70,70,70,70,70,70,70,70,70,70,70,70,70,70,70,70,70,70,70,70,70,70,70,70,67,67,67,67,67,67,67,67,67,67,67,67,67,67],"card_choices":[{"not_picked":["Quick Slash","Backflip"],"picked":"Poisoned Stab","floor":1.0},{"not_picked":["Dagger Spray","Blur"],"picked":"Distraction","floor":4.0},{"not_picked":["Slice","Deflect"],"picked":"PiercingWail","floor":5.0},{"not_picked":["Cloak And Dagger","Slice"],"picked":"Backstab","floor":8.0},{"not_picked":["Outmaneuver","Blade Dance","Accuracy"],"picked":"SKIP","floor":11.0},{"not_picked":["Storm of Steel","Footwork"],"picked":"Deadly Poison","floor":13.0},{"not_picked":["Tools of the Trade","A Thousand Cuts"],"picked":"Corpse Explosion","floor":16.0},{"not_picked":["Sucker Punch","Dagger Spray","Dagger Throw"],"picked":"SKIP","floor":18.0},{"not_picked":["Poisoned Stab","Calculated Gamble"],"picked":"Escape Plan","floor":19},{"not_picked":["Tactician","Calculated Gamble","Dagger Throw+1"],"picked":"SKIP","floor":22},{"not_picked":["Dagger Spray","Sucker Punch"],"picked":"Terror","floor":27},{"not_picked":["Slice","Backflip+1"],"picked":"Masterful Stab+1","floor":29},{"not_picked":["Riddle With Holes","PiercingWail"],"picked":"Noxious Fumes","floor":31},{"not_picked":["Storm of Steel","Malaise"],"picked":"Corpse Explosion","floor":33},{"not_picked":["Poisoned Stab+1","Deadly Poison"],"picked":"Endless Agony+1","floor":35},{"not_picked":["Sucker Punch","Well Laid Plans"],"picked":"Prepared+1","floor":36},{"not_picked":["Blur","Acrobatics+1"],"picked":"Deadly Poison+1","floor":39},{"not_picked":["PiercingWail+1","A Thousand Cuts"],"picked":"Footwork+1","floor":41},{"not_picked":["Quick Slash+1","Dagger Spray+1","Reflex"],"picked":"SKIP","floor":44},{"not_picked":["Quick Slash+1","Dagger Spray+1","Reflex"],"picked":"SKIP","floor":44},{"not_picked":["Quick Slash+1","Dagger Spray+1","Reflex"],"picked":"SKIP","floor":44},{"not_picked":["Outmaneuver","Quick Slash+1","Flechettes"],"picked":"SKIP","floor":47},{"not_picked":["Sucker Punch+1","Skewer+1"],"picked":"Backstab+1","floor":48}],"player_experience":101948,"relics_obtained":[{"floor":9.0,"key":"Whetstone"},{"floor":13.0,"key":"WingedGreaves"},{"floor":20,"key":"Enchiridion"},{"floor":21,"key":"PreservedInsect"},{"floor":26,"key":"Lantern"},{"floor":29,"key":"Anchor"},{"floor":31,"key":"Bag of Marbles"},{"floor":41,"key":"Shovel"},{"floor":43,"key":"Pantograph"},{"floor":44,"key":"Meat on the Bone"},{"floor":45,"key":"Orichalcum"},{"floor":49,"key":"Paper Crane"}],"event_choices":[{"event_name":"Scrap Ooze","player_choice":"success","floor":2.0,"damage_taken":18.0},{"event_name":"Golden Wing","player_choice":"Gained Gold","floor":12.0,"damage_taken":0.0},{"event_name":"Mushrooms","player_choice":"Healed and dodged fight","floor":14.0,"damage_taken":0.0},{"event_name":"Cursed Tome","player_choice":"Obtained Book","floor":20,"damage_taken":0},{"event_name":"WeMeetAgain","player_choice":"Potion","floor":24,"damage_taken":0},{"event_name":"Upgrade Shrine","player_choice":"Upgraded","floor":38,"damage_taken":0},{"event_name":"FaceTrader","player_choice":"Trade","floor":46,"damage_taken":0}],"is_beta":false,"boss_relics":[{"not_picked":["Fusion Hammer","Astrolabe"],"picked":"Lizard Tail"},{"not_picked":["Eternal Feather","Coffee Dripper"],"picked":"Sozu"}],"items_purged_floors":[30,37],"is_endless":false,"potions_floor_spawned":[4,5,13,19,22,27,33,35,36,41,44],"ascension_level":2}