{"gold_per_floor":[115,131,145,165,184,216,216,288,335,367,383,383,61,71,71,142,142,153,172,182,197,30,55,55,90,90,90,149,149,149,169,169,244,244,260,107,120,134,188,217,217,247,317,40,40,40,40,56,56,56],"floor_reached":51,"playtime":3748,"items_purged":["Strike_G","Defend_G"],"score":1297,"play_id":"a928ea73-cb00-4493-825d-5336333caa9a","local_time":"20180726115711","is_ascension_mode":true,"campfire_choices":[{"data":"Glass Knife","floor":7.0,"key":"SMITH"},{"data":"Neutralize","floor":15.0,"key":"SMITH"},{"floor":24.0,"key":"REST"},{"data":"Cloak And Dagger","floor":27.0,"key":"SMITH"},{"floor":32.0,"key":"REST"},{"data":"After Image","floor":41,"key":"SMITH"},{"floor":47,"key":"REST"},{"data":"Cloak And Dagger","floor":49,"key":"SMITH"}],"neow_cost":"NONE","seed_source_timestamp":0,"circlet_count":0,"master_deck":["Defend_G","Defend_G","Defend_G","Defend_G","Strike_G","Strike_G","Strike_G","Survivor","Neutralize+1","AscendersBane","Glass Knife+1","Cloak And Dagger+1","Backstab","Cloak And Dagger+1","Die Die Die+1","Terror+1","Cloak And Dagger+1","Doppelganger+1","Sucker Punch+1","Escape Plan+1","Malaise+1","Dash+1","Acrobatics+1","Finisher+1","Dodge and Roll+1","After Image+1","Cloak And Dagger+1","Leg Sweep+1","PiercingWail+1","Backflip+1","Glass Knife+1","Cloak And Dagger+1","Backflip+1"],"special_seed":0,"relics":["Ring of the Snake","The Courier","Orichalcum","Molten Egg 2","Toxic Egg 2","Sozu","Juzu Bracelet","Letter Opener","Ninja Scroll","Tiny Chest","WristBlade","Prayer Wheel","Paper Crane","Omamori","Question Card","Shuriken"],"potions_floor_usage":[],"damage_taken":[{"damage":0.0,"enemies":"Small Slimes","floor":1.0,"turns":4.0},{"damage":0.0,"enemies":"Jaw Worm","floor":2.0,"turns":3.0},{"damage":0.0,"enemies":"Cultist","floor":3.0,"turns":2.0},{"damage":8.0,"enemies":"Exordium Thugs","floor":4.0,"turns":7.0},{"damage":4.0,"enemies":"Red Slaver","floor":5.0,"turns":3.0},{"damage":5.0,"enemies":"3 Sentries","floor":6.0,"turns":12.0},{"damage":10.0,"enemies":"Gremlin Nob","floor":10.0,"turns":3.0},{"damage":0.0,"enemies":"3 Louse","floor":11.0,"turns":1.0},{"damage":0.0,"enemies":"Large Slime","floor":14.0,"turns":4.0},{"damage":12.0,"enemies":"The Guardian","floor":16.0,"turns":10.0},{"damage":0.0,"enemies":"Spheric Guardian","floor":18.0,"turns":3.0},{"damage":4.0,"enemies":"Shell Parasite","floor":19.0,"turns":3.0},{"damage":13.0,"enemies":"Snake Plant","floor":20.0,"turns":3.0},{"damage":0.0,"enemies":"Cultist and Chosen","floor":21.0,"turns":4.0},{"damage":1.0,"enemies":"Gremlin Leader","floor":23.0,"turns":6.0},{"damage":12.0,"enemies":"Slavers","floor":25.0,"turns":7.0},{"damage":5.0,"enemies":"Gremlin Leader","floor":28.0,"turns":7.0},{"damage":0.0,"enemies":"Centurion and Healer","floor":31.0,"turns":3.0},{"damage":44.0,"enemies":"Collector","floor":33.0,"turns":13.0},{"damage":1.0,"enemies":"Orb Walker","floor":35.0,"turns":3.0},{"damage":0,"enemies":"Flame Bruiser 1 Orb","floor":37,"turns":3},{"damage":0,"enemies":"4 Shapes","floor":38,"turns":3},{"damage":0,"floor":39,"turns":5},{"damage":7,"enemies":"Giant Head","floor":40,"turns":4},{"damage":12,"enemies":"2 Orb Walkers","floor":42,"turns":5},{"damage":0,"enemies":"3 Darklings","floor":48,"turns":3},{"damage":25,"enemies":"Awakened One","floor":50,"turns":14}],"seed_played":"5426475439979740704","potions_obtained":[{"floor":4.0,"key":"SkillPotion"},{"floor":5.0,"key":"Strength Potion"},{"floor":10.0,"key":"Dexterity Potion"}],"is_trial":false,"path_per_floor":["M","M","M","M","M","E","R","?","T","E","M","?","$","M","R","B",null,"M","M","M","M","$","E","R","E","T","R","E","?","$","M","R","B",null,"M","$","M","M","?","E","R","E","T","$","?","$","R","M","R","B"],"character_chosen":"THE_SILENT","items_purchased":["Toxic Egg 2","Terror+1","Malaise+1","Dash+1","Leg Sweep+1","PiercingWail+1","Shuriken","Cloak And Dagger+1","Backflip+1"],"campfire_rested":3,"item_purchase_floors":[13,13,22,22,36,36,44,44,44],"current_hp_per_floor":[59,59,59,51,47,42,42,42,42,32,32,32,32,32,32,20,55,55,51,38,38,38,37,56,44,44,44,39,39,39,39,58,14,53,52,52,52,52,52,45,45,33,33,33,46,46,65,65,65,40],"gold":56,"neow_bonus":"TRANSFORM_CARD","is_prod":false,"is_daily":false,"chose_seed":false,"campfire_upgraded":5,"win_rate":0,"timestamp":1532631431,"path_taken":["M","M","M","M","M","E","R","?","T","E","M","?","$","M","R","BOSS","M","M","M","M","$","E","R","E","T","R","E","?","$","M","R","BOSS","M","$","M","M","?","E","R","E","T","$","?","$","R","M","R","BOSS"],"build_version":"2018-07-19v2","purchased_purges":2,"victory":true,"max_hp_per_floor":[66,66,66,66,66,66,66,66,66,66,66,66,66,66,66,66,66,66,66,66,66,66,66,66,66,66,66,66,66,66,66,66,66,66,66,66,66,66,66,66,66,66,66,66,66,66,66,66,66,66],"card_choices":[{"not_picked":["Deflect","PiercingWail"],"picked":"Cloak And Dagger","floor":1.0},{"not_picked":["Blur","All Out Attack"],"picked":"Backstab","floor":2.0},{"not_picked":["Deadly Poison","Bane","Catalyst"],"picked":"SKIP","floor":3.0},{"not_picked":["Slice","Bane"],"picked":"Cloak And Dagger","floor":4.0},{"not_picked":["Tactician","Cloak And Dagger","Storm of Steel"],"picked":"SKIP","floor":5.0},{"not_picked":["Expertise","PiercingWail","Backflip"],"picked":"SKIP","floor":6.0},{"not_picked":["Dagger Throw","Eviscerate"],"picked":"Die Die Die","floor":10.0},{"not_picked":["Dagger Throw+1","Deflect","Calculated Gamble"],"picked":"SKIP","floor":11.0},{"not_picked":["Dagger Throw+1","Deflect","Calculated Gamble"],"picked":"SKIP","floor":11.0},{"not_picked":["Dodge and Roll+1","Underhanded Strike+1"],"picked":"Cloak And Dagger+1","floor":14.0},{"not_picked":["Grand Finale+1","Wraith Form v2"],"picked":"Doppelganger+1","floor":16.0},{"not_picked":["Dodge and Roll+1","Dagger Throw+1"],"picked":"Sucker Punch+1","floor":18.0},{"not_picked":["Flying Knee+1","Deflect+1","Endless Agony+1"],"picked":"SKIP","floor":19.0},{"not_picked":["Endless Agony+1","Dagger Throw+1"],"picked":"Escape Plan+1","floor":20.0},{"not_picked":["Masterful Stab+1","Escape Plan+1","Deadly Poison+1"],"picked":"SKIP","floor":21.0},{"not_picked":["Underhanded Strike+1","Infinite Blades","Dagger Throw+1"],"picked":"SKIP","floor":23.0},{"not_picked":["Endless Agony+1","Grand Finale+1"],"picked":"Acrobatics+1","floor":25.0},{"not_picked":["Outmaneuver+1","Malaise+1"],"picked":"Finisher+1","floor":28.0},{"not_picked":["Deadly Poison+1","Slice+1"],"picked":"Dodge and Roll+1","floor":31.0},{"not_picked":["Burst+1","Storm of Steel+1"],"picked":"After Image","floor":33.0},{"not_picked":["Outmaneuver+1","Acrobatics+1"],"picked":"Cloak And Dagger+1","floor":35.0},{"not_picked":["Poisoned Stab+1","Well Laid Plans+1","Deadly Poison+1"],"picked":"SKIP","floor":37},{"not_picked":["Deflect+1","Flying Knee+1","Infinite Blades"],"picked":"SKIP","floor":38},{"not_picked":["Dash+1","Underhanded Strike+1"],"picked":"Backflip+1","floor":39},{"not_picked":["Prepared+1","PiercingWail+1"],"picked":"Glass Knife+1","floor":40},{"not_picked":["Bane+1","Glass Knife+1","Concentrate+1"],"picked":"SKIP","floor":42},{"not_picked":["Calculated Gamble+1","Flying Knee+1","Underhanded Strike+1","PiercingWail+1"],"picked":"SKIP","floor":48},{"not_picked":["Setup+1","Calculated Gamble+1","Quick Slash+1","Dodge and Roll+1"],"picked":"SKIP","floor":48}],"player_experience":898640,"relics_obtained":[{"floor":6.0,"key":"The Courier"},{"floor":9.0,"key":"Orichalcum"},{"floor":10.0,"key":"Molten Egg 2"},{"floor":23.0,"key":"Juzu Bracelet"},{"floor":25.0,"key":"Letter Opener"},{"floor":26.0,"key":"Ninja Scroll"},{"floor":28.0,"key":"Tiny Chest"},{"floor":39,"key":"Prayer Wheel"},{"floor":40,"key":"Paper Crane"},{"floor":42,"key":"Omamori"},{"floor":43,"key":"Question Card"}],"event_choices":[{"event_name":"Golden Wing","player_choice":"Gained Gold","floor":8.0,"damage_taken":0.0},{"event_name":"Shining Light","player_choice":"Ignored","floor":12.0,"damage_taken":0.0},{"event_name":"The Lab","player_choice":"Got Potions","floor":29.0,"damage_taken":0.0},{"event_name":"Mysterious Sphere","player_choice":"Fight","floor":39,"damage_taken":0},{"event_name":"Winding Halls","player_choice":"Writhe","floor":45,"damage_taken":0}],"is_beta":false,"boss_relics":[{"not_picked":["Lizard Tail","Runic Pyramid"],"picked":"Sozu"},{"not_picked":["Cursed Key","Pandora\u0027s Box"],"picked":"WristBlade"}],"items_purged_floors":[13,36],"is_endless":false,"potions_floor_spawned":[4,5,10,20,21,25,33,35,38,39,42,48],"ascension_level":15}