{"gold_per_floor":[111,111,111,111,123,123,148,158,158,186,186,197,217,68,68,166,166,181,44,0,14,14,14,14],"floor_reached":24,"playtime":896,"items_purged":["Strike_B","Normality"],"score":254,"play_id":"c4071bf4-62f3-42ca-a8aa-679778894f2b","local_time":"25611110141450","is_ascension_mode":true,"campfire_choices":[{"data":"Zap","floor":6.0,"key":"SMITH"},{"floor":11.0,"key":"REST"},{"data":"Loop","floor":15.0,"key":"SMITH"},{"data":"Hyperbeam","floor":23,"key":"SMITH"}],"neow_cost":"NONE","seed_source_timestamp":8949471621650,"circlet_count":0,"master_deck":["Strike_B","Defend_B","Defend_B+1","Defend_B+1","Defend_B","Zap+1","Dualcast","Ball Lightning","Loop+1","Amplify","Leap","Glacier","Ball Lightning","All For One","Decay","Parasite","Defragment","Hello World","Hyperbeam+1","Steam Power"],"special_seed":0,"relics":["Cracked Core","Pantograph","Spirit Poop","Art of War","Orichalcum","Du-Vu Doll","Calling Bell","Pen Nib","Sundial","Thread and Needle"],"potions_floor_usage":[24],"damage_taken":[{"damage":0.0,"enemies":"2 Louse","floor":1.0,"turns":2.0},{"damage":0.0,"enemies":"Small Slimes","floor":5.0,"turns":3.0},{"damage":8.0,"enemies":"3 Sentries","floor":7.0,"turns":6.0},{"damage":0.0,"enemies":"Cultist","floor":8.0,"turns":2.0},{"damage":7.0,"enemies":"Lagavulin","floor":10.0,"turns":4.0},{"damage":5.0,"enemies":"2 Fungi Beasts","floor":12.0,"turns":3.0},{"damage":0.0,"enemies":"Blue Slaver","floor":13.0,"turns":4.0},{"damage":9.0,"enemies":"Slime Boss","floor":16.0,"turns":6.0},{"damage":10.0,"enemies":"Spheric Guardian","floor":18.0,"turns":4.0},{"damage":7,"enemies":"2 Thieves","floor":21,"turns":4},{"damage":52,"enemies":"Book of Stabbing","floor":24,"turns":5}],"seed_played":"5093547827169538989","potions_obtained":[{"floor":0.0,"key":"SmokeBomb"},{"floor":0.0,"key":"EssenceOfSteel"},{"floor":0.0,"key":"Poison Potion"},{"floor":1.0,"key":"Poison Potion"},{"floor":21,"key":"SpeedPotion"}],"is_trial":false,"path_per_floor":["M","?","?","?","M","R","E","M","T","E","R","M","M","$","R","B",null,"M","$","?","M","?","R","E"],"character_chosen":"DEFECT","items_purchased":["FocusPotion","Hello World"],"campfire_rested":1,"item_purchase_floors":[14,19],"current_hp_per_floor":[75,60,60,60,60,60,52,52,52,45,67,62,62,62,62,66,73,63,63,63,56,56,56,4],"gold":14,"neow_bonus":"THREE_SMALL_POTIONS","is_prod":false,"is_daily":false,"chose_seed":false,"campfire_upgraded":3,"win_rate":0,"timestamp":1541834090,"path_taken":["M","?","?","?","M","R","E","M","T","E","R","M","M","$","R","BOSS","M","$","?","M","?","R","E"],"build_version":"2018-11-08","purchased_purges":2,"victory":false,"max_hp_per_floor":[75,75,75,75,75,75,75,75,75,75,75,75,75,75,75,75,75,75,75,75,75,75,75,75],"card_choices":[{"not_picked":["Compile Driver","Hologram","Redo"],"picked":"SKIP","floor":1.0},{"not_picked":["Barrage","Coolheaded"],"picked":"Ball Lightning","floor":5.0},{"not_picked":["Compile Driver","Conserve Battery"],"picked":"Loop","floor":7.0},{"not_picked":["Compile Driver","Aggregate"],"picked":"Amplify","floor":8.0},{"not_picked":["Stack","Coolheaded"],"picked":"Leap","floor":10.0},{"not_picked":["Beam Cell","Steam Power"],"picked":"Glacier","floor":12.0},{"not_picked":["Streamline","Coolheaded"],"picked":"Ball Lightning","floor":13.0},{"not_picked":["Multi-Cast","Amplify"],"picked":"All For One","floor":16.0},{"not_picked":["Double Energy","Barrage"],"picked":"Defragment","floor":18.0},{"not_picked":["Streamline","Hologram","Undo"],"picked":"SKIP","floor":21}],"player_experience":101593,"relics_obtained":[{"floor":7.0,"key":"Art of War"},{"floor":9.0,"key":"Orichalcum"},{"floor":10.0,"key":"Du-Vu Doll"},{"floor":17.0,"key":"Pen Nib"},{"floor":17.0,"key":"Sundial"},{"floor":17.0,"key":"Thread and Needle"}],"event_choices":[{"damage_healed":0.0,"max_hp_gain":0.0,"max_hp_loss":0.0,"gold_gain":0.0,"event_name":"Shining Light","player_choice":"Entered Light","floor":2.0,"gold_loss":0.0,"damage_taken":15.0,"cards_upgraded":["Defend_B","Defend_B"]},{"damage_healed":0.0,"max_hp_gain":0.0,"max_hp_loss":0.0,"gold_gain":0.0,"event_name":"Big Fish","player_choice":"Box","floor":3.0,"gold_loss":0.0,"damage_taken":0.0,"relics_obtained":["Pantograph"],"cards_obtained":["Regret"]},{"cards_removed":["Regret"],"damage_healed":0.0,"max_hp_gain":0.0,"max_hp_loss":0.0,"gold_gain":0.0,"event_name":"Bonfire Elementals","player_choice":"Offered Curse","floor":4.0,"gold_loss":0.0,"damage_taken":0.0,"relics_obtained":["Spirit Poop"]},{"damage_healed":0,"gold_gain":0,"player_choice":"Paid Fearfully","damage_taken":0,"max_hp_gain":0,"max_hp_loss":0,"event_name":"Masked Bandits","floor":20,"gold_loss":44},{"damage_healed":0,"gold_gain":0,"cards_transformed":["Strike_B","Strike_B"],"player_choice":"Became Test Subject","damage_taken":0,"max_hp_gain":0,"max_hp_loss":0,"event_name":"Drug Dealer","floor":22,"gold_loss":0,"cards_obtained":["Hyperbeam","Steam Power"]}],"is_beta":false,"boss_relics":[{"not_picked":["Empty Cage","Nuclear Battery"],"picked":"Calling Bell"}],"items_purged_floors":[14,19],"is_endless":false,"potions_floor_spawned":[1,5,21],"killed_by":"Book of Stabbing","ascension_level":5}