{"gold_per_floor":[111,124,136,136,152,152,185,185,210,210,245,245,245,279,279,374,374,392,392,409,47,47,47,72,72,145,156,186,203,221,235,235,332,332,346,346,362,378,16,16,43,43,43,59,72,72,127,48,48,48],"floor_reached":51,"playtime":2172,"items_purged":["Defend_B"],"score":998,"play_id":"13e0bb21-07d8-4e1d-9a12-d4f0a131da3f","local_time":"25611124013344","is_ascension_mode":true,"campfire_choices":[{"data":"Cold Snap","floor":6,"key":"SMITH"},{"data":"Zap","floor":8,"key":"SMITH"},{"data":"Ball Lightning","floor":10,"key":"SMITH"},{"data":"Chill","floor":13,"key":"SMITH"},{"floor":15,"key":"REST"},{"data":"Creative AI","floor":23,"key":"SMITH"},{"data":"Defragment","floor":32,"key":"SMITH"},{"data":"Discovery","floor":40,"key":"SMITH"},{"data":"Fission","floor":42,"key":"SMITH"},{"data":"Glacier","floor":49,"key":"SMITH"}],"neow_cost":"NONE","seed_source_timestamp":34510634197803,"circlet_count":0,"master_deck":["Strike_B","Strike_B","Defend_B+1","Defend_B","Zap+1","Dualcast+1","Conserve Battery+1","Cold Snap+1","Leap","Ball Lightning+1","Chill+1","Defragment+1","Creative AI+1","Defragment+1","Coolheaded+1","Consume+1","Glacier+1","Static Discharge+1","Rebound","Hologram+1","Recycle+1","Undo+1","Storm+1","Capacitor+1","Redo+1","Fission+1","Defragment+1","PanicButton","Discovery+1","Sunder+1","Hologram+1","Heatsinks+1","Reprogram+1","Creative AI+1","Stack+1","Self Repair+1","Hologram+1","Static Discharge+1"],"relics":["Eternal Feather","Regal Pillow","Ancient Tea Set","Happy Flower","Orichalcum","Astrolabe","Letter Opener","Frozen Egg 2","Symbiotic Virus","Meat on the Bone","Sozu","Mummified Hand","Oddly Smooth Stone","War Paint","Turnip"],"potions_floor_usage":[7,11,16,24,24,28,41],"damage_taken":[{"damage":5,"enemies":"Small Slimes","floor":1,"turns":5},{"damage":2,"enemies":"Jaw Worm","floor":2,"turns":4},{"damage":1,"enemies":"2 Louse","floor":3,"turns":3},{"damage":0,"enemies":"2 Fungi Beasts","floor":5,"turns":3},{"damage":20,"enemies":"Gremlin Nob","floor":7,"turns":5},{"damage":6,"enemies":"3 Sentries","floor":11,"turns":6},{"damage":16,"enemies":"Lagavulin","floor":14,"turns":6},{"damage":11,"enemies":"Slime Boss","floor":16,"turns":7},{"damage":12,"enemies":"Shell Parasite","floor":18,"turns":5},{"damage":8,"enemies":"Spheric Guardian","floor":20,"turns":6},{"damage":17,"enemies":"Gremlin Leader","floor":24,"turns":7},{"damage":13,"enemies":"Snake Plant","floor":27,"turns":4},{"damage":0,"enemies":"Slavers","floor":28,"turns":4},{"damage":22,"enemies":"3 Cultists","floor":29,"turns":4},{"damage":3,"enemies":"Snecko","floor":30,"turns":6},{"damage":1,"enemies":"Cultist and Chosen","floor":31,"turns":4},{"damage":4,"enemies":"Champ","floor":33,"turns":7},{"damage":12,"enemies":"3 Darklings","floor":35,"turns":4},{"damage":1,"enemies":"Orb Walker","floor":37,"turns":3},{"damage":22,"enemies":"Spire Growth","floor":38,"turns":4},{"damage":34,"enemies":"Nemesis","floor":41,"turns":5},{"damage":10,"enemies":"Sphere and 2 Shapes","floor":44,"turns":4},{"damage":0,"enemies":"Maw","floor":45,"turns":4},{"damage":14,"enemies":"2 Orb Walkers","floor":47,"turns":3},{"damage":69,"enemies":"Time Eater","floor":50,"turns":7}],"seed_played":"7686299894743335740","potions_obtained":[{"floor":1,"key":"Poison Potion"},{"floor":5,"key":"Energy Potion"},{"floor":14,"key":"GamblersBrew"},{"floor":16,"key":"Fire Potion"},{"floor":20,"key":"PowerPotion"},{"floor":24,"key":"Fire Potion"},{"floor":27,"key":"PowerPotion"},{"floor":33,"key":"PowerPotion"}],"is_trial":false,"path_per_floor":["M","M","M","?","M","R","E","R","T","R","E","?","R","E","R","B",null,"M","?","M","$","?","R","E","?","T","M","E","M","M","M","R","B",null,"M","?","M","M","$","R","E","R","T","M","M","?","?","$","R","B",null],"character_chosen":"DEFECT","items_purchased":["Letter Opener","Rebound","Mummified Hand","Heatsinks+1","Reprogram","Static Discharge+1"],"campfire_rested":1,"item_purchase_floors":[21,21,39,39,39,48],"current_hp_per_floor":[63,61,60,45,45,51,31,40,40,49,43,43,52,36,75,64,72,60,60,52,52,52,64,47,72,72,59,59,49,46,45,60,56,70,58,53,52,42,42,60,38,59,59,49,49,49,57,57,75,28],"gold":48,"neow_bonus":"BOSS_RELIC","is_prod":false,"is_daily":false,"chose_seed":false,"campfire_upgraded":9,"win_rate":0,"timestamp":1542998024,"path_taken":["M","M","M","?","M","R","E","R","T","R","E","?","R","E","R","BOSS","M","?","M","$","?","R","E","?","T","M","E","M","M","M","R","BOSS","M","?","M","M","$","R","E","R","T","M","M","?","?","$","R","BOSS"],"build_version":"2018-11-15","purchased_purges":1,"victory":true,"max_hp_per_floor":[75,75,75,75,75,75,75,75,75,75,75,75,75,75,75,75,75,75,75,75,75,75,75,75,75,75,75,75,75,75,75,75,75,75,75,75,75,75,75,75,75,75,75,75,75,75,75,75,75,75],"card_choices":[{"not_picked":["Scrape","Rebound"],"picked":"Conserve Battery","floor":1},{"not_picked":["Conserve Battery","Blizzard"],"picked":"Sweeping Beam","floor":2},{"not_picked":["Reboot","Beam Cell"],"picked":"Cold Snap","floor":3},{"not_picked":["Beam Cell","Coolheaded"],"picked":"Leap","floor":5},{"not_picked":["Streamline","Multi-Cast"],"picked":"Ball Lightning","floor":7},{"not_picked":["Streamline","Turbo"],"picked":"Chill","floor":11},{"not_picked":["Leap","Coolheaded"],"picked":"Defragment","floor":14},{"not_picked":["Hyperbeam","All For One"],"picked":"Creative AI","floor":16},{"not_picked":["Rebound+1","Cold Snap"],"picked":"Glacier","floor":18},{"not_picked":["Rip and Tear","Glacier"],"picked":"Static Discharge+1","floor":20},{"not_picked":["Ball Lightning","Steam"],"picked":"Hologram+1","floor":24},{"not_picked":["Chaos","Cold Snap"],"picked":"Recycle+1","floor":27},{"not_picked":["Defragment+1","Barrage"],"picked":"Undo+1","floor":28},{"not_picked":["Compile Driver","Go for the Eyes"],"picked":"Storm+1","floor":29},{"not_picked":["Ball Lightning","Chill+1"],"picked":"Capacitor+1","floor":30},{"not_picked":["Consume","Lockon"],"picked":"Redo+1","floor":31},{"not_picked":["Creative AI+1","Thunder Strike"],"picked":"Fission","floor":33},{"not_picked":["Streamline","Glacier+1"],"picked":"Defragment+1","floor":35},{"not_picked":["Flash of Steel","Impatience"],"picked":"PanicButton","floor":36},{"not_picked":["Thinking Ahead","Flash of Steel"],"picked":"Discovery","floor":36},{"not_picked":["Rebound","Doom and Gloom"],"picked":"Sunder+1","floor":37},{"not_picked":["Sunder+1","BootSequence"],"picked":"Hologram+1","floor":38},{"not_picked":["Beam Cell+1","Blizzard"],"picked":"Creative AI+1","floor":41},{"not_picked":["Sweeping Beam+1","Go for the Eyes+1"],"picked":"Stack+1","floor":44},{"not_picked":["Go for the Eyes","Heatsinks+1"],"picked":"Self Repair+1","floor":45},{"not_picked":["Doom and Gloom+1","Chill"],"picked":"Hologram+1","floor":47}],"player_experience":172718,"relics_obtained":[{"floor":7,"key":"Regal Pillow"},{"floor":9,"key":"Ancient Tea Set"},{"floor":11,"key":"Happy Flower"},{"floor":14,"key":"Orichalcum"},{"floor":24,"key":"Frozen Egg 2"},{"floor":26,"key":"Symbiotic Virus"},{"floor":28,"key":"Meat on the Bone"},{"floor":41,"key":"Oddly Smooth Stone"},{"floor":43,"key":"War Paint"},{"floor":47,"key":"Turnip"}],"event_choices":[{"damage_healed":0,"gold_gain":0,"player_choice":"Entered Light","damage_taken":15,"max_hp_gain":0,"max_hp_loss":0,"event_name":"Shining Light","floor":4,"gold_loss":0,"cards_upgraded":["Dualcast","Defend_B"]},{"damage_healed":0,"gold_gain":0,"player_choice":"Ignored","damage_taken":0,"max_hp_gain":0,"max_hp_loss":0,"event_name":"Liars Game","floor":12,"gold_loss":0},{"damage_healed":0,"gold_gain":0,"player_choice":"Ignored","damage_taken":0,"max_hp_gain":0,"max_hp_loss":0,"event_name":"Vampires","floor":19,"gold_loss":0},{"damage_healed":0,"gold_gain":0,"player_choice":"Ignored","damage_taken":0,"max_hp_gain":0,"max_hp_loss":0,"event_name":"Ghosts","floor":22,"gold_loss":0},{"damage_healed":25,"gold_gain":0,"player_choice":"Heal","damage_taken":0,"max_hp_gain":0,"max_hp_loss":0,"event_name":"The Library","floor":25,"gold_loss":0},{"damage_healed":0,"gold_gain":0,"player_choice":"Memory 2","damage_taken":5,"max_hp_gain":0,"max_hp_loss":0,"event_name":"SensoryStone","floor":36,"gold_loss":0},{"cards_removed":["Sweeping Beam"],"damage_healed":0,"gold_gain":0,"player_choice":"Removed Attack","damage_taken":0,"max_hp_gain":0,"max_hp_loss":0,"event_name":"Falling","floor":46,"gold_loss":0},{"damage_healed":0,"gold_gain":0,"player_choice":"Fight","damage_taken":0,"max_hp_gain":0,"max_hp_loss":0,"event_name":"Mysterious Sphere","floor":47,"gold_loss":0}],"is_beta":false,"boss_relics":[{"not_picked":["Busted Crown","Coffee Dripper"],"picked":"Astrolabe"},{"not_picked":["Calling Bell","Black Star"],"picked":"Sozu"}],"items_purged_floors":[21],"is_endless":false,"potions_floor_spawned":[1,5,14,16,20,24,27,33,37,41,45],"ascension_level":6}