{"gold_per_floor":[118,118,129,142,142,142,177,48,48,48,61,61],"floor_reached":12,"playtime":440,"items_purged":["Strike_R"],"score":152,"play_id":"f9572728-2c1e-4ced-99d0-aca914772a0e","local_time":"20190505201704","is_ascension_mode":true,"campfire_choices":[{"data":"Demon Form","floor":6,"key":"SMITH"},{"data":"Heavy Blade","floor":10,"key":"SMITH"}],"neow_cost":"PERCENT_DAMAGE","seed_source_timestamp":0,"circlet_count":0,"master_deck":["AscendersBane","Strike_R","Strike_R","Strike_R","Defend_R","Defend_R","Defend_R","Defend_R","Bash","Pommel Strike","Demon Form+1","Immolate","Heavy Blade+1"],"special_seed":0,"relics":["Burning Blood","Pantograph","Bottled Tornado"],"potions_floor_usage":[12,12],"damage_taken":[{"damage":16.0,"enemies":"Jaw Worm","floor":1.0,"turns":5.0},{"damage":1.0,"enemies":"Cultist","floor":3.0,"turns":3.0},{"damage":7.0,"enemies":"Small Slimes","floor":4.0,"turns":4.0},{"damage":45,"enemies":"3 Sentries","floor":7,"turns":9},{"damage":7,"enemies":"Looter","floor":11,"turns":3},{"damage":20,"enemies":"Gremlin Gang","floor":12,"turns":1}],"seed_played":"-4347195703434059405","potions_obtained":[{"floor":3.0,"key":"LiquidBronze"},{"floor":7,"key":"LiquidBronze"}],"is_trial":false,"path_per_floor":["M","?","M","M","?","R","E","$","T","R","M","M"],"character_chosen":"IRONCLAD","items_purchased":["Heavy Blade"],"campfire_rested":0,"item_purchase_floors":[8],"current_hp_per_floor":[54,54,59,58,58,58,19,19,19,19,18,0],"gold":61,"neow_bonus":"TWENTY_PERCENT_HP_BONUS","is_prod":false,"is_daily":false,"chose_seed":false,"campfire_upgraded":2,"win_rate":0,"timestamp":1557076624,"path_taken":["M","?","?","M","?","R","E","$","T","R","?","M"],"build_version":"2019-01-23","purchased_purges":1,"victory":false,"max_hp_per_floor":[89,89,89,89,89,89,89,89,89,89,89,89],"card_choices":[{"not_picked":["Clothesline","Perfected Strike"],"picked":"Pommel Strike","floor":1.0},{"not_picked":["Sentinel","Reckless Charge","Flex"],"picked":"SKIP","floor":3.0},{"not_picked":["Corruption","Thunderclap","Rupture"],"picked":"SKIP","floor":4.0},{"not_picked":["Carnage","Twin Strike"],"picked":"Immolate","floor":7},{"not_picked":["Dual Wield","Clothesline","Perfected Strike"],"picked":"SKIP","floor":11}],"player_experience":375791,"relics_obtained":[{"floor":7,"key":"Pantograph"},{"floor":9,"key":"Bottled Tornado"}],"event_choices":[{"cards_removed":["Strike_R"],"damage_healed":0.0,"max_hp_gain":0.0,"max_hp_loss":0.0,"gold_gain":0.0,"event_name":"Bonfire Elementals","player_choice":"Offered Basic","floor":2.0,"gold_loss":0.0,"damage_taken":0.0},{"damage_healed":0,"gold_gain":0,"player_choice":"1 cards matched","damage_taken":0,"max_hp_gain":0,"max_hp_loss":0,"event_name":"Match and Keep!","floor":5,"gold_loss":0,"cards_obtained":["Demon Form"]}],"is_beta":false,"boss_relics":[],"items_purged_floors":[8],"is_endless":false,"potions_floor_spawned":[3,7],"killed_by":"Gremlin Gang","ascension_level":19}