{"gold_per_floor":[119,133,153,169,244,244,278,278,278,309,327,354,404,423,423,500,500,517,373,140,154,154,154,179,229,284,284,311,327,80,97,97,175,175,193,293,293,109,129,162,162,162,189,189,224,235,265,279,279,279,279,279,21,49,49],"floor_reached":55,"playtime":3048,"items_purged":["Strike_R","Strike_R"],"score":1867,"play_id":"6a0ab8c6-5f04-4288-b941-83e61d723c4d","local_time":"20190131133821","is_ascension_mode":true,"campfire_choices":[{"data":"Bash","floor":6,"key":"SMITH"},{"data":"Spot Weakness","floor":8,"key":"SMITH"},{"data":"True Grit","floor":15,"key":"SMITH"},{"data":"Ghostly","floor":23,"key":"SMITH"},{"data":"Ghostly","floor":27,"key":"SMITH"},{"data":"Ghostly","floor":32,"key":"SMITH"},{"data":"Feel No Pain","floor":41,"key":"SMITH"},{"data":"True Grit","floor":44,"key":"SMITH"},{"floor":49,"key":"RECALL"},{"data":"True Grit","floor":52,"key":"SMITH"}],"neow_cost":"TEN_PERCENT_HP_LOSS","seed_source_timestamp":17898460034446,"circlet_count":0,"master_deck":["AscendersBane","Strike_R","Strike_R","Defend_R","Defend_R","Defend_R","Defend_R","Bash+1","Offering","Anger","Spot Weakness+1","Pummel","Cleave","Spot Weakness","Second Wind","Shrug It Off","Seeing Red+1","True Grit+1","Exhume","Shockwave","Shrug It Off","Battle Trance+1","Entrench+1","Ghostly+1","Ghostly+1","Ghostly+1","True Grit+1","Armaments+1","True Grit+1","Spot Weakness+1","Clothesline+1","Feel No Pain+1","Sentinel","Havoc","Havoc+1","Body Slam","Feel No Pain+1","Feel No Pain"],"relics":["Burning Blood","Mango","Torii","Dead Branch","Magic Flower","Busted Crown","Question Card","Red Skull","Peace Pipe","Medical Kit","Mark of Pain","FossilizedHelix","Vajra","Bag of Preparation","War Paint","OrangePellets","Blood Vial"],"potions_floor_usage":[12,12,28,29,33,50,55],"damage_taken":[{"damage":8,"enemies":"Jaw Worm","floor":1,"turns":3},{"damage":13,"enemies":"Small Slimes","floor":2,"turns":3},{"damage":6,"enemies":"Cultist","floor":3,"turns":2},{"damage":3,"enemies":"Blue Slaver","floor":4,"turns":3},{"damage":21,"enemies":"Gremlin Nob","floor":7,"turns":3},{"damage":21,"enemies":"Lagavulin","floor":10,"turns":3},{"damage":6,"enemies":"3 Louse","floor":11,"turns":2},{"damage":3,"enemies":"3 Sentries","floor":12,"turns":4},{"damage":14,"enemies":"Red Slaver","floor":14,"turns":2},{"damage":12,"enemies":"Slime Boss","floor":16,"turns":4},{"damage":12,"enemies":"Chosen","floor":18,"turns":4},{"damage":22,"enemies":"2 Thieves","floor":21,"turns":4},{"damage":4,"enemies":"Book of Stabbing","floor":24,"turns":5},{"damage":5,"enemies":"Slavers","floor":28,"turns":3},{"damage":13,"enemies":"Centurion and Healer","floor":29,"turns":4},{"damage":6,"enemies":"Chosen and Byrds","floor":31,"turns":3},{"damage":2,"enemies":"Collector","floor":33,"turns":15},{"damage":2,"enemies":"3 Darklings","floor":35,"turns":5},{"damage":7,"enemies":"Mind Bloom Boss Battle","floor":36,"turns":6},{"damage":0,"enemies":"Orb Walker","floor":39,"turns":3},{"damage":7,"enemies":"Nemesis","floor":40,"turns":17},{"damage":6,"enemies":"Reptomancer","floor":45,"turns":6},{"damage":0,"enemies":"3 Darklings","floor":46,"turns":4},{"damage":8,"enemies":"Nemesis","floor":47,"turns":9},{"damage":0,"enemies":"Sphere and 2 Shapes","floor":48,"turns":3},{"damage":6,"enemies":"Time Eater","floor":50,"turns":10},{"damage":1,"enemies":"Shield and Spear","floor":54,"turns":5},{"damage":42,"enemies":"The Heart","floor":55,"turns":8}],"seed_played":"7770528143091135404","potions_obtained":[{"floor":3,"key":"Explosive Potion"},{"floor":11,"key":"Strength Potion"},{"floor":12,"key":"EssenceOfSteel"},{"floor":16,"key":"AttackPotion"},{"floor":28,"key":"BloodPotion"},{"floor":29,"key":"Ancient Potion"},{"floor":33,"key":"Weak Potion"},{"floor":39,"key":"Dexterity Potion"}],"is_trial":false,"path_per_floor":["M","M","M","M","?","R","E","R","T","E","M","E","?","M","R","B",null,"M","$","$","M","?","R","E","?","T","R","E","M","$","M","R","B",null,"M","?","?","$","M","E","R","?","T","R","E","M","E","M","R","B",null,"R","$","E","B"],"character_chosen":"IRONCLAD","items_purchased":["Shockwave","Shrug It Off","Battle Trance","Medical Kit","PowerPotion","Feel No Pain","Sentinel","Havoc","OrangePellets","AttackPotion"],"campfire_rested":0,"item_purchase_floors":[19,20,20,30,30,38,38,38,53,53],"current_hp_per_floor":[66,59,59,62,51,51,50,50,50,35,35,38,30,25,25,22,67,64,64,64,51,41,41,41,41,41,41,41,41,41,41,41,41,41,41,41,41,41,41,41,41,41,41,41,41,41,41,41,41,41,41,41,41,41,0],"gold":49,"neow_bonus":"THREE_RARE_CARDS","is_prod":false,"is_daily":false,"chose_seed":false,"campfire_upgraded":9,"win_rate":0,"timestamp":1548970701,"path_taken":["M","M","M","M","?","R","E","R","T","E","M","E","?","M","R","BOSS","M","?","$","M","?","R","E","?","T","R","E","?","$","M","R","BOSS","M","?","?","$","M","E","R","?","T","R","E","M","E","M","R","BOSS","R","$","E","BOSS"],"build_version":"2019-01-23","purchased_purges":2,"victory":false,"max_hp_per_floor":[68,68,68,68,68,68,82,82,82,82,82,82,82,82,82,82,82,82,82,82,82,41,41,41,41,41,41,41,41,41,41,41,41,41,41,41,41,41,41,41,41,41,41,41,41,41,41,41,41,41,41,41,41,41,41],"card_choices":[{"not_picked":["Exhume","Reaper"],"picked":"Offering","floor":0},{"not_picked":["Iron Wave","Whirlwind"],"picked":"Anger","floor":1},{"not_picked":["Headbutt","Searing Blow"],"picked":"Spot Weakness","floor":2},{"not_picked":["Warcry","Cleave"],"picked":"Pummel","floor":3},{"not_picked":["Warcry","Rage"],"picked":"Cleave","floor":4},{"not_picked":["Bludgeon","Cleave"],"picked":"Spot Weakness","floor":7},{"not_picked":["Intimidate","Clothesline"],"picked":"Second Wind","floor":10},{"not_picked":["True Grit","Heavy Blade"],"picked":"Shrug It Off","floor":11},{"not_picked":["Perfected Strike","Wild Strike"],"picked":"Seeing Red","floor":12},{"not_picked":["Thunderclap","Spot Weakness"],"picked":"True Grit","floor":14},{"not_picked":["Feed","Double Tap"],"picked":"Exhume","floor":16},{"not_picked":["Searing Blow+1"],"picked":"SKIP","floor":18},{"not_picked":[],"picked":"Entrench+1","floor":21},{"not_picked":[],"picked":"True Grit","floor":24},{"not_picked":["Heavy Blade"],"picked":"Armaments+1","floor":28},{"not_picked":["Wild Strike","Reckless Charge"],"picked":"SKIP","floor":29},{"not_picked":["Shockwave"],"picked":"True Grit","floor":31},{"not_picked":["Heavy Blade"],"picked":"Spot Weakness+1","floor":35},{"not_picked":["Thunderclap"],"picked":"Clothesline+1","floor":36},{"not_picked":["Entrench+1"],"picked":"Havoc+1","floor":39},{"not_picked":["Perfected Strike","Clash"],"picked":"SKIP","floor":40},{"not_picked":["Headbutt","Twin Strike"],"picked":"SKIP","floor":45},{"not_picked":["Shrug It Off"],"picked":"Body Slam","floor":46},{"not_picked":["Iron Wave+1"],"picked":"Feel No Pain+1","floor":47},{"not_picked":["Perfected Strike+1","Headbutt"],"picked":"SKIP","floor":48},{"not_picked":["Bludgeon"],"picked":"Feel No Pain","floor":54}],"player_experience":2107259,"relics_obtained":[{"floor":7,"key":"Mango"},{"floor":9,"key":"Torii"},{"floor":10,"key":"Dead Branch"},{"floor":12,"key":"Magic Flower"},{"floor":24,"key":"Question Card"},{"floor":26,"key":"Red Skull"},{"floor":28,"key":"Peace Pipe"},{"floor":36,"key":"FossilizedHelix"},{"floor":40,"key":"Vajra"},{"floor":45,"key":"Bag of Preparation"},{"floor":47,"key":"War Paint"},{"floor":54,"key":"Blood Vial"}],"event_choices":[{"damage_healed":0,"gold_gain":75,"player_choice":"Gather Gold","damage_taken":11,"max_hp_gain":0,"max_hp_loss":0,"event_name":"World of Goop","floor":5,"gold_loss":0},{"damage_healed":0,"gold_gain":50,"player_choice":"Touch","damage_taken":8,"max_hp_gain":0,"max_hp_loss":0,"event_name":"FaceTrader","floor":13,"gold_loss":0},{"damage_healed":0,"gold_gain":0,"player_choice":"Became a Ghost","damage_taken":0,"max_hp_gain":0,"max_hp_loss":41,"event_name":"Ghosts","floor":22,"gold_loss":0,"cards_obtained":["Ghostly","Ghostly","Ghostly"]},{"damage_healed":0,"gold_gain":50,"player_choice":"Pray","damage_taken":0,"max_hp_gain":0,"max_hp_loss":0,"event_name":"Golden Shrine","floor":25,"gold_loss":0},{"damage_healed":0,"gold_gain":0,"player_choice":"Fight","damage_taken":0,"max_hp_gain":0,"max_hp_loss":0,"event_name":"MindBloom","floor":36,"gold_loss":0},{"damage_healed":0,"gold_gain":0,"player_choice":"Ignored","damage_taken":0,"max_hp_gain":0,"max_hp_loss":0,"event_name":"Tomb of Lord Red Mask","floor":37,"gold_loss":0},{"cards_removed":["Strike_R"],"damage_healed":0,"gold_gain":0,"player_choice":"Offered Basic","damage_taken":0,"max_hp_gain":0,"max_hp_loss":0,"event_name":"Bonfire Elementals","floor":42,"gold_loss":0}],"is_beta":false,"boss_relics":[{"not_picked":["Lizard Tail","Velvet Choker"],"picked":"Busted Crown"},{"not_picked":["Black Star","Black Blood"],"picked":"Mark of Pain"}],"items_purged_floors":[19,20],"is_endless":false,"potions_floor_spawned":[3,11,12,16,18,28,29,33,36,39,47,48],"killed_by":"The Heart","ascension_level":15}