{"gold_per_floor":[116,129,141,141,66,66,94,94,117,117,142,154,169,169,169,244,244,260,66,80,80,95,95,123,123,149,181,196,196,215,240,240,316,316,327,327,338,8,8,33,33,51,123,123,13,13,13,24,24,24],"floor_reached":51,"playtime":2045,"items_purged":["Strike_R","Strike_R"],"score":1428,"play_id":"cefb7967-d6b1-47ee-a0f9-feb5f320e1bb","local_time":"20190311215348","is_ascension_mode":true,"campfire_choices":[{"data":"Clothesline","floor":6.0,"key":"SMITH"},{"data":"Inflame","floor":8.0,"key":"SMITH"},{"data":"True Grit","floor":10.0,"key":"SMITH"},{"data":"Feel No Pain","floor":15,"key":"SMITH"},{"data":"Uppercut","floor":23,"key":"SMITH"},{"data":"Demon Form","floor":25,"key":"SMITH"},{"floor":29,"key":"REST"},{"floor":32,"key":"REST"},{"data":"Heavy Blade","floor":41,"key":"SMITH"},{"data":"Shrug It Off","floor":44,"key":"SMITH"},{"data":"Evolve","floor":46,"key":"SMITH"},{"data":"Shrug It Off","floor":49,"key":"SMITH"}],"neow_cost":"NONE","seed_source_timestamp":47053887196334,"circlet_count":0,"master_deck":["AscendersBane","Strike_R","Strike_R","Defend_R","Defend_R","Defend_R","Defend_R","Bash+1","Anger","True Grit+1","Clothesline+1","Offering","Feel No Pain+1","Twin Strike","Headbutt","Demon Form+1","Twin Strike","Corruption","Havoc","Shrug It Off","Uppercut+1","Shrug It Off","Barricade+1","Reaper","Pommel Strike+1","Shrug It Off+1","Battle Trance","Dark Shackles","Heavy Blade+1","Shrug It Off+1","Entrench+1","Evolve+1"],"special_seed":0,"relics":["Burning Blood","Blood Vial","Omamori","Pocketwatch","Oddly Smooth Stone","Mark of Pain","Bag of Preparation","Potion Belt","Sundial","Red Mask","Cursed Key","Happy Flower","Toxic Egg 2"],"potions_floor_usage":[16,27,31,50,50,50,50],"damage_taken":[{"damage":13.0,"enemies":"Jaw Worm","floor":1.0,"turns":4.0},{"damage":2.0,"enemies":"2 Louse","floor":2.0,"turns":3.0},{"damage":0.0,"enemies":"Cultist","floor":3.0,"turns":2.0},{"damage":26.0,"enemies":"3 Sentries","floor":7.0,"turns":8.0},{"damage":17,"enemies":"Lagavulin","floor":11,"turns":7},{"damage":6,"enemies":"Exordium Thugs","floor":12,"turns":4},{"damage":15,"enemies":"3 Louse","floor":13,"turns":3},{"damage":16,"enemies":"Slime Boss","floor":16,"turns":6},{"damage":16,"enemies":"Shell Parasite","floor":18,"turns":4},{"damage":2,"enemies":"Chosen","floor":20,"turns":5},{"damage":0,"enemies":"Snecko","floor":22,"turns":5},{"damage":40,"enemies":"Slavers","floor":24,"turns":6},{"damage":20,"enemies":"Gremlin Leader","floor":27,"turns":7},{"damage":11,"enemies":"Snake Plant","floor":28,"turns":5},{"damage":12,"enemies":"Centurion and Healer","floor":30,"turns":5},{"damage":21,"enemies":"Masked Bandits","floor":31,"turns":5},{"damage":48,"enemies":"Collector","floor":33,"turns":8},{"damage":8,"enemies":"3 Shapes","floor":35,"turns":4},{"damage":44,"enemies":"3 Darklings","floor":37,"turns":7},{"damage":0,"enemies":"Giant Head","floor":40,"turns":6},{"damage":9,"enemies":"Maw","floor":42,"turns":7},{"damage":6,"enemies":"Jaw Worm Horde","floor":48,"turns":6},{"damage":6,"enemies":"Time Eater","floor":50,"turns":10}],"seed_played":"8128811850909130978","potions_obtained":[{"floor":1.0,"key":"Explosive Potion"},{"floor":11,"key":"Poison Potion"},{"floor":13,"key":"Fire Potion"},{"floor":16,"key":"GamblersBrew"},{"floor":18,"key":"SpeedPotion"},{"floor":30,"key":"SpeedPotion"},{"floor":31,"key":"Swift Potion"},{"floor":35,"key":"LiquidBronze"}],"is_trial":false,"path_per_floor":["M","M","M","?","$","R","E","R","T","R","E","M","M","?","R","B",null,"M","$","M","?","M","R","E","R","T","E","M","R","M","?","R","B",null,"M","?","M","$","?","E","R","M","T","R","$","R","?","M","R","B",null],"character_chosen":"IRONCLAD","items_purchased":["Offering","Corruption","Havoc","Battle Trance","Dark Shackles","Energy Potion","Heavy Blade","Entrench+1","Evolve"],"campfire_rested":2,"item_purchase_floors":[5,19,19,38,38,38,38,45,45],"current_hp_per_floor":[68,72,78,78,78,78,58,58,58,58,49,51,44,39,39,31,69,61,61,67,67,75,75,43,43,43,31,28,52,48,35,59,19,66,82,82,82,82,82,82,82,82,82,82,82,82,82,82,82,82],"gold":24,"neow_bonus":"TEN_PERCENT_HP_BONUS","is_prod":false,"is_daily":false,"chose_seed":false,"campfire_upgraded":10,"win_rate":0,"timestamp":1552366428,"path_taken":["M","M","M","?","$","R","E","R","T","R","E","M","M","?","R","BOSS","M","$","M","?","M","R","E","R","T","E","M","R","M","?","R","BOSS","M","?","M","$","?","E","R","?","T","R","?","R","?","M","R","BOSS"],"build_version":"2019-01-23","purchased_purges":2,"victory":true,"max_hp_per_floor":[82,82,82,82,82,82,82,82,82,82,82,82,82,82,82,82,82,82,82,82,82,82,82,82,82,82,82,82,82,82,82,82,82,82,82,82,82,82,82,82,82,82,82,82,82,82,82,82,82,82],"card_choices":[{"not_picked":["Corruption","Clash"],"picked":"Anger","floor":1.0},{"not_picked":["Perfected Strike","Anger"],"picked":"True Grit","floor":2.0},{"not_picked":["Entrench","Headbutt"],"picked":"Clothesline","floor":3.0},{"not_picked":["Power Through","Armaments"],"picked":"Inflame","floor":7.0},{"not_picked":["Bloodletting","Combust"],"picked":"Feel No Pain","floor":11},{"not_picked":["Flex","Entrench"],"picked":"Twin Strike","floor":12},{"not_picked":["Clash","Twin Strike"],"picked":"Headbutt","floor":13},{"not_picked":["Offering","Double Tap"],"picked":"Demon Form","floor":16},{"not_picked":["Flex","Warcry"],"picked":"Twin Strike","floor":18},{"not_picked":["Entrench","Clash","Wild Strike"],"picked":"SKIP","floor":20},{"not_picked":["Pommel Strike","Infernal Blade"],"picked":"Uppercut","floor":22},{"not_picked":["Demon Form","Infernal Blade","Seeing Red"],"picked":"SKIP","floor":24},{"not_picked":["Corruption","Perfected Strike+1","Dropkick"],"picked":"SKIP","floor":27},{"not_picked":["Metallicize","Armaments"],"picked":"Shrug It Off","floor":28},{"not_picked":["Body Slam","Perfected Strike+1","Cleave"],"picked":"SKIP","floor":30},{"not_picked":["Clash","Sentinel"],"picked":"Barricade","floor":31},{"not_picked":["Berserk","Dark Embrace"],"picked":"Reaper","floor":33},{"not_picked":["Wild Strike","Rupture+1"],"picked":"Pommel Strike+1","floor":35},{"not_picked":["True Grit","Evolve+1"],"picked":"Shrug It Off","floor":37},{"not_picked":["Perfected Strike","Headbutt"],"picked":"Shrug It Off","floor":40},{"not_picked":["Body Slam","Havoc","Heavy Blade"],"picked":"SKIP","floor":42},{"not_picked":["Carnage","Bloodletting+1","Sword Boomerang"],"picked":"SKIP","floor":48}],"player_experience":2338746,"relics_obtained":[{"floor":7.0,"key":"Blood Vial"},{"floor":9.0,"key":"Omamori"},{"floor":11,"key":"Pocketwatch"},{"floor":24,"key":"Bag of Preparation"},{"floor":26,"key":"Potion Belt"},{"floor":27,"key":"Sundial"},{"floor":31,"key":"Red Mask"},{"floor":40,"key":"Happy Flower"},{"floor":43,"key":"Toxic Egg 2"}],"event_choices":[{"damage_healed":0.0,"max_hp_gain":0.0,"max_hp_loss":0.0,"gold_gain":0.0,"event_name":"Living Wall","player_choice":"Grow","floor":4.0,"gold_loss":0.0,"damage_taken":0.0,"cards_upgraded":["Bash"]},{"damage_healed":0,"gold_gain":0,"player_choice":"Success","damage_taken":5,"relics_obtained":["Oddly Smooth Stone"],"max_hp_gain":0,"max_hp_loss":0,"event_name":"Scrap Ooze","floor":14,"gold_loss":0},{"damage_healed":0,"gold_gain":0,"player_choice":"Read","damage_taken":0,"max_hp_gain":0,"max_hp_loss":0,"event_name":"The Library","floor":21,"gold_loss":0,"cards_obtained":["Shrug It Off"]},{"damage_healed":0,"gold_gain":0,"player_choice":"Fought Bandits","damage_taken":0,"max_hp_gain":0,"max_hp_loss":0,"event_name":"Masked Bandits","floor":31,"gold_loss":0},{"cards_removed":["Inflame"],"damage_healed":0,"gold_gain":0,"player_choice":"Removed Power","damage_taken":0,"max_hp_gain":0,"max_hp_loss":0,"event_name":"Falling","floor":36,"gold_loss":0},{"damage_healed":0,"gold_gain":0,"player_choice":"Upgraded","damage_taken":0,"max_hp_gain":0,"max_hp_loss":0,"event_name":"Upgrade Shrine","floor":39,"gold_loss":0,"cards_upgraded":["Barricade"]},{"cards_removed":["Strike_R"],"damage_healed":0,"gold_gain":0,"player_choice":"Offered Basic","damage_taken":0,"max_hp_gain":0,"max_hp_loss":0,"event_name":"Bonfire Elementals","floor":47,"gold_loss":0}],"is_beta":false,"boss_relics":[{"not_picked":["Pandora\u0027s Box","Lizard Tail"],"picked":"Mark of Pain"},{"not_picked":["Black Blood","Orrery"],"picked":"Cursed Key"}],"items_purged_floors":[19,38],"is_endless":false,"potions_floor_spawned":[1,11,13,16,18,30,31,35],"ascension_level":15}