{"gold_per_floor":[112,112,38,57,73,73,105,105,129,148,178,192,226,239,239,316,316,334,350,450,466,466,499,499,179,179,204,204,23,33,49,49,128,128,141,41,41,55,404,431,447,447,500,500,513,513,538,552,552,552],"floor_reached":51,"playtime":2539,"items_purged":["Strike_G","Strike_G"],"score":1530,"play_id":"e13e4500-9637-45b0-b4d0-d34b9c9c6983","local_time":"20190509100550","is_ascension_mode":true,"campfire_choices":[{"data":"Noxious Fumes","floor":6.0,"key":"SMITH"},{"data":"Neutralize","floor":8.0,"key":"SMITH"},{"data":"Crippling Poison","floor":15,"key":"SMITH"},{"data":"Die Die Die","floor":24,"key":"SMITH"},{"data":"Backflip","floor":28,"key":"SMITH"},{"data":"Glass Knife","floor":32,"key":"SMITH"},{"data":"Cloak And Dagger","floor":42,"key":"SMITH"},{"data":"Cloak And Dagger","floor":46,"key":"SMITH"},{"data":"Backflip","floor":49,"key":"SMITH"}],"neow_cost":"NONE","seed_source_timestamp":6558569203364,"circlet_count":0,"master_deck":["AscendersBane","Defend_G","Defend_G","Defend_G","Defend_G","Defend_G","Strike_G","Survivor","Neutralize+1","Noxious Fumes+1","Leg Sweep","Poisoned Stab","Die Die Die+1","Infinite Blades","Dagger Spray","Adrenaline","Crippling Poison+1","Dodge and Roll","Glass Knife+1","Backflip+1","Footwork+1","Backflip+1","Well Laid Plans+1","Die Die Die","Cloak And Dagger+1","Dodge and Roll+1","Cloak And Dagger+1"],"special_seed":0,"relics":["Ring of the Snake","Mummified Hand","Boot","Anchor","Art of War","Pen Nib","Coffee Dripper","Calipers","Ornamental Fan","Kunai","Frozen Egg 2","Singing Bowl","Ninja Scroll","Empty Cage","Old Coin","Centennial Puzzle","Happy Flower","Sundial"],"potions_floor_usage":[13,20,30,50,50],"damage_taken":[{"damage":0.0,"enemies":"Cultist","floor":1.0,"turns":4.0},{"damage":0.0,"enemies":"Jaw Worm","floor":4.0,"turns":5.0},{"damage":8.0,"enemies":"Small Slimes","floor":5.0,"turns":5.0},{"damage":14.0,"enemies":"Lagavulin","floor":7.0,"turns":8.0},{"damage":0.0,"enemies":"2 Fungi Beasts","floor":10.0,"turns":4.0},{"damage":18.0,"enemies":"Gremlin Nob","floor":11.0,"turns":4.0},{"damage":0.0,"enemies":"Exordium Thugs","floor":12.0,"turns":3.0},{"damage":2,"enemies":"3 Sentries","floor":13,"turns":4},{"damage":0,"enemies":"Red Slaver","floor":14,"turns":3},{"damage":27,"enemies":"Slime Boss","floor":16,"turns":9},{"damage":0,"enemies":"Chosen","floor":18,"turns":4},{"damage":2,"enemies":"2 Thieves","floor":19,"turns":2},{"damage":4,"enemies":"Colosseum Slavers","floor":20,"turns":4},{"damage":0,"enemies":"Colosseum Nobs","floor":20,"turns":3},{"damage":2,"enemies":"Snake Plant","floor":21,"turns":4},{"damage":4,"enemies":"Slavers","floor":23,"turns":4},{"damage":2,"enemies":"Book of Stabbing","floor":27,"turns":6},{"damage":0,"enemies":"3 Cultists","floor":30,"turns":5},{"damage":0,"enemies":"Centurion and Healer","floor":31,"turns":4},{"damage":10,"enemies":"Automaton","floor":33,"turns":11},{"damage":0,"enemies":"3 Shapes","floor":35,"turns":2},{"damage":0,"enemies":"Orb Walker","floor":38,"turns":2},{"damage":0,"enemies":"2 Orb Walkers","floor":39,"turns":5},{"damage":0,"enemies":"Nemesis","floor":40,"turns":7},{"damage":4,"enemies":"Writhing Mass","floor":41,"turns":6},{"damage":0,"enemies":"Sphere and 2 Shapes","floor":45,"turns":4},{"damage":0,"enemies":"Giant Head","floor":47,"turns":9},{"damage":0,"enemies":"Transient","floor":48,"turns":5},{"damage":0,"enemies":"Donu and Deca","floor":50,"turns":11}],"seed_played":"-4601359046132474808","potions_obtained":[{"floor":5.0,"key":"Explosive Potion"},{"floor":7.0,"key":"GamblersBrew"},{"floor":10.0,"key":"Regen Potion"},{"floor":16,"key":"SteroidPotion"},{"floor":20,"key":"Dexterity Potion"},{"floor":21,"key":"FearPotion"},{"floor":31,"key":"Strength Potion"}],"is_trial":false,"path_per_floor":["M","T","$","M","M","R","E","R","T","M","E","M","E","M","R","B",null,"M","M","?","M","?","E","R","$","T","E","R","$","M","M","R","B",null,"M","$","?","M","?","E","M","R","T","?","M","R","E","M","R","B",null],"character_chosen":"THE_SILENT","items_purchased":["Leg Sweep","Frozen Egg 2","Footwork+1","Backflip","Regen Potion"],"campfire_rested":0,"item_purchase_floors":[3,25,29,29,29],"current_hp_per_floor":[65,65,65,65,57,57,43,43,43,43,25,34,32,32,32,5,55,55,53,49,47,47,43,43,43,43,43,43,43,58,60,60,50,70,70,70,72,72,74,74,72,72,72,72,74,74,76,78,78,78],"gold":552,"neow_bonus":"TEN_PERCENT_HP_BONUS","is_prod":false,"is_daily":false,"chose_seed":false,"campfire_upgraded":9,"win_rate":0,"timestamp":1557421550,"path_taken":["M","?","$","M","M","R","E","R","T","?","E","M","E","M","R","BOSS","M","M","?","M","?","E","R","$","T","E","R","$","M","M","R","BOSS","M","$","?","M","?","E","M","R","T","?","M","R","E","?","R","BOSS"],"build_version":"2019-01-23","purchased_purges":2,"victory":true,"max_hp_per_floor":[72,72,72,72,72,72,72,72,72,72,72,72,72,72,72,72,72,72,72,72,72,72,72,72,72,72,74,74,74,74,76,76,76,76,76,76,78,78,80,80,82,82,82,82,84,84,86,88,88,88],"card_choices":[{"not_picked":["PiercingWail","Dodge and Roll"],"picked":"Noxious Fumes","floor":1.0},{"not_picked":["Heel Hook","Deflect"],"picked":"Poisoned Stab","floor":4.0},{"not_picked":["Outmaneuver","Distraction"],"picked":"Die Die Die","floor":5.0},{"not_picked":["Underhanded Strike","Flying Knee"],"picked":"Infinite Blades","floor":7.0},{"not_picked":["Sucker Punch","Endless Agony"],"picked":"Dagger Spray","floor":10.0},{"not_picked":["Dagger Throw","Dagger Spray"],"picked":"Adrenaline","floor":11.0},{"not_picked":["Masterful Stab","Dagger Throw"],"picked":"Crippling Poison","floor":12.0},{"not_picked":["Outmaneuver","Riddle With Holes"],"picked":"Dodge and Roll","floor":13},{"not_picked":["Setup","Quick Slash","Bouncing Flask"],"picked":"SKIP","floor":14},{"not_picked":["Envenom","Die Die Die"],"picked":"Glass Knife","floor":16},{"not_picked":["Deadly Poison","Flying Knee","Bane"],"picked":"SKIP","floor":18},{"not_picked":["Noxious Fumes","Expertise"],"picked":"Backflip","floor":19},{"not_picked":["Riddle With Holes","Accuracy+1","Finisher"],"picked":"SKIP","floor":21},{"not_picked":["Concentrate","Noxious Fumes","Glass Knife"],"picked":"SKIP","floor":23},{"not_picked":["Night Terror","Flying Knee","Predator"],"picked":"Singing Bowl","floor":27},{"not_picked":["Masterful Stab","Leg Sweep"],"picked":"Well Laid Plans+1","floor":30},{"not_picked":["Prepared","Calculated Gamble","Dash"],"picked":"Singing Bowl","floor":31},{"not_picked":["Tools of the Trade+1","Envenom+1"],"picked":"Die Die Die","floor":33},{"not_picked":["Dagger Spray","Noxious Fumes+1"],"picked":"Cloak And Dagger","floor":35},{"not_picked":["Secret Weapon","Forethought","Secret Technique"],"picked":"Singing Bowl","floor":37},{"not_picked":["Sucker Punch","Footwork+1"],"picked":"Dodge and Roll+1","floor":38},{"not_picked":["Predator","Sucker Punch+1","Poisoned Stab"],"picked":"Singing Bowl","floor":39},{"not_picked":["Blade Dance","Crippling Poison"],"picked":"Cloak And Dagger","floor":40},{"not_picked":["Poisoned Stab","Wraith Form v2+1","Dagger Throw"],"picked":"Singing Bowl","floor":41},{"not_picked":["Finisher","Blade Dance","Eviscerate"],"picked":"Singing Bowl","floor":45},{"not_picked":["Blade Dance","Leg Sweep","Heel Hook"],"picked":"Singing Bowl","floor":47},{"not_picked":["Reflex","Flying Knee+1","Dodge and Roll"],"picked":"Singing Bowl","floor":48}],"player_experience":2609551,"relics_obtained":[{"floor":2.0,"key":"Mummified Hand"},{"floor":7.0,"key":"Boot"},{"floor":9.0,"key":"Anchor"},{"floor":11.0,"key":"Art of War"},{"floor":13,"key":"Pen Nib"},{"floor":20,"key":"Calipers"},{"floor":20,"key":"Ornamental Fan"},{"floor":23,"key":"Kunai"},{"floor":26,"key":"Singing Bowl"},{"floor":27,"key":"Ninja Scroll"},{"floor":39,"key":"Old Coin"},{"floor":40,"key":"Centennial Puzzle"},{"floor":43,"key":"Happy Flower"},{"floor":47,"key":"Sundial"}],"event_choices":[{"damage_healed":0,"gold_gain":0,"player_choice":"Fight","damage_taken":0,"max_hp_gain":0,"max_hp_loss":0,"event_name":"Colosseum","floor":20,"gold_loss":0},{"damage_healed":0,"gold_gain":0,"player_choice":"Fought Nobs","damage_taken":0,"max_hp_gain":0,"max_hp_loss":0,"event_name":"Colosseum","floor":20,"gold_loss":0},{"damage_healed":0,"gold_gain":0,"player_choice":"Ignored","damage_taken":0,"max_hp_gain":0,"max_hp_loss":0,"event_name":"Ghosts","floor":22,"gold_loss":0},{"damage_healed":0,"gold_gain":0,"player_choice":"Memory 1","damage_taken":0,"max_hp_gain":0,"max_hp_loss":0,"event_name":"SensoryStone","floor":37,"gold_loss":0},{"damage_healed":0,"gold_gain":0,"player_choice":"Fight","damage_taken":0,"max_hp_gain":0,"max_hp_loss":0,"event_name":"Mysterious Sphere","floor":39,"gold_loss":0},{"damage_healed":0,"gold_gain":0,"player_choice":"Ignored","damage_taken":0,"max_hp_gain":0,"max_hp_loss":0,"event_name":"Tomb of Lord Red Mask","floor":44,"gold_loss":0}],"is_beta":false,"boss_relics":[{"not_picked":["Snecko Eye","Calling Bell"],"picked":"Coffee Dripper"},{"not_picked":["Cursed Key","Runic Dome"],"picked":"Empty Cage"}],"items_purged_floors":[25,36],"is_endless":false,"potions_floor_spawned":[5,7,10,11,16,20,21,27,31,35,38,45,47,48],"ascension_level":15}