{"gold_per_floor":[110,60,9,9,9,37,37,57,57,77,96,96,21,31,31,127,127,139,155,3,3,3,3,30,30],"floor_reached":25,"playtime":1284,"items_purged":["Strike_R","Strike_R"],"score":244,"play_id":"8f0b5eb9-7452-43ae-aa98-b8d9f1c6b4f3","local_time":"20190322011435","is_ascension_mode":false,"campfire_choices":[{"data":"Cleave","floor":7,"key":"SMITH"},{"data":"Pommel Strike","floor":12,"key":"SMITH"},{"data":"Cleave","floor":15,"key":"SMITH"},{"data":"Warcry","floor":23,"key":"SMITH"}],"neow_cost":"NONE","seed_source_timestamp":578122422070800,"circlet_count":0,"master_deck":["Strike_R","Strike_R","Defend_R","Defend_R","Defend_R","Defend_R","Cleave+1","Wild Strike","Cleave+1","Body Slam","Pommel Strike+1","Demon Form","Thunderclap+1","Warcry+1","Shame","Heavy Blade+1"],"relics":["Burning Blood","NeowsBlessing","Bag of Marbles","Meat on the Bone","Coffee Dripper","Happy Flower","Kunai"],"potions_floor_usage":[16,24,24],"damage_taken":[{"damage":0,"enemies":"2 Louse","floor":1,"turns":1},{"damage":0,"enemies":"Gremlin Nob","floor":6,"turns":1},{"damage":0,"enemies":"Jaw Worm","floor":8,"turns":1},{"damage":0,"enemies":"Cultist","floor":10,"turns":2},{"damage":6,"enemies":"Blue Slaver","floor":11,"turns":5},{"damage":5,"enemies":"Looter","floor":14,"turns":2},{"damage":14,"enemies":"Slime Boss","floor":16,"turns":9},{"damage":14,"enemies":"Spheric Guardian","floor":18,"turns":4},{"damage":0,"enemies":"Chosen","floor":19,"turns":3},{"damage":68,"enemies":"Book of Stabbing","floor":24,"turns":7},{"damage":34,"enemies":"Sentry and Sphere","floor":25,"turns":5}],"seed_played":"3336471742366256271","potions_obtained":[{"floor":8,"key":"SneckoOil"},{"floor":10,"key":"Swift Potion"},{"floor":16,"key":"Weak Potion"}],"is_trial":false,"path_per_floor":["M","?","$","?","$","E","R","M","T","M","M","R","$","M","R","B",null,"M","M","$","?","?","R","E","M"],"character_chosen":"IRONCLAD","items_purchased":["Cleave","Warcry"],"campfire_rested":0,"item_purchase_floors":[3,20],"current_hp_per_floor":[80,80,80,73,73,79,79,80,80,80,80,80,80,80,80,72,80,72,78,78,78,78,78,28,0],"gold":30,"neow_bonus":"THREE_ENEMY_KILL","is_prod":false,"is_daily":false,"chose_seed":false,"campfire_upgraded":4,"win_rate":0.0,"timestamp":1553210075,"path_taken":["M","?","$","?","?","E","R","?","T","M","M","R","$","M","R","BOSS","M","M","$","?","?","R","E","M"],"build_version":"2019-01-23","purchased_purges":2,"victory":false,"max_hp_per_floor":[80,80,80,80,80,80,80,80,80,80,80,80,80,80,80,80,80,80,80,80,80,80,80,80,80],"card_choices":[{"not_picked":["Sword Boomerang","Shockwave","Wild Strike"],"picked":"SKIP","floor":1},{"not_picked":["Reckless Charge","Inflame"],"picked":"Wild Strike","floor":6},{"not_picked":["Thunderclap","Shockwave"],"picked":"Cleave","floor":8},{"not_picked":["Infernal Blade","Flex"],"picked":"Body Slam","floor":10},{"not_picked":["Heavy Blade","Battle Trance"],"picked":"Pommel Strike","floor":11},{"not_picked":["Fire Breathing","Armaments","True Grit"],"picked":"SKIP","floor":14},{"not_picked":["Double Tap","Brutality"],"picked":"Demon Form","floor":16},{"not_picked":["Evolve","Corruption"],"picked":"Thunderclap+1","floor":18},{"not_picked":["Clash","Sword Boomerang","Clothesline"],"picked":"SKIP","floor":19},{"not_picked":["Inflame","Disarm"],"picked":"Heavy Blade+1","floor":24}],"player_experience":14841,"relics_obtained":[{"floor":6,"key":"Bag of Marbles"},{"floor":9,"key":"Meat on the Bone"},{"floor":24,"key":"Kunai"}],"event_choices":[{"cards_removed":["Bash"],"damage_healed":0,"gold_gain":0,"player_choice":"Card Removal","damage_taken":0,"max_hp_gain":0,"max_hp_loss":0,"event_name":"The Cleric","floor":2,"gold_loss":50},{"cards_removed":["Strike_R"],"damage_healed":0,"gold_gain":0,"player_choice":"Card Removal","damage_taken":7,"max_hp_gain":0,"max_hp_loss":0,"event_name":"Golden Wing","floor":4,"gold_loss":0},{"damage_healed":0,"gold_gain":0,"player_choice":"Ignored","damage_taken":0,"max_hp_gain":0,"max_hp_loss":0,"event_name":"Beggar","floor":21,"gold_loss":0},{"damage_healed":0,"gold_gain":0,"player_choice":"Stole Relic","damage_taken":0,"relics_obtained":["Happy Flower"],"max_hp_gain":0,"max_hp_loss":0,"event_name":"Addict","floor":22,"gold_loss":0,"cards_obtained":["Shame"]}],"is_beta":false,"boss_relics":[{"not_picked":["Ectoplasm","Tiny House"],"picked":"Coffee Dripper"}],"items_purged_floors":[13,20],"is_endless":false,"potions_floor_spawned":[8,10,16],"killed_by":"Sentry and Sphere","ascension_level":0}