{"gold_per_floor":[114,37,49,63,75,109,120,120,145,171,202,214,226,270,282,389,401,432,463,475,504,516,528,569,596,608,649,680,692,629,629,629,728,728,742,742,742,842,360,360,310,310,310,310,322,334,334,161,161,161],"floor_reached":51,"playtime":1713,"items_purged":["Normality","Pain"],"score":695,"play_id":"1c460518-efd9-4ba7-a6fb-0c0a48a8709e","local_time":"20181115182306","is_ascension_mode":false,"campfire_choices":[{"data":"Terror","floor":8,"key":"SMITH"},{"data":"Footwork","floor":13,"key":"SMITH"},{"data":"Cloak And Dagger","floor":15,"key":"SMITH"},{"data":"Malaise","floor":23,"key":"SMITH"},{"data":"Neutralize","floor":29,"key":"SMITH"},{"floor":32,"key":"REST"},{"data":"Footwork","floor":40,"key":"SMITH"},{"data":"Dagger Spray","floor":42,"key":"SMITH"},{"data":"Dagger Spray","floor":44,"key":"SMITH"},{"data":"Predator","floor":49,"key":"SMITH"}],"neow_cost":"NONE","seed_source_timestamp":37324073852802,"circlet_count":0,"master_deck":["Defend_G+1","Defend_G+1","Defend_G+1","Defend_G+1","Defend_G+1","Strike_G+1","Strike_G+1","Strike_G+1","Strike_G+1","Strike_G+1","Survivor","Neutralize+1","Leg Sweep","Footwork+1","Dagger Spray+1","Dagger Spray+1","Terror+1","Die Die Die","Backflip","Cloak And Dagger+1","Malaise+1","Deflect+1","Calculated Gamble+1","Predator+1","Footwork+1","PiercingWail","Quick Slash","Escape Plan+1","Anger+1","Acrobatics","Quick Slash"],"relics":["Ring of the Snake","PreservedInsect","Bag of Marbles","MawBank","CultistMask","Happy Flower","Cursed Key","Art of War","Mercury Hourglass","Dodecahedron","Orichalcum","Philosopher\u0027s Stone","FossilizedHelix","Vajra","Mummified Hand","Ice Cream"],"potions_floor_usage":[33,50],"damage_taken":[{"damage":1,"enemies":"Cultist","floor":1,"turns":4},{"damage":3,"enemies":"Jaw Worm","floor":3,"turns":8},{"damage":0,"enemies":"2 Louse","floor":4,"turns":3},{"damage":0,"enemies":"Large Slime","floor":5,"turns":5},{"damage":14,"enemies":"Lagavulin","floor":6,"turns":9},{"damage":4,"enemies":"Red Slaver","floor":7,"turns":2},{"damage":10,"enemies":"Exordium Thugs","floor":10,"turns":3},{"damage":0,"enemies":"Blue Slaver","floor":11,"turns":4},{"damage":4,"enemies":"Gremlin Nob","floor":14,"turns":3},{"damage":6,"enemies":"Hexaghost","floor":16,"turns":13},{"damage":0,"enemies":"3 Byrds","floor":18,"turns":3},{"damage":0,"enemies":"Spheric Guardian","floor":19,"turns":7},{"damage":0,"enemies":"Snake Plant","floor":21,"turns":6},{"damage":5,"enemies":"Slavers","floor":24,"turns":2},{"damage":2,"enemies":"Cultist and Chosen","floor":25,"turns":5},{"damage":14,"enemies":"Book of Stabbing","floor":27,"turns":6},{"damage":0,"enemies":"3 Cultists","floor":28,"turns":4},{"damage":34,"enemies":"Collector","floor":33,"turns":12},{"damage":0,"enemies":"3 Darklings","floor":35,"turns":2},{"damage":0,"enemies":"Mind Bloom Boss Battle","floor":38,"turns":9},{"damage":0,"enemies":"Orb Walker","floor":45,"turns":4},{"damage":2,"enemies":"Jaw Worm Horde","floor":46,"turns":2},{"damage":7,"enemies":"Awakened One","floor":50,"turns":16}],"seed_played":"4552204025269481593","potions_obtained":[{"floor":4,"key":"FairyPotion"},{"floor":5,"key":"Energy Potion"},{"floor":10,"key":"FairyPotion"},{"floor":16,"key":"GamblersBrew"},{"floor":18,"key":"Regen Potion"},{"floor":27,"key":"LiquidBronze"},{"floor":33,"key":"SpeedPotion"}],"is_trial":false,"path_per_floor":["M","$","M","M","M","E","M","R","T","M","M","?","R","E","R","B",null,"M","M","?","M","?","R","E","M","T","E","M","R","$","?","R","B",null,"M","?","?","?","$","R","$","R","T","R","M","M","?","$","R","B",null],"character_chosen":"THE_SILENT","items_purchased":["Footwork","Vajra","Footwork","Mummified Hand","PiercingWail","Acrobatics","Quick Slash"],"campfire_rested":1,"item_purchase_floors":[2,39,39,39,41,48,48],"current_hp_per_floor":[69,69,66,66,66,52,48,48,48,38,38,38,38,34,34,28,70,70,70,70,70,70,70,65,63,63,49,49,49,49,49,70,36,70,70,66,66,66,66,66,66,66,66,66,66,64,64,64,64,66],"gold":161,"neow_bonus":"RANDOM_COMMON_RELIC","is_prod":false,"is_daily":false,"chose_seed":false,"campfire_upgraded":9,"win_rate":0,"timestamp":1542334986,"path_taken":["M","$","M","M","?","E","M","R","T","M","M","?","R","E","R","BOSS","M","?","?","M","?","R","E","?","T","E","M","R","$","?","R","BOSS","M","?","?","?","$","R","$","R","T","R","M","M","?","$","R","BOSS"],"build_version":"2018-11-15","purchased_purges":2,"victory":true,"max_hp_per_floor":[70,70,70,70,70,70,70,70,70,70,70,70,70,70,70,70,70,70,70,70,70,70,70,70,70,70,70,70,70,70,70,70,70,70,70,66,66,66,66,66,66,66,66,66,66,66,66,66,66,66],"card_choices":[{"not_picked":["Sucker Punch","Quick Slash"],"picked":"Leg Sweep","floor":1},{"not_picked":["Backflip","Dash"],"picked":"Dagger Spray","floor":3},{"not_picked":["Deadly Poison","Blade Dance"],"picked":"Dagger Spray","floor":4},{"not_picked":["Dodge and Roll","Acrobatics"],"picked":"Terror","floor":5},{"not_picked":["Outmaneuver","Sucker Punch"],"picked":"Die Die Die","floor":6},{"not_picked":["Poisoned Stab","Underhanded Strike","Slice"],"picked":"SKIP","floor":7},{"not_picked":["Sucker Punch","Heel Hook"],"picked":"Backflip","floor":10},{"not_picked":["Distraction","Masterful Stab","Flying Knee"],"picked":"SKIP","floor":11},{"not_picked":["Sucker Punch","Underhanded Strike"],"picked":"Cloak And Dagger","floor":14},{"not_picked":["Unload","Grand Finale"],"picked":"Malaise","floor":16},{"not_picked":["Sucker Punch+1","Bouncing Flask+1","Setup"],"picked":"SKIP","floor":18},{"not_picked":["Dagger Throw","Slice+1"],"picked":"Deflect+1","floor":19},{"not_picked":["Slice","Underhanded Strike+1","Acrobatics"],"picked":"SKIP","floor":21},{"not_picked":["Underhanded Strike","Blade Dance","Slice"],"picked":"SKIP","floor":24},{"not_picked":["All Out Attack","Quick Slash","Terror+1"],"picked":"SKIP","floor":25},{"not_picked":["Setup","Acrobatics"],"picked":"Calculated Gamble+1","floor":27},{"not_picked":["Bane","Slice","Masterful Stab+1"],"picked":"SKIP","floor":28},{"not_picked":["Venomology","Bullet Time"],"picked":"Corpse Explosion","floor":33},{"not_picked":["Quick Slash","Dagger Throw+1","Reflex"],"picked":"SKIP","floor":35},{"not_picked":["Riddle With Holes","Poisoned Stab"],"picked":"Predator","floor":38},{"not_picked":["Caltrops","Flying Knee+1"],"picked":"Quick Slash","floor":45},{"not_picked":["Predator","Riddle With Holes+1"],"picked":"Escape Plan+1","floor":46}],"player_experience":1637316,"relics_obtained":[{"floor":6,"key":"Bag of Marbles"},{"floor":9,"key":"MawBank"},{"floor":14,"key":"Happy Flower"},{"floor":24,"key":"Mercury Hourglass"},{"floor":26,"key":"Dodecahedron"},{"floor":27,"key":"Orichalcum"},{"floor":38,"key":"FossilizedHelix"},{"floor":43,"key":"Ice Cream"}],"event_choices":[{"damage_healed":0,"gold_gain":0,"player_choice":"Trade","damage_taken":0,"relics_obtained":["CultistMask"],"max_hp_gain":0,"max_hp_loss":0,"event_name":"FaceTrader","floor":12,"gold_loss":0},{"damage_healed":0,"gold_gain":0,"player_choice":"Simplicity","damage_taken":0,"max_hp_gain":0,"max_hp_loss":0,"event_name":"Back to Basics","floor":20,"gold_loss":0,"cards_upgraded":["Defend_G","Defend_G","Defend_G","Defend_G","Defend_G","Strike_G","Strike_G","Strike_G","Strike_G","Strike_G"]},{"damage_healed":0,"gold_gain":0,"player_choice":"Gave Potion","damage_taken":0,"relics_obtained":["Art of War"],"max_hp_gain":0,"max_hp_loss":0,"event_name":"WeMeetAgain","floor":22,"gold_loss":0},{"damage_healed":0,"gold_gain":0,"player_choice":"Bought 0 Potions","damage_taken":0,"max_hp_gain":0,"max_hp_loss":0,"event_name":"The Woman in Blue","floor":31,"gold_loss":0},{"damage_healed":0,"gold_gain":0,"player_choice":"Max HP","damage_taken":0,"max_hp_gain":0,"max_hp_loss":4,"event_name":"Winding Halls","floor":36,"gold_loss":0},{"damage_healed":0,"gold_gain":0,"player_choice":"Memory 1","damage_taken":0,"max_hp_gain":0,"max_hp_loss":0,"event_name":"SensoryStone","floor":37,"gold_loss":0},{"damage_healed":0,"gold_gain":0,"player_choice":"Fight","damage_taken":0,"max_hp_gain":0,"max_hp_loss":0,"event_name":"MindBloom","floor":38,"gold_loss":0},{"cards_removed":["Corpse Explosion"],"damage_healed":0,"gold_gain":0,"player_choice":"Took Card","damage_taken":0,"max_hp_gain":0,"max_hp_loss":0,"event_name":"NoteForYourself","floor":47,"gold_loss":0,"cards_obtained":["Anger"]}],"is_beta":false,"boss_relics":[{"not_picked":["HoveringKite","Calling Bell"],"picked":"Cursed Key"},{"not_picked":["Coffee Dripper","Fusion Hammer"],"picked":"Philosopher\u0027s Stone"}],"items_purged_floors":[30,48],"is_endless":false,"potions_floor_spawned":[4,5,10,16,18,27,28,33,38,45,46],"ascension_level":0}