{"gold_per_floor":[112,123,141,151,151,184,196,196,196,221,234,234,234,259,259,359,359,359,359,359,359,359,359,359,359,359,359,359,359,294,294,294,294,294,294,204,204,204,204,204,204,204,204,204,204,204,204,204,204,204],"floor_reached":51,"playtime":4602,"items_purged":[],"score":787,"play_id":"ccfb4b3b-907b-4daa-8e3b-c67e0574410e","local_time":"20181003195331","is_ascension_mode":false,"campfire_choices":[{"data":"Tools of the Trade","floor":8,"key":"SMITH"},{"data":"After Image","floor":12,"key":"SMITH"},{"data":"Crippling Poison","floor":15,"key":"SMITH"},{"data":"After Image","floor":28,"key":"SMITH"},{"floor":32,"key":"REST"},{"data":"Noxious Fumes","floor":40,"key":"SMITH"},{"floor":47,"key":"REST"},{"floor":49,"key":"REST"}],"neow_cost":"","seed_source_timestamp":1460208625028046,"circlet_count":0,"master_deck":["Defend_G","Defend_G","Defend_G+1","Defend_G","Defend_G","Strike_G","Strike_G","Strike_G","Strike_G","Strike_G","Survivor","Neutralize","Bane","Endless Agony","Crippling Poison","Flying Knee","Tools of the Trade+1","Masterful Stab","After Image+1","Bane","Dramatic Entrance","A Thousand Cuts","Crippling Poison+1","After Image+1","Deadly Poison+1","Writhe","Dodge and Roll+1","Quick Slash+1","Caltrops","Noxious Fumes+1","PiercingWail","Noxious Fumes","Masterful Stab+1","Backstab","Adrenaline","Prepared+1","Footwork","Outmaneuver+1","Deadly Poison","Dodge and Roll+1","Cloak And Dagger","After Image+1","Deadly Poison+1","Cloak And Dagger+1"],"relics":["Ring of the Snake","WarpedTongs","Oddly Smooth Stone","Gremlin Horn","PreservedInsect","Ginger","Ectoplasm","Gambling Chip","Pen Nib","Paper Crane","Turnip","White Beast Statue","Ninja Scroll","Sundial","Pantograph","Ornamental Fan"],"potions_floor_usage":[14,14,16,33,33,46,50],"damage_taken":[{"damage":2,"enemies":"Small Slimes","floor":1,"turns":5},{"damage":0,"enemies":"Cultist","floor":2,"turns":4},{"damage":0,"enemies":"Jaw Worm","floor":3,"turns":3},{"damage":10,"enemies":"3 Louse","floor":4,"turns":4},{"damage":28,"enemies":"3 Sentries","floor":6,"turns":10},{"damage":6,"enemies":"Lots of Slimes","floor":7,"turns":3},{"damage":4,"enemies":"Gremlin Nob","floor":10,"turns":4},{"damage":4,"enemies":"Exordium Thugs","floor":11,"turns":4},{"damage":1,"enemies":"Lagavulin","floor":14,"turns":7},{"damage":19,"enemies":"Hexaghost","floor":16,"turns":13},{"damage":0,"enemies":"Spheric Guardian","floor":18,"turns":5},{"damage":0,"enemies":"3 Byrds","floor":20,"turns":3},{"damage":18,"enemies":"Snake Plant","floor":21,"turns":5},{"damage":0,"enemies":"Centurion and Healer","floor":22,"turns":6},{"damage":13,"enemies":"Book of Stabbing","floor":23,"turns":5},{"damage":18,"enemies":"Snecko","floor":24,"turns":7},{"damage":0,"enemies":"Snake Plant","floor":25,"turns":4},{"damage":0,"enemies":"Centurion and Healer","floor":27,"turns":6},{"damage":19,"enemies":"Sentry and Sphere","floor":29,"turns":7},{"damage":0,"enemies":"Chosen and Byrds","floor":31,"turns":4},{"damage":7,"enemies":"Automaton","floor":33,"turns":10},{"damage":1,"enemies":"3 Darklings","floor":35,"turns":4},{"damage":5,"enemies":"3 Shapes","floor":37,"turns":5},{"damage":19,"enemies":"Spire Growth","floor":38,"turns":5},{"damage":6,"enemies":"Sphere and 2 Shapes","floor":39,"turns":5},{"damage":3,"enemies":"Giant Head","floor":41,"turns":8},{"damage":19,"enemies":"Reptomancer","floor":42,"turns":5},{"damage":14,"enemies":"2 Orb Walkers","floor":44,"turns":6},{"damage":0,"enemies":"Giant Head","floor":46,"turns":7},{"damage":11,"enemies":"Spire Growth","floor":48,"turns":5},{"damage":46,"enemies":"Awakened One","floor":50,"turns":18}],"seed_played":"3469747449784747908","potions_obtained":[{"floor":2,"key":"Regen Potion"},{"floor":3,"key":"EssenceOfSteel"},{"floor":11,"key":"Block Potion"},{"floor":16,"key":"LiquidBronze"},{"floor":18,"key":"GhostInAJar"},{"floor":21,"key":"Strength Potion"},{"floor":35,"key":"GhostInAJar"},{"floor":37,"key":"Strength Potion"},{"floor":38,"key":"FairyPotion"},{"floor":46,"key":"LiquidBronze"},{"floor":48,"key":"SpeedPotion"}],"is_trial":false,"path_per_floor":["M","M","M","M","?","E","M","R","T","E","M","R","?","E","R","B",null,"M","?","M","M","M","E","M","M","T","M","R","M","?","M","R","B",null,"M","?","M","M","M","R","E","M","T","E","?","E","R","M","R","B"],"character_chosen":"THE_SILENT","items_purchased":[],"campfire_rested":3,"item_purchase_floors":[],"current_hp_per_floor":[68,68,68,58,58,30,24,24,24,20,16,16,16,27,27,8,70,70,70,70,52,52,39,21,21,21,21,21,2,2,2,23,16,70,69,69,64,45,39,39,36,17,17,3,3,3,24,13,34,13],"gold":204,"neow_bonus":"","is_prod":false,"is_daily":false,"chose_seed":false,"campfire_upgraded":5,"win_rate":0.0,"timestamp":1538589211,"path_taken":["M","M","M","M","?","E","M","R","T","E","M","R","?","E","R","BOSS","M","?","M","M","?","E","M","M","T","M","R","M","?","M","R","BOSS","M","?","M","M","M","R","E","M","T","E","?","E","R","M","R","BOSS"],"build_version":"2018-09-27","purchased_purges":0,"victory":true,"max_hp_per_floor":[70,70,70,70,70,70,70,70,70,70,70,70,70,70,70,70,70,70,70,70,70,70,70,70,70,70,70,70,70,70,70,70,70,70,70,70,70,70,70,70,70,70,70,70,70,70,70,70,70,70],"card_choices":[{"not_picked":["Blade Dance","Choke"],"picked":"Bane","floor":1},{"not_picked":["Outmaneuver","Prepared"],"picked":"Endless Agony","floor":2},{"not_picked":["Backflip","Heel Hook"],"picked":"Crippling Poison","floor":3},{"not_picked":["Dagger Spray","Slice"],"picked":"Flying Knee","floor":4},{"not_picked":["PiercingWail","Burst"],"picked":"Tools of the Trade","floor":6},{"not_picked":["Prepared","Deflect"],"picked":"Masterful Stab","floor":7},{"not_picked":["Dodge and Roll","Masterful Stab"],"picked":"After Image","floor":10},{"not_picked":["Deflect","Slice"],"picked":"Bane","floor":11},{"not_picked":["Slice","Flying Knee"],"picked":"Crippling Poison","floor":14},{"not_picked":["Die Die Die","Night Terror"],"picked":"After Image","floor":16},{"not_picked":["Backflip","Slice"],"picked":"Deadly Poison+1","floor":18},{"not_picked":["Accuracy+1","Deflect"],"picked":"Dodge and Roll+1","floor":20},{"not_picked":["Slice","Dodge and Roll"],"picked":"Quick Slash+1","floor":21},{"not_picked":["Predator","Heel Hook+1","Expertise"],"picked":"SKIP","floor":22},{"not_picked":["Expertise","Well Laid Plans"],"picked":"Caltrops","floor":23},{"not_picked":["Endless Agony","All Out Attack"],"picked":"Noxious Fumes","floor":24},{"not_picked":["Bouncing Flask","Dagger Spray"],"picked":"PiercingWail","floor":25},{"not_picked":["Dagger Throw","PiercingWail+1"],"picked":"Noxious Fumes","floor":27},{"not_picked":["Deflect","Storm of Steel"],"picked":"Masterful Stab+1","floor":29},{"not_picked":["Dagger Throw","Cloak And Dagger+1"],"picked":"Backstab","floor":31},{"not_picked":["Die Die Die","After Image"],"picked":"Adrenaline","floor":33},{"not_picked":["Caltrops","Quick Slash"],"picked":"Prepared+1","floor":35},{"not_picked":["Backflip+1","Tactician+1"],"picked":"Footwork","floor":37},{"not_picked":["Deflect+1","Slice+1"],"picked":"Outmaneuver+1","floor":38},{"not_picked":["Dodge and Roll+1","Masterful Stab","Riddle With Holes+1"],"picked":"SKIP","floor":39},{"not_picked":["Bane","Quick Slash"],"picked":"Deadly Poison","floor":41},{"not_picked":["Flying Knee","Dagger Throw+1"],"picked":"Dodge and Roll+1","floor":42},{"not_picked":["Backflip","Dagger Spray"],"picked":"Cloak And Dagger","floor":44},{"not_picked":["Acrobatics","A Thousand Cuts"],"picked":"Deadly Poison+1","floor":46},{"not_picked":["Dash","Slice+1"],"picked":"Cloak And Dagger+1","floor":48}],"player_experience":51899,"relics_obtained":[{"floor":6,"key":"Oddly Smooth Stone"},{"floor":9,"key":"Gremlin Horn"},{"floor":10,"key":"PreservedInsect"},{"floor":14,"key":"Ginger"},{"floor":23,"key":"Pen Nib"},{"floor":26,"key":"Paper Crane"},{"floor":41,"key":"Ninja Scroll"},{"floor":43,"key":"Sundial"},{"floor":44,"key":"Pantograph"},{"floor":46,"key":"Ornamental Fan"}],"event_choices":[{"event_name":"Accursed Blacksmith","player_choice":"Rummage","floor":5,"damage_taken":0},{"event_name":"Match and Keep!","player_choice":"2 cards matched","floor":13,"damage_taken":0},{"event_name":"The Mausoleum","player_choice":"Yes","floor":19,"damage_taken":0},{"event_name":"WeMeetAgain","player_choice":"Gold","floor":30,"damage_taken":0},{"event_name":"Designer","player_choice":"Full Service","floor":36,"damage_taken":0},{"event_name":"Duplicator","player_choice":"One dupe","floor":45,"damage_taken":0}],"is_beta":false,"boss_relics":[{"not_picked":["Philosopher\u0027s Stone","Empty Cage"],"picked":"Ectoplasm"},{"not_picked":["Black Star","Sozu"],"picked":"White Beast Statue"}],"items_purged_floors":[],"is_endless":false,"potions_floor_spawned":[2,3,11,16,18,21,25,31,35,37,38,39,41,42,44,46,48],"ascension_level":0}