{"gold_per_floor":[110,210,210,229,243,243,243,243,243,243,260,260,260,275,275,275],"floor_reached":16,"playtime":880,"items_purged":[],"score":90,"play_id":"a7d49936-69b9-4e4f-a29b-235414f6be30","local_time":"20181008202637","is_ascension_mode":false,"campfire_choices":[{"data":"Deadly Poison","floor":6,"key":"SMITH"},{"data":"Well Laid Plans","floor":8,"key":"SMITH"},{"data":"Bane","floor":10,"key":"SMITH"},{"data":"Burst","floor":15,"key":"SMITH"}],"neow_cost":"NONE","seed_source_timestamp":620431595741919,"circlet_count":0,"master_deck":["Defend_G","Defend_G","Defend_G","Defend_G","Defend_G","Strike_G","Strike_G","Strike_G","Strike_G","Survivor","Neutralize","Bane+1","Escape Plan","Deadly Poison+1","Well Laid Plans+1","Burst+1"],"relics":["Sozu","NlothsMask","Golden Idol"],"potions_floor_usage":[],"damage_taken":[{"damage":0,"enemies":"Cultist","floor":1,"turns":5},{"damage":5,"enemies":"Jaw Worm","floor":4,"turns":5},{"damage":2,"enemies":"Small Slimes","floor":5,"turns":4},{"damage":9,"enemies":"Exordium Thugs","floor":11,"turns":4},{"damage":5,"enemies":"2 Fungi Beasts","floor":14,"turns":5},{"damage":51,"enemies":"Slime Boss","floor":16,"turns":8}],"seed_played":"-534363760671526642","potions_obtained":[],"is_trial":false,"path_per_floor":["M","?","?","M","M","R","?","R","T","R","M","?","?","M","R"],"character_chosen":"THE_SILENT","items_purchased":[],"campfire_rested":0,"item_purchase_floors":[],"current_hp_per_floor":[70,70,70,65,63,63,63,63,63,63,54,54,54,49,49,0],"gold":275,"neow_bonus":"BOSS_RELIC","is_prod":false,"is_daily":false,"chose_seed":false,"campfire_upgraded":4,"win_rate":0.0,"timestamp":1539044797,"path_taken":["M","?","?","M","?","R","?","R","T","R","?","?","?","M","R","BOSS"],"build_version":"2018-09-27","purchased_purges":0,"victory":false,"max_hp_per_floor":[70,70,70,70,70,70,70,70,70,70,70,70,65,65,65,65],"card_choices":[{"not_picked":["Blade Dance","Leg Sweep"],"picked":"Bane","floor":1},{"not_picked":["Flechettes","Deflect"],"picked":"Escape Plan","floor":4},{"not_picked":["Calculated Gamble","Tactician"],"picked":"Deadly Poison","floor":5},{"not_picked":["Well Laid Plans","Sucker Punch","Caltrops"],"picked":"SKIP","floor":11},{"not_picked":["Deflect","Slice"],"picked":"Burst","floor":14}],"player_experience":27216,"relics_obtained":[],"event_choices":[{"event_name":"Golden Shrine","player_choice":"Pray","floor":2,"damage_taken":0},{"event_name":"FaceTrader","player_choice":"Trade","floor":3,"damage_taken":0},{"event_name":"Living Wall","player_choice":"Change","floor":7,"damage_taken":0},{"event_name":"The Lab","player_choice":"Got Potions","floor":12,"damage_taken":0},{"event_name":"Golden Idol","player_choice":"Lose Max HP","floor":13,"damage_taken":0}],"is_beta":false,"boss_relics":[],"items_purged_floors":[],"is_endless":false,"potions_floor_spawned":[1,11,14],"killed_by":"Slime Boss","ascension_level":0}