{"gold_per_floor":[116,135,146,160,178,212,231,257,257,59,88,88,113,129,129,203,203,214,214,229,246,246,272,287,297,297,297,310,310,310,341,341,418,418,438,233,233,252,262,291,304,71,71,71,106,25,42,75,75,75],"floor_reached":51,"playtime":4812,"items_purged":[],"score":1688,"play_id":"eb97b833-afab-41e6-b2b4-127fd7710f87","local_time":"20180729185228","daily_mods":["Draft"],"is_ascension_mode":true,"campfire_choices":[{"data":"Defragment","floor":12.0,"key":"SMITH"},{"data":"Defragment","floor":15.0,"key":"SMITH"},{"floor":27.0,"key":"REST"},{"floor":30.0,"key":"REST"},{"data":"Double Energy","floor":32.0,"key":"SMITH"},{"data":"Apotheosis","floor":44,"key":"SMITH"},{"floor":49,"key":"REST"}],"neow_cost":"","seed_source_timestamp":0,"circlet_count":0,"master_deck":["AscendersBane","Beam Cell","Steam Power","Cold Snap","Leap","Go for the Eyes","BootSequence","Conserve Battery","Cold Snap","Hologram","Streamline","Conserve Battery","Auto Shields","Double Energy+1","Turbo","Ball Lightning","Coolheaded","Leap","Ball Lightning","Compile Driver","Defragment+1","Defragment+1","Echo Form","Reinforced Body","Recycle","Stack+1","Apotheosis+1","Defragment","Capacitor"],"special_seed":0,"relics":["Cracked Core","Potion Belt","Darkstone Periapt","Thread and Needle","Runic Capacitor","Pear","Prayer Wheel","Velvet Choker","CultistMask","Gambling Chip","Cables","Singing Bowl","Philosopher\u0027s Stone","Centennial Puzzle","Calipers","Ice Cream","Dead Branch","Art of War"],"potions_floor_usage":[47,50,50,50],"damage_taken":[{"damage":0.0,"enemies":"Jaw Worm","floor":1.0,"turns":3.0},{"damage":0.0,"enemies":"Cultist","floor":2.0,"turns":4.0},{"damage":0.0,"enemies":"Small Slimes","floor":3.0,"turns":2.0},{"damage":5.0,"enemies":"Exordium Wildlife","floor":4.0,"turns":4.0},{"damage":0.0,"enemies":"Large Slime","floor":5.0,"turns":4.0},{"damage":0.0,"enemies":"Gremlin Nob","floor":6.0,"turns":3.0},{"damage":0.0,"enemies":"Exordium Thugs","floor":7.0,"turns":4.0},{"damage":0.0,"enemies":"3 Sentries","floor":8.0,"turns":5.0},{"damage":0.0,"enemies":"Gremlin Nob","floor":11.0,"turns":4.0},{"damage":2.0,"enemies":"Lagavulin","floor":13.0,"turns":5.0},{"damage":0.0,"enemies":"2 Fungi Beasts","floor":14.0,"turns":3.0},{"damage":0.0,"enemies":"The Guardian","floor":16.0,"turns":9.0},{"damage":15.0,"enemies":"3 Byrds","floor":18.0,"turns":5.0},{"damage":20.0,"enemies":"2 Thieves","floor":20.0,"turns":5.0},{"damage":0.0,"enemies":"Centurion and Healer","floor":21.0,"turns":8.0},{"damage":15.0,"enemies":"Gremlin Leader","floor":23.0,"turns":6.0},{"damage":0.0,"enemies":"Snecko","floor":24.0,"turns":5.0},{"damage":5.0,"enemies":"Slaver and Parasite","floor":25.0,"turns":8.0},{"damage":0.0,"enemies":"Sentry and Sphere","floor":28.0,"turns":5.0},{"damage":0.0,"enemies":"Slavers","floor":31.0,"turns":5.0},{"damage":20.0,"enemies":"Automaton","floor":33.0,"turns":14.0},{"damage":2.0,"enemies":"3 Shapes","floor":35.0,"turns":4.0},{"damage":7.0,"enemies":"Flame Bruiser 1 Orb","floor":38.0,"turns":8.0},{"damage":0.0,"enemies":"4 Shapes","floor":39.0,"turns":6.0},{"damage":0.0,"enemies":"Giant Head","floor":40.0,"turns":14.0},{"damage":16.0,"enemies":"Flame Bruiser 2 Orb","floor":41.0,"turns":7.0},{"damage":14,"enemies":"2 Orb Walkers","floor":45,"turns":6},{"damage":14,"enemies":"3 Darklings","floor":47,"turns":5},{"damage":4,"enemies":"Nemesis","floor":48,"turns":7},{"damage":30,"enemies":"Time Eater","floor":50,"turns":14}],"seed_played":"-6135123058799136299","potions_obtained":[{"floor":1.0,"key":"Ancient Potion"},{"floor":8.0,"key":"SkillPotion"},{"floor":11.0,"key":"Energy Potion"},{"floor":13.0,"key":"Fire Potion"},{"floor":18.0,"key":"FairyPotion"},{"floor":28.0,"key":"Energy Potion"},{"floor":31.0,"key":"EssenceOfSteel"}],"is_trial":true,"path_per_floor":["M","M","M","M","M","E","M","E","T","$","E","R","E","M","R","B",null,"M","$","M","M","?","E","M","M","T","R","M","?","R","E","R","B",null,"M","$","?","M","M","E","M","$","T","R","E","$","M","E","R","B"],"character_chosen":"DEFECT","items_purchased":["Runic Capacitor","Centennial Puzzle","Dexterity Potion","Apotheosis","PowerPotion","Capacitor"],"campfire_rested":3,"item_purchase_floors":[10,36,36,42,42,46],"current_hp_per_floor":[64,64,64,59,59,59,59,59,59,59,69,69,67,67,67,67,78,63,63,43,43,43,28,28,23,23,47,47,47,71,73,73,55,78,78,78,78,75,79,81,69,69,69,69,55,55,45,43,75,45],"gold":75,"neow_bonus":"","is_prod":false,"is_daily":false,"chose_seed":false,"campfire_upgraded":4,"win_rate":0,"timestamp":1532915548,"path_taken":["M","M","M","M","M","E","M","E","T","$","E","R","E","M","R","BOSS","M","$","M","M","?","E","M","M","T","R","?","?","R","E","R","BOSS","M","$","?","M","M","E","M","$","T","R","E","?","M","E","R","BOSS"],"build_version":"2018-07-26","purchased_purges":0,"victory":true,"max_hp_per_floor":[71,71,71,71,71,71,71,71,71,71,81,81,81,81,81,81,81,81,81,81,81,81,81,81,81,81,81,81,81,81,83,83,85,85,87,87,87,91,95,97,101,101,101,101,101,101,105,107,107,107],"card_choices":[{"not_picked":["Turbo","Streamline"],"picked":"Beam Cell","floor":0.0},{"not_picked":["Rebound","Turbo"],"picked":"Steam Power","floor":0.0},{"not_picked":["Leap","Compile Driver"],"picked":"Cold Snap","floor":0.0},{"not_picked":["Beam Cell","Steam"],"picked":"Leap","floor":0.0},{"not_picked":["Consume","Double Energy"],"picked":"Go for the Eyes","floor":0.0},{"not_picked":["Redo","Rip and Tear"],"picked":"BootSequence","floor":0.0},{"not_picked":["Leap","Blizzard"],"picked":"Conserve Battery","floor":0.0},{"not_picked":["Hologram","Go for the Eyes"],"picked":"Cold Snap","floor":0.0},{"not_picked":["Beam Cell","Cold Snap"],"picked":"Rebound","floor":0.0},{"not_picked":["Stack","Turbo"],"picked":"Hologram","floor":0.0},{"not_picked":["BootSequence","Stack"],"picked":"Streamline","floor":0.0},{"not_picked":["Double Energy","Scrape"],"picked":"Conserve Battery","floor":0.0},{"not_picked":["Storm","Steam"],"picked":"Auto Shields","floor":0.0},{"not_picked":["Scrape","Turbo"],"picked":"Double Energy","floor":0.0},{"not_picked":["Streamline","Stack"],"picked":"Turbo","floor":0.0},{"not_picked":["Leap","Aggregate"],"picked":"Ball Lightning","floor":1.0},{"not_picked":["Gash","Cold Snap"],"picked":"Coolheaded","floor":2.0},{"not_picked":["Consume","Fusion"],"picked":"Leap","floor":3.0},{"not_picked":["Gash","Compile Driver"],"picked":"Ball Lightning","floor":4.0},{"not_picked":["Aggregate","Thunder Strike"],"picked":"Compile Driver","floor":5.0},{"not_picked":["Darkness","Rebound","Compile Driver"],"picked":"SKIP","floor":6.0},{"not_picked":["Rebound","Stack","Gash"],"picked":"SKIP","floor":7.0},{"not_picked":["Go for the Eyes","Ball Lightning"],"picked":"Defragment","floor":8.0},{"not_picked":["Go for the Eyes","Sweeping Beam","Multi-Cast"],"picked":"SKIP","floor":11.0},{"not_picked":["Tempest","Stack","Streamline"],"picked":"SKIP","floor":13.0},{"not_picked":["Barrage","Redo"],"picked":"Defragment","floor":14.0},{"not_picked":["Cold Snap","Hello World","Sweeping Beam"],"picked":"SKIP","floor":14.0},{"not_picked":["Fission","All For One"],"picked":"Echo Form","floor":16.0},{"not_picked":["Melter","Steam","Compile Driver"],"picked":"SKIP","floor":18.0},{"not_picked":["Beam Cell","Steam","Ball Lightning"],"picked":"SKIP","floor":18.0},{"not_picked":["Gash+1","Hologram","Auto Shields+1"],"picked":"SKIP","floor":20.0},{"not_picked":["Sweeping Beam","Heatsinks","Rebound"],"picked":"SKIP","floor":20.0},{"not_picked":["Coolheaded","Aggregate","Hologram"],"picked":"SKIP","floor":21.0},{"not_picked":["Beam Cell","Gash","Streamline+1"],"picked":"SKIP","floor":21.0},{"not_picked":["Chaos","Hologram","Lockon"],"picked":"SKIP","floor":23.0},{"not_picked":["Fusion","Rebound","Stack"],"picked":"SKIP","floor":24.0},{"not_picked":["Sunder","All For One","Fusion"],"picked":"SKIP","floor":24.0},{"not_picked":["Leap","Ball Lightning"],"picked":"Reinforced Body","floor":25.0},{"not_picked":["Ball Lightning","Conserve Battery","Fusion"],"picked":"SKIP","floor":25.0},{"not_picked":["White Noise+1","Coolheaded"],"picked":"Recycle","floor":28.0},{"not_picked":["Go for the Eyes","Sweeping Beam","Redo"],"picked":"SKIP","floor":28.0},{"not_picked":["Darkness+1","Undo","Rip and Tear"],"picked":"Singing Bowl","floor":31.0},{"not_picked":["Thunder Strike","Meteor Strike","Hyperbeam"],"picked":"Singing Bowl","floor":33.0},{"not_picked":["Heatsinks","Cold Snap","Double Energy"],"picked":"Singing Bowl","floor":35.0},{"not_picked":["Conserve Battery+1","Hologram"],"picked":"Stack+1","floor":35.0},{"not_picked":["Leap","Reprogram","Redo"],"picked":"Singing Bowl","floor":38.0},{"not_picked":["Gash+1","BootSequence","Sweeping Beam"],"picked":"Singing Bowl","floor":38.0},{"not_picked":["Darkness","Lockon","Doom and Gloom+1"],"picked":"Singing Bowl","floor":39.0},{"not_picked":["Consume","Redo","Hologram"],"picked":"Singing Bowl","floor":39.0},{"not_picked":["Barrage","Thunder Strike","Redo"],"picked":"Singing Bowl","floor":40.0},{"not_picked":["Rebound+1","Conserve Battery","Scrape"],"picked":"Singing Bowl","floor":41.0},{"not_picked":["Sunder","Turbo","Cold Snap"],"picked":"Singing Bowl","floor":41.0},{"not_picked":["Go for the Eyes","Thunder Strike"],"picked":"Defragment","floor":45},{"not_picked":["Lockon+1","FTL","Coolheaded"],"picked":"Singing Bowl","floor":47},{"not_picked":["Beam Cell","Coolheaded+1","Rainbow"],"picked":"Singing Bowl","floor":47},{"not_picked":["Turbo","Hologram","Compile Driver"],"picked":"Singing Bowl","floor":48}],"player_experience":949353,"relics_obtained":[{"floor":6.0,"key":"Potion Belt"},{"floor":8.0,"key":"Darkstone Periapt"},{"floor":9.0,"key":"Thread and Needle"},{"floor":11.0,"key":"Pear"},{"floor":13.0,"key":"Prayer Wheel"},{"floor":23.0,"key":"Gambling Chip"},{"floor":26.0,"key":"Cables"},{"floor":31.0,"key":"Singing Bowl"},{"floor":40.0,"key":"Calipers"},{"floor":43,"key":"Ice Cream"},{"floor":45,"key":"Dead Branch"},{"floor":48,"key":"Art of War"}],"event_choices":[{"event_name":"FaceTrader","player_choice":"Trade","floor":22.0,"damage_taken":0.0},{"event_name":"Back to Basics","player_choice":"Elegance","floor":29.0,"damage_taken":0.0},{"event_name":"Mysterious Sphere","player_choice":"Ignore","floor":37.0,"damage_taken":0.0}],"is_beta":false,"boss_relics":[{"not_picked":["Snecko Eye","Calling Bell"],"picked":"Velvet Choker"},{"not_picked":["Coffee Dripper","Lizard Tail"],"picked":"Philosopher\u0027s Stone"}],"items_purged_floors":[],"is_endless":false,"potions_floor_spawned":[1,8,11,13,16,18,28,31,33,35,41],"ascension_level":15}