{"gold_per_floor":[110,110,121,146,146,146,178,178,204,224,264,282,282,15,15,104,104,124,124,39,53,67,67,85,119,195,16,50,50,64,64,64,136,136,149,204,221,221,221,246,258,258,305,305,323,358,388,419,419,419,419,419,419,36,66,66],"floor_reached":56,"playtime":3320,"items_purged":["Strike_B","Defend_B","Defend_B"],"score":2126,"play_id":"d761f053-2b83-4da6-a96e-f7a51059a976","local_time":"20181209221941","is_ascension_mode":true,"campfire_choices":[{"data":"Streamline","floor":6.0,"key":"SMITH"},{"data":"Zap","floor":13.0,"key":"SMITH"},{"data":"Beam Cell","floor":15.0,"key":"SMITH"},{"data":"Sunder","floor":23.0,"key":"SMITH"},{"floor":29.0,"key":"REST"},{"data":"Capacitor","floor":32.0,"key":"SMITH"},{"floor":42.0,"key":"RECALL"},{"data":"Consume","floor":44.0,"key":"SMITH"},{"data":"Creative AI","floor":49.0,"key":"SMITH"},{"data":"Multi-Cast","floor":53.0,"key":"SMITH"}],"neow_cost":"NONE","seed_source_timestamp":0,"circlet_count":0,"master_deck":["AscendersBane","Defend_B","Zap+1","Dualcast","Capacitor+1","Streamline+1","Glacier+1","Conserve Battery+1","Cold Snap+1","Beam Cell+1","Electrodynamics","Leap+1","Machine Learning+1","Fusion+1","Sunder+1","Static Discharge+1","Go for the Eyes+1","Barrage","Creative AI+1","Turbo+1","Hologram+1","Enlightenment","Impatience","Magnetism","Consume+1","Compile Driver","Reinforced Body+1","Multi-Cast+1","Coolheaded+1"],"special_seed":0,"relics":["Cracked Core","NeowsBlessing","Symbiotic Virus","Bag of Marbles","Bronze Scales","Bloody Idol","Centennial Puzzle","Strawberry","Lantern","Astrolabe","Boot","Bird Faced Urn","Letter Opener","Whetstone","Coffee Dripper","Mango","Question Card","War Paint","Mummified Hand","Pen Nib","Shuriken"],"potions_floor_usage":[56],"damage_taken":[{"damage":0.0,"enemies":"Small Slimes","floor":1.0,"turns":1.0},{"damage":0.0,"enemies":"Jaw Worm","floor":3.0,"turns":1.0},{"damage":0.0,"enemies":"Lagavulin","floor":7.0,"turns":1.0},{"damage":0.0,"enemies":"2 Louse","floor":10.0,"turns":2.0},{"damage":9.0,"enemies":"3 Sentries","floor":11.0,"turns":8.0},{"damage":1.0,"enemies":"Large Slime","floor":12.0,"turns":4.0},{"damage":0.0,"enemies":"The Guardian","floor":16.0,"turns":10.0},{"damage":4.0,"enemies":"3 Byrds","floor":18.0,"turns":1.0},{"damage":3.0,"enemies":"Chosen","floor":21.0,"turns":4.0},{"damage":0.0,"enemies":"Centurion and Healer","floor":22.0,"turns":4.0},{"damage":18.0,"enemies":"Sentry and Sphere","floor":24.0,"turns":5.0},{"damage":42.0,"enemies":"Book of Stabbing","floor":25.0,"turns":4.0},{"damage":17.0,"enemies":"Gremlin Leader","floor":28.0,"turns":4.0},{"damage":5.0,"enemies":"Chosen and Byrds","floor":30.0,"turns":4.0},{"damage":25.0,"enemies":"Champ","floor":33.0,"turns":10.0},{"damage":0.0,"enemies":"3 Shapes","floor":35.0,"turns":4.0},{"damage":44.0,"enemies":"2 Orb Walkers","floor":36.0,"turns":4.0},{"damage":31.0,"enemies":"3 Darklings","floor":37.0,"turns":14.0},{"damage":38.0,"enemies":"Nemesis","floor":40.0,"turns":7.0},{"damage":6.0,"enemies":"Maw","floor":41.0,"turns":7.0},{"damage":7.0,"enemies":"4 Shapes","floor":45.0,"turns":4.0},{"damage":34.0,"enemies":"Reptomancer","floor":46.0,"turns":7.0},{"damage":14.0,"enemies":"Writhing Mass","floor":47.0,"turns":7.0},{"damage":3.0,"enemies":"Giant Head","floor":48.0,"turns":9.0},{"damage":20.0,"enemies":"Awakened One","floor":50.0,"turns":13.0},{"damage":64.0,"enemies":"Donu and Deca","floor":51.0,"turns":17.0},{"damage":56.0,"enemies":"Shield and Spear","floor":55.0,"turns":5.0},{"damage":47,"enemies":"The Heart","floor":56,"turns":3}],"seed_played":"-3745766461353082413","potions_obtained":[{"floor":1.0,"key":"SpeedPotion"},{"floor":11.0,"key":"Dexterity Potion"},{"floor":12.0,"key":"Dexterity Potion"},{"floor":16.0,"key":"SkillPotion"},{"floor":21.0,"key":"AttackPotion"},{"floor":25.0,"key":"AttackPotion"},{"floor":28.0,"key":"Energy Potion"},{"floor":30.0,"key":"Strength Potion"},{"floor":33.0,"key":"Weak Potion"},{"floor":35.0,"key":"LiquidBronze"},{"floor":37.0,"key":"Block Potion"},{"floor":40.0,"key":"SpeedPotion"},{"floor":46.0,"key":"Poison Potion"},{"floor":55.0,"key":"Energy Potion"}],"is_trial":false,"path_per_floor":["M","?","M","T","?","R","E","?","T","M","E","M","R","$","R","B",null,"M","?","?","M","M","R","M","E","T","$","E","R","M","?","R","B",null,"M","?","M","?","?","E","M","R","T","R","M","E","M","E","R","B","B",null,"R","$","E","B"],"character_chosen":"DEFECT","items_purchased":["Lantern","Beam Cell","FocusPotion","Pen Nib","FocusPotion"],"campfire_rested":1,"item_purchase_floors":[14,14,27,54,54],"current_hp_per_floor":[64,64,64,64,57,57,57,57,57,57,55,54,54,54,54,54,67,63,63,63,65,70,70,57,20,25,25,19,40,44,44,44,30,61,71,58,85,81,71,56,73,73,78,78,81,69,81,81,81,81,73,79,79,79,40,0],"gold":66,"neow_bonus":"THREE_ENEMY_KILL","is_prod":false,"is_daily":false,"chose_seed":false,"campfire_upgraded":8,"win_rate":0,"timestamp":1544365181,"path_taken":["M","?","M","?","?","R","E","?","T","M","E","M","R","$","R","BOSS","M","?","?","M","M","R","M","E","T","$","E","R","M","?","R","BOSS","M","?","M","?","?","E","M","R","T","R","M","E","M","E","R","BOSS","BOSS","R","$","E","BOSS"],"build_version":"2018-12-06","purchased_purges":3,"victory":false,"max_hp_per_floor":[71,71,71,71,71,71,71,64,64,64,71,71,71,71,71,71,71,71,71,71,71,71,71,71,71,71,71,71,71,71,71,71,71,71,71,85,85,81,81,81,81,81,81,81,81,81,81,81,81,81,81,81,81,81,81,81],"card_choices":[{"not_picked":["Reinforced Body","Sweeping Beam"],"picked":"Capacitor","floor":1.0},{"not_picked":["Hologram","Turbo"],"picked":"Streamline","floor":3.0},{"not_picked":["Aggregate","Skim"],"picked":"Glacier","floor":7.0},{"not_picked":["Rip and Tear","Static Discharge"],"picked":"Conserve Battery","floor":10.0},{"not_picked":["Go for the Eyes","Blizzard"],"picked":"Cold Snap","floor":11.0},{"not_picked":["Turbo","Ball Lightning","Streamline"],"picked":"SKIP","floor":12.0},{"not_picked":["All For One","Creative AI"],"picked":"Electrodynamics","floor":16.0},{"not_picked":["Auto Shields","Force Field","Melter+1"],"picked":"SKIP","floor":18.0},{"not_picked":["Sweeping Beam","Stack"],"picked":"Sunder","floor":21.0},{"not_picked":["Sweeping Beam","Stack"],"picked":"Static Discharge+1","floor":22.0},{"not_picked":["Turbo","Steam","Static Discharge"],"picked":"SKIP","floor":24.0},{"not_picked":["Turbo","Steam","Static Discharge"],"picked":"SKIP","floor":24.0},{"not_picked":["Stack","Scrape","Hologram"],"picked":"SKIP","floor":25.0},{"not_picked":["FTL","Barrage"],"picked":"Go for the Eyes","floor":28.0},{"not_picked":["Darkness","Hyperbeam"],"picked":"Barrage","floor":30.0},{"not_picked":["Hyperbeam","Rainbow"],"picked":"Creative AI","floor":33.0},{"not_picked":["Coolheaded","Cold Snap+1"],"picked":"Turbo+1","floor":35.0},{"not_picked":["Gash","Loop"],"picked":"Hologram+1","floor":37.0},{"not_picked":["Transmutation","Violence"],"picked":"Enlightenment","floor":39.0},{"not_picked":["Bandage Up","Secret Technique"],"picked":"Impatience","floor":39.0},{"not_picked":["Mind Blast","Panache"],"picked":"Magnetism","floor":39.0},{"not_picked":["White Noise","Capacitor"],"picked":"Consume","floor":40.0},{"not_picked":["Turbo","Melter","Rebound"],"picked":"Compile Driver","floor":41.0},{"not_picked":["Aggregate","Leap+1","Conserve Battery"],"picked":"Reinforced Body+1","floor":45.0},{"not_picked":["Beam Cell","Sweeping Beam+1","Cold Snap"],"picked":"Multi-Cast","floor":46.0},{"not_picked":["Hologram","Melter","Conserve Battery","Steam"],"picked":"SKIP","floor":47.0},{"not_picked":["Amplify","Tempest+1","Steam Power"],"picked":"Coolheaded+1","floor":48.0},{"not_picked":["Chaos","Steam","Barrage","Cold Snap"],"picked":"SKIP","floor":55.0}],"player_experience":2340299,"relics_obtained":[{"floor":4.0,"key":"Bag of Marbles"},{"floor":7.0,"key":"Bronze Scales"},{"floor":9.0,"key":"Centennial Puzzle"},{"floor":11.0,"key":"Strawberry"},{"floor":25.0,"key":"Bird Faced Urn"},{"floor":26.0,"key":"Letter Opener"},{"floor":28.0,"key":"Whetstone"},{"floor":36.0,"key":"Mango"},{"floor":40.0,"key":"Question Card"},{"floor":46.0,"key":"War Paint"},{"floor":48.0,"key":"Mummified Hand"},{"floor":55.0,"key":"Shuriken"}],"event_choices":[{"damage_healed":0.0,"max_hp_gain":0.0,"max_hp_loss":0.0,"gold_gain":0.0,"event_name":"Big Fish","player_choice":"Box","floor":2.0,"gold_loss":0.0,"damage_taken":0.0,"relics_obtained":["Symbiotic Virus"],"cards_obtained":["Regret"]},{"cards_removed":["Regret"],"damage_healed":0.0,"max_hp_gain":0.0,"max_hp_loss":0.0,"gold_gain":0.0,"event_name":"Golden Wing","player_choice":"Card Removal","floor":5.0,"gold_loss":0.0,"damage_taken":7.0},{"damage_healed":0.0,"max_hp_gain":0.0,"max_hp_loss":7.0,"gold_gain":0.0,"event_name":"Golden Idol","player_choice":"Lose Max HP","floor":8.0,"gold_loss":0.0,"damage_taken":0.0,"relics_obtained":["Golden Idol"]},{"damage_healed":0.0,"max_hp_gain":0.0,"max_hp_loss":0.0,"gold_gain":0.0,"event_name":"Forgotten Altar","player_choice":"Gave Idol","floor":19.0,"relics_lost":["Golden Idol"],"gold_loss":0.0,"damage_taken":0.0,"relics_obtained":["Bloody Idol"]},{"damage_healed":0.0,"max_hp_gain":0.0,"max_hp_loss":0.0,"gold_gain":0.0,"event_name":"Addict","player_choice":"Obtained Relic","floor":20.0,"gold_loss":85.0,"damage_taken":0.0,"relics_obtained":["Boot"]},{"cards_removed":["Strike_B"],"damage_healed":0.0,"max_hp_gain":0.0,"max_hp_loss":0.0,"gold_gain":0.0,"event_name":"Back to Basics","player_choice":"Elegance","floor":31.0,"gold_loss":0.0,"damage_taken":0.0},{"damage_healed":0.0,"max_hp_gain":0.0,"max_hp_loss":0.0,"gold_gain":0.0,"event_name":"Mysterious Sphere","player_choice":"Fight","floor":36.0,"gold_loss":0.0,"damage_taken":0.0},{"damage_healed":0.0,"max_hp_gain":0.0,"max_hp_loss":4.0,"gold_gain":0.0,"event_name":"Winding Halls","player_choice":"Max HP","floor":38.0,"gold_loss":0.0,"damage_taken":0.0},{"damage_healed":0.0,"max_hp_gain":0.0,"max_hp_loss":0.0,"gold_gain":0.0,"event_name":"SensoryStone","player_choice":"Memory 3","floor":39.0,"gold_loss":0.0,"damage_taken":10.0}],"is_beta":false,"boss_relics":[{"not_picked":["Calling Bell","Lizard Tail"],"picked":"Astrolabe"},{"not_picked":["Runic Pyramid","Black Star"],"picked":"Coffee Dripper"}],"items_purged_floors":[14,27,54],"is_endless":false,"potions_floor_spawned":[1,11,12,16,21,25,28,30,33,35,37,40,46,47,55],"killed_by":"The Heart","ascension_level":20}