{"gold_per_floor":[112,31,31,31,44,44,69,137,188,201,251,301,301,311,311,311],"floor_reached":16,"playtime":1372,"items_purged":[],"score":115,"play_id":"e2704875-270a-40b1-bd62-a8fcd841d276","local_time":"20181122164659","is_ascension_mode":true,"campfire_choices":[{"data":"Caltrops","floor":6,"key":"SMITH"},{"floor":13,"key":"REST"},{"floor":15,"key":"REST"}],"neow_cost":"NONE","seed_source_timestamp":3384295510442828,"circlet_count":0,"master_deck":["Defend_G","Defend_G","Defend_G","Defend_G","Strike_G","Strike_G","Strike_G","Strike_G","Strike_G","Survivor","Neutralize","Prepared","Caltrops+1","Deadly Poison","Poisoned Stab","PiercingWail","Backflip","Catalyst"],"relics":["Ring of the Snake","SsserpentHead","Bag of Preparation","Anchor","Calipers"],"potions_floor_usage":[7,10,16],"damage_taken":[{"damage":6,"enemies":"Cultist","floor":1,"turns":3},{"damage":8,"enemies":"2 Louse","floor":5,"turns":4},{"damage":36,"enemies":"Gremlin Nob","floor":7,"turns":4},{"damage":0,"enemies":"Small Slimes","floor":8,"turns":3},{"damage":16,"enemies":"Gremlin Gang","floor":10,"turns":4},{"damage":6,"enemies":"2 Fungi Beasts","floor":14,"turns":3},{"damage":48,"enemies":"Slime Boss","floor":16,"turns":6}],"seed_played":"-6999921060698182588","potions_obtained":[{"floor":5,"key":"Swift Potion"},{"floor":8,"key":"GhostInAJar"},{"floor":14,"key":"Strength Potion"}],"is_trial":false,"path_per_floor":["M","$","?","?","M","R","E","M","T","M","?","T","R","M","R","B"],"character_chosen":"THE_SILENT","items_purchased":["Caltrops"],"campfire_rested":2,"item_purchase_floors":[2],"current_hp_per_floor":[64,64,69,69,61,61,25,25,25,9,9,9,31,25,47,0],"gold":311,"neow_bonus":"REMOVE_CARD","is_prod":false,"is_daily":false,"chose_seed":false,"campfire_upgraded":1,"win_rate":0,"timestamp":1542923219,"path_taken":["M","?","?","?","M","R","E","?","T","M","?","?","R","M","R","BOSS"],"build_version":"2018-11-15","purchased_purges":0,"victory":false,"max_hp_per_floor":[70,70,75,75,75,75,75,75,75,75,75,75,75,75,75,75],"card_choices":[{"not_picked":["Quick Slash","Distraction"],"picked":"Prepared","floor":1},{"not_picked":["Deflect","Flechettes"],"picked":"Deadly Poison","floor":5},{"not_picked":["Storm of Steel","Cloak And Dagger"],"picked":"Poisoned Stab","floor":7},{"not_picked":["Tactician","Setup"],"picked":"PiercingWail","floor":8},{"not_picked":["PiercingWail","Choke"],"picked":"Backflip","floor":10},{"not_picked":["Quick Slash","Riddle With Holes"],"picked":"Catalyst","floor":14}],"player_experience":160259,"relics_obtained":[{"floor":7,"key":"Bag of Preparation"},{"floor":9,"key":"Anchor"},{"floor":12,"key":"Calipers"}],"event_choices":[{"damage_healed":0,"gold_gain":0,"player_choice":"Donut","damage_taken":0,"max_hp_gain":5,"max_hp_loss":0,"event_name":"Big Fish","floor":3,"gold_loss":0},{"damage_healed":0,"gold_gain":0,"player_choice":"Trade","damage_taken":0,"relics_obtained":["SsserpentHead"],"max_hp_gain":0,"max_hp_loss":0,"event_name":"FaceTrader","floor":4,"gold_loss":0},{"damage_healed":0,"gold_gain":0,"player_choice":"Ignored","damage_taken":0,"max_hp_gain":0,"max_hp_loss":0,"event_name":"Shining Light","floor":11,"gold_loss":0}],"is_beta":false,"boss_relics":[],"items_purged_floors":[],"is_endless":false,"potions_floor_spawned":[5,8,14],"killed_by":"Slime Boss","ascension_level":3}