{"gold_per_floor":[117,127,127,4,17,17,34,44,44,44,73,90,90,122,122,122],"floor_reached":16,"playtime":725,"items_purged":[],"score":196,"play_id":"a9e44a4d-d1b2-407e-9a4a-138abe8da06c","local_time":"20181025222624","is_ascension_mode":true,"campfire_choices":[{"data":"Body Slam","floor":6,"key":"SMITH"},{"data":"Armaments","floor":13,"key":"SMITH"},{"data":"Whirlwind","floor":15,"key":"SMITH"}],"neow_cost":"NONE","seed_source_timestamp":73034738885283,"circlet_count":0,"master_deck":["Strike_R","Strike_R","Strike_R","Strike_R","Strike_R+1","Defend_R","Defend_R","Defend_R","Defend_R","Bash+1","AscendersBane","Flame Barrier","Iron Wave","Clothesline","Feel No Pain","Body Slam+1","Headbutt+1","Armaments+1","Power Through","Whirlwind+1"],"relics":["Burning Blood","Sundial","Matryoshka","Bottled Lightning","Whetstone"],"potions_floor_usage":[11,14,16],"damage_taken":[{"damage":3,"enemies":"2 Louse","floor":1,"turns":4},{"damage":1,"enemies":"Small Slimes","floor":2,"turns":5},{"damage":4,"enemies":"Cultist","floor":5,"turns":3},{"damage":5,"enemies":"Blue Slaver","floor":7,"turns":5},{"damage":8,"enemies":"Large Slime","floor":8,"turns":6},{"damage":24,"enemies":"3 Sentries","floor":11,"turns":12},{"damage":18,"enemies":"Gremlin Gang","floor":12,"turns":4},{"damage":16,"enemies":"Gremlin Nob","floor":14,"turns":5},{"damage":36,"enemies":"Slime Boss","floor":16,"turns":11}],"seed_played":"-6138201734612333088","potions_obtained":[{"floor":1,"key":"Poison Potion"},{"floor":5,"key":"SkillPotion"},{"floor":12,"key":"Block Potion"}],"is_trial":false,"path_per_floor":["M","M","?","$","M","R","M","M","T","?","E","M","R","E","R"],"character_chosen":"IRONCLAD","items_purchased":["Clothesline","Feel No Pain"],"campfire_rested":0,"item_purchase_floors":[4,4],"current_hp_per_floor":[71,75,80,80,80,80,80,78,78,67,49,37,37,27,27,0],"gold":122,"neow_bonus":"UPGRADE_CARD","is_prod":false,"is_daily":false,"chose_seed":false,"campfire_upgraded":3,"win_rate":0,"timestamp":1540531584,"path_taken":["M","M","?","$","?","R","M","M","T","?","E","M","R","E","R","BOSS"],"build_version":"2018-10-25","purchased_purges":0,"victory":false,"max_hp_per_floor":[75,75,80,80,80,80,80,80,80,80,80,80,80,80,80,80],"card_choices":[{"not_picked":["Searing Blow","Clash"],"picked":"Flame Barrier","floor":1},{"not_picked":["Entrench","Fire Breathing"],"picked":"Iron Wave","floor":2},{"not_picked":["Rupture","Flex"],"picked":"Body Slam","floor":5},{"not_picked":["Disarm","Battle Trance"],"picked":"Headbutt","floor":7},{"not_picked":["Body Slam","Heavy Blade"],"picked":"Armaments","floor":8},{"not_picked":["Brutality","Battle Trance","Heavy Blade"],"picked":"SKIP","floor":11},{"not_picked":["Reckless Charge","Uppercut"],"picked":"Power Through","floor":12},{"not_picked":["Heavy Blade","Havoc"],"picked":"Whirlwind","floor":14}],"player_experience":1472652,"relics_obtained":[{"floor":9,"key":"Sundial"},{"floor":11,"key":"Bottled Lightning"},{"floor":14,"key":"Whetstone"}],"event_choices":[{"damage_healed":0,"gold_gain":0,"player_choice":"Donut","damage_taken":0,"max_hp_gain":5,"max_hp_loss":0,"event_name":"Big Fish","floor":3,"gold_loss":0},{"damage_healed":0,"gold_gain":0,"player_choice":"Success","damage_taken":11,"relics_obtained":["Matryoshka"],"max_hp_gain":0,"max_hp_loss":0,"event_name":"Scrap Ooze","floor":10,"gold_loss":0}],"is_beta":false,"boss_relics":[],"items_purged_floors":[],"is_endless":false,"potions_floor_spawned":[1,5,8,12],"killed_by":"Slime Boss","ascension_level":15}