{"gold_per_floor":[111,130,130,40,56,56,71,96,96,96,128,128,53,53,53,53],"floor_reached":16,"playtime":658,"items_purged":["Strike_R"],"score":216,"play_id":"826589c1-488b-479e-9362-aacbe69489ea","local_time":"20190413040412","is_ascension_mode":true,"campfire_choices":[{"data":"Bludgeon","floor":6.0,"key":"SMITH"},{"data":"Combust","floor":10,"key":"SMITH"},{"data":"Strike_R","floor":12,"key":"PURGE"},{"data":"Defend_R","floor":15,"key":"PURGE"}],"neow_cost":"TEN_PERCENT_HP_LOSS","seed_source_timestamp":2064735428055300,"circlet_count":0,"master_deck":["AscendersBane","Strike_R","Strike_R","Strike_R","Defend_R","Defend_R","Defend_R","Bash","Bludgeon+1","Shrug It Off","Shrug It Off","Combust+1","Rupture","Rupture","Warcry"],"special_seed":0,"relics":["Burning Blood","Singing Bowl","Torii","Peace Pipe"],"potions_floor_usage":[8,16],"damage_taken":[{"damage":6.0,"enemies":"Small Slimes","floor":1.0,"turns":2.0},{"damage":9.0,"enemies":"Jaw Worm","floor":2.0,"turns":3.0},{"damage":7.0,"enemies":"2 Louse","floor":5.0,"turns":4.0},{"damage":1.0,"enemies":"2 Fungi Beasts","floor":7.0,"turns":4.0},{"damage":26,"enemies":"Gremlin Nob","floor":8,"turns":4},{"damage":15,"enemies":"3 Sentries","floor":11,"turns":7},{"damage":51,"enemies":"Hexaghost","floor":16,"turns":9}],"seed_played":"5227125050698595784","potions_obtained":[{"floor":5.0,"key":"Ancient Potion"},{"floor":8,"key":"Explosive Potion"},{"floor":11,"key":"LiquidBronze"}],"is_trial":false,"path_per_floor":["M","M","?","$","M","R","M","E","T","R","E","R","$","?","R","B"],"character_chosen":"IRONCLAD","items_purchased":["Combust"],"campfire_rested":0,"item_purchase_floors":[4],"current_hp_per_floor":[68,65,70,70,69,69,73,53,53,53,46,46,46,46,46,0],"gold":53,"neow_bonus":"THREE_RARE_CARDS","is_prod":false,"is_daily":false,"chose_seed":false,"campfire_upgraded":2,"win_rate":0,"timestamp":1555124652,"path_taken":["M","M","?","$","M","R","M","E","T","R","E","R","$","?","R","BOSS"],"build_version":"2019-01-23","purchased_purges":1,"victory":false,"max_hp_per_floor":[68,68,73,73,73,73,73,73,73,73,75,75,75,75,75,75],"card_choices":[{"not_picked":["Barricade","Dark Embrace"],"picked":"Bludgeon","floor":0.0},{"not_picked":["Pommel Strike","Headbutt"],"picked":"Shrug It Off","floor":1.0},{"not_picked":["Inflame","Cleave"],"picked":"Shrug It Off","floor":2.0},{"not_picked":["Iron Wave","Pummel"],"picked":"Rupture","floor":5.0},{"not_picked":["Body Slam","Fire Breathing"],"picked":"Rupture","floor":7.0},{"not_picked":["Rampage","Clash"],"picked":"Warcry","floor":8},{"not_picked":["Thunderclap","Cleave","Perfected Strike"],"picked":"Singing Bowl","floor":11}],"player_experience":2697918,"relics_obtained":[{"floor":8,"key":"Singing Bowl"},{"floor":9,"key":"Torii"},{"floor":11,"key":"Peace Pipe"}],"event_choices":[{"damage_healed":0.0,"max_hp_gain":5.0,"max_hp_loss":0.0,"gold_gain":0.0,"event_name":"Big Fish","player_choice":"Donut","floor":3.0,"gold_loss":0.0,"damage_taken":0.0},{"damage_healed":0,"gold_gain":0,"player_choice":"Leave","damage_taken":0,"max_hp_gain":0,"max_hp_loss":0,"event_name":"The Cleric","floor":14,"gold_loss":0}],"is_beta":false,"boss_relics":[],"items_purged_floors":[13],"is_endless":false,"potions_floor_spawned":[5,8,11],"killed_by":"Hexaghost","ascension_level":20}