{"gold_per_floor":[109,125,137,152,71,71,101,101,101,118,148,85,85],"floor_reached":13,"playtime":634,"items_purged":[],"score":190,"play_id":"cc5bdb46-0efd-4858-bf13-e5ab07473841","local_time":"20190409190059","is_ascension_mode":true,"campfire_choices":[{"data":"Bash","floor":6,"key":"SMITH"},{"floor":8,"key":"REST"}],"neow_cost":"NONE","seed_source_timestamp":1773009710376600,"circlet_count":0,"master_deck":["AscendersBane","Strike_R","Strike_R","Strike_R","Strike_R","Strike_R","Defend_R","Defend_R","Defend_R","Defend_R","Bash+1","Dropkick","Rampage","Headbutt","Anger","Inflame","Burning Pact","Armaments+1"],"relics":["Burning Blood","Matryoshka","Ancient Tea Set","Toxic Egg 2","Pen Nib"],"potions_floor_usage":[11,13],"damage_taken":[{"damage":6,"enemies":"Cultist","floor":1,"turns":3},{"damage":14,"enemies":"Jaw Worm","floor":2,"turns":5},{"damage":19,"enemies":"Small Slimes","floor":3,"turns":3},{"damage":12,"enemies":"Gremlin Gang","floor":4,"turns":7},{"damage":31,"enemies":"Gremlin Nob","floor":7,"turns":4},{"damage":16,"enemies":"Lots of Slimes","floor":10,"turns":5},{"damage":20,"enemies":"Lagavulin","floor":11,"turns":5},{"damage":24,"enemies":"3 Louse","floor":13,"turns":2}],"seed_played":"5874352428525289152","potions_obtained":[{"floor":1,"key":"PowerPotion"},{"floor":7,"key":"FearPotion"},{"floor":11,"key":"Dexterity Potion"}],"is_trial":false,"path_per_floor":["M","M","M","M","$","R","E","R","T","M","E","?","M"],"character_chosen":"IRONCLAD","items_purchased":["Inflame"],"campfire_rested":1,"item_purchase_floors":[5],"current_hp_per_floor":[75,67,54,48,48,48,23,47,47,37,23,23,0],"gold":85,"neow_bonus":"TEN_PERCENT_HP_BONUS","is_prod":false,"is_daily":false,"chose_seed":false,"campfire_upgraded":1,"win_rate":0,"timestamp":1554832859,"path_taken":["M","M","M","?","?","R","E","R","T","M","E","?","M"],"build_version":"2019-01-23","purchased_purges":0,"victory":false,"max_hp_per_floor":[82,82,82,82,82,82,82,82,82,82,82,82,82],"card_choices":[{"not_picked":["Clash","Cleave"],"picked":"Dropkick","floor":1},{"not_picked":["True Grit","Entrench"],"picked":"Rampage","floor":2},{"not_picked":["Dropkick","Rage"],"picked":"Headbutt","floor":3},{"not_picked":["Barricade","Searing Blow"],"picked":"Anger","floor":4},{"not_picked":["Infernal Blade","Disarm"],"picked":"Burning Pact","floor":7},{"not_picked":["Headbutt","Clothesline"],"picked":"Armaments+1","floor":10},{"not_picked":["Body Slam","Dual Wield+1","Carnage"],"picked":"SKIP","floor":11}],"player_experience":2639482,"relics_obtained":[{"floor":7,"key":"Matryoshka"},{"floor":9,"key":"Ancient Tea Set"},{"floor":9,"key":"Toxic Egg 2"},{"floor":11,"key":"Pen Nib"}],"event_choices":[{"damage_healed":0,"gold_gain":0,"player_choice":"Left Gold","damage_taken":0,"max_hp_gain":0,"max_hp_loss":0,"event_name":"World of Goop","floor":12,"gold_loss":63}],"is_beta":false,"boss_relics":[],"items_purged_floors":[],"is_endless":false,"potions_floor_spawned":[1,7,11],"killed_by":"3 Louse","ascension_level":20}