{"gold_per_floor":[212,362,362,60,60,91,12,12,39,64,77,121,121,146,146,146],"floor_reached":16,"playtime":777,"items_purged":["Doubt"],"score":216,"play_id":"87b9550e-2491-4287-8486-005a105218d1","local_time":"20190305170915","is_ascension_mode":true,"campfire_choices":[{"data":"Dash","floor":8.0,"key":"SMITH"},{"floor":13.0,"key":"REST"},{"data":"Ball Lightning","floor":15.0,"key":"SMITH"}],"neow_cost":"NONE","seed_source_timestamp":13802266312400,"circlet_count":0,"master_deck":["AscendersBane","Defend_G","Defend_G","Defend_G","Defend_G","Defend_G","Strike_G","Strike_G","Strike_G","Strike_G","Survivor","Neutralize","Dash+1","Crippling Poison","Footwork","Double Tap","Ball Lightning+1","Turbo","White Noise"],"special_seed":0,"relics":["Ring of the Snake","PrismaticShard","Golden Idol","Question Card","Anchor","Peace Pipe"],"potions_floor_usage":[16,16],"damage_taken":[{"damage":3.0,"enemies":"Small Slimes","floor":1.0,"turns":5.0},{"damage":42.0,"enemies":"Gremlin Nob","floor":6.0,"turns":6.0},{"damage":1.0,"enemies":"Cultist","floor":10.0,"turns":5.0},{"damage":0.0,"enemies":"2 Louse","floor":11.0,"turns":3.0},{"damage":5.0,"enemies":"Lagavulin","floor":12.0,"turns":10.0},{"damage":3.0,"enemies":"Large Slime","floor":14.0,"turns":7.0},{"damage":32,"enemies":"Slime Boss","floor":16,"turns":8}],"seed_played":"3749064638475958726","potions_obtained":[{"floor":1.0,"key":"GhostInAJar"},{"floor":6.0,"key":"LiquidBronze"},{"floor":11.0,"key":"AttackPotion"},{"floor":14.0,"key":"Swift Potion"}],"is_trial":false,"path_per_floor":["M","?","?","$","?","E","$","R","T","M","M","E","R","M","R","B"],"character_chosen":"THE_SILENT","items_purchased":["PrismaticShard","Footwork"],"campfire_rested":1,"item_purchase_floors":[4,7],"current_hp_per_floor":[56,56,56,56,56,14,14,14,14,13,13,8,26,23,23,0],"gold":146,"neow_bonus":"HUNDRED_GOLD","is_prod":false,"is_daily":false,"chose_seed":false,"campfire_upgraded":2,"win_rate":0,"timestamp":1551776955,"path_taken":["M","?","?","$","?","E","$","R","T","M","M","E","R","M","R","BOSS"],"build_version":"2019-01-23","purchased_purges":1,"victory":false,"max_hp_per_floor":[66,66,66,66,60,60,60,60,60,60,60,60,60,60,60,60],"card_choices":[{"not_picked":["Quick Slash","Predator"],"picked":"Dash","floor":1.0},{"not_picked":["Sword Boomerang","Clash","Redo"],"picked":"SKIP","floor":6.0},{"not_picked":["PiercingWail","Aggregate","Sucker Punch"],"picked":"Double Tap","floor":10.0},{"not_picked":["Heatsinks","Dodge and Roll","Well Laid Plans"],"picked":"Ball Lightning","floor":11.0},{"not_picked":["Expertise","Underhanded Strike","Compile Driver"],"picked":"Turbo","floor":12.0},{"not_picked":["Turbo","Hologram","Prepared"],"picked":"White Noise","floor":14.0}],"player_experience":2737312,"relics_obtained":[{"floor":6.0,"key":"Question Card"},{"floor":9.0,"key":"Anchor"},{"floor":12.0,"key":"Peace Pipe"}],"event_choices":[{"damage_healed":0.0,"max_hp_gain":0.0,"max_hp_loss":0.0,"gold_gain":150.0,"event_name":"Liars Game","player_choice":"AGREE","floor":2.0,"gold_loss":0.0,"damage_taken":0.0,"cards_obtained":["Doubt"]},{"damage_healed":0.0,"max_hp_gain":0.0,"max_hp_loss":0.0,"gold_gain":0.0,"cards_transformed":["Strike_G"],"event_name":"Living Wall","player_choice":"Change","floor":3.0,"gold_loss":0.0,"damage_taken":0.0,"cards_obtained":["Crippling Poison"]},{"damage_healed":0.0,"max_hp_gain":0.0,"max_hp_loss":6.0,"gold_gain":0.0,"event_name":"Golden Idol","player_choice":"Lose Max HP","floor":5.0,"gold_loss":0.0,"damage_taken":0.0,"relics_obtained":["Golden Idol"]}],"is_beta":false,"boss_relics":[],"items_purged_floors":[4],"is_endless":false,"potions_floor_spawned":[1,6,11,14],"killed_by":"Slime Boss","ascension_level":20}