{"gold_per_floor":[115,131,151,169,94,94,106,106,132,132,166,166,192,145,145,222,222,192,192,192,209,37,37,63,75,136,183,195,219,264,35,35,112,112,123,123,139,157,157,177,203,203,229,246,256,272,304,317,317,317,317,317,317,4,36,36],"floor_reached":57,"playtime":3935,"items_purged":["Strike_B","Defend_B","Defend_B"],"score":3474,"play_id":"c5ca9dca-8ca0-4349-9367-424e929de46a","local_time":"20181227030836","is_ascension_mode":true,"campfire_choices":[{"data":"Darkness","floor":6.0,"key":"SMITH"},{"data":"Buffer","floor":8.0,"key":"SMITH"},{"data":"Redo","floor":10.0,"key":"SMITH"},{"data":"Go for the Eyes","floor":15.0,"key":"SMITH"},{"data":"Lockon","floor":23.0,"key":"SMITH"},{"data":"Sunder","floor":25.0,"key":"SMITH"},{"data":"Defragment","floor":32.0,"key":"SMITH"},{"floor":49.0,"key":"RECALL"},{"data":"Seek","floor":53.0,"key":"SMITH"}],"neow_cost":"NONE","seed_source_timestamp":8040059790560,"circlet_count":0,"master_deck":["AscendersBane","Defend_B+1","Zap","Dualcast","Darkness+1","Redo+1","Chill","Coolheaded+1","Go for the Eyes+1","Biased Cognition","Buffer+1","Sunder+1","Hologram","Consume","Seek+1","Lockon+1","Beam Cell+1","Defragment+1","Panacea","Reboot","Glacier+1","Apotheosis","Discovery","Loop","Capacitor+1","Creative AI","Undo","Storm"],"special_seed":0,"relics":["Orrery","Blood Vial","Omamori","Boot","War Paint","Black Star","Enchiridion","MawBank","Gremlin Horn","PreservedInsect","Peace Pipe","Bag of Preparation","Meat on the Bone","Darkstone Periapt","Cursed Key","Potion Belt","Pear","Prayer Wheel","Symbiotic Virus","Pen Nib","Bottled Lightning"],"potions_floor_usage":[56,56,56,56],"damage_taken":[{"damage":2.0,"enemies":"2 Louse","floor":1.0,"turns":4.0},{"damage":0.0,"enemies":"Small Slimes","floor":2.0,"turns":4.0},{"damage":0.0,"enemies":"Cultist","floor":3.0,"turns":4.0},{"damage":6.0,"enemies":"Blue Slaver","floor":4.0,"turns":5.0},{"damage":4.0,"enemies":"Exordium Wildlife","floor":7.0,"turns":3.0},{"damage":22.0,"enemies":"3 Sentries","floor":11.0,"turns":10.0},{"damage":0.0,"enemies":"Gremlin Nob","floor":13.0,"turns":5.0},{"damage":7.0,"enemies":"Hexaghost","floor":16.0,"turns":9.0},{"damage":0.0,"enemies":"2 Thieves","floor":18.0,"turns":4.0},{"damage":0.0,"enemies":"Chosen","floor":21.0,"turns":6.0},{"damage":12.0,"enemies":"Gremlin Leader","floor":24.0,"turns":7.0},{"damage":20.0,"enemies":"Book of Stabbing","floor":27.0,"turns":5.0},{"damage":0.0,"enemies":"Sentry and Sphere","floor":29.0,"turns":4.0},{"damage":0.0,"enemies":"Gremlin Leader","floor":30.0,"turns":2.0},{"damage":0.0,"enemies":"Collector","floor":33.0,"turns":7.0},{"damage":0.0,"enemies":"3 Shapes","floor":35.0,"turns":1.0},{"damage":0.0,"enemies":"Orb Walker","floor":37.0,"turns":3.0},{"damage":6.0,"enemies":"3 Darklings","floor":38.0,"turns":3.0},{"damage":0.0,"enemies":"Jaw Worm Horde","floor":40.0,"turns":6.0},{"damage":0.0,"enemies":"Nemesis","floor":41.0,"turns":3.0},{"damage":0.0,"enemies":"4 Shapes","floor":44.0,"turns":6.0},{"damage":17.0,"enemies":"Sphere and 2 Shapes","floor":45.0,"turns":5.0},{"damage":0.0,"enemies":"Transient","floor":46.0,"turns":6.0},{"damage":0.0,"enemies":"Reptomancer","floor":47.0,"turns":4.0},{"damage":17.0,"enemies":"Jaw Worm Horde","floor":48.0,"turns":3.0},{"damage":0.0,"enemies":"Awakened One","floor":50.0,"turns":12.0},{"damage":0.0,"enemies":"Time Eater","floor":51.0,"turns":13.0},{"damage":45.0,"enemies":"Shield and Spear","floor":55.0,"turns":9.0},{"damage":25,"enemies":"The Heart","floor":56,"turns":9}],"seed_played":"7907703586617808366","potions_obtained":[{"floor":1.0,"key":"AttackPotion"},{"floor":4.0,"key":"Strength Potion"},{"floor":7.0,"key":"Swift Potion"},{"floor":11.0,"key":"Swift Potion"},{"floor":16.0,"key":"Swift Potion"},{"floor":18.0,"key":"Swift Potion"},{"floor":29.0,"key":"SkillPotion"},{"floor":30.0,"key":"Weak Potion"},{"floor":33.0,"key":"Block Potion"},{"floor":37.0,"key":"PowerPotion"},{"floor":41.0,"key":"SpeedPotion"},{"floor":44.0,"key":"Block Potion"},{"floor":46.0,"key":"FairyPotion"},{"floor":48.0,"key":"PowerPotion"}],"is_trial":false,"path_per_floor":["M","M","M","M","?","R","M","R","T","R","E","?","E","?","R","B",null,"M","?","?","M","$","R","E","R","T","E","?","M","E","$","R","B",null,"M","?","M","M","?","M","E","?","T","M","M","M","E","M","R","B","B",null,"R","$","E","B",null],"character_chosen":"DEFECT","items_purchased":["Lockon","SkillPotion","Defragment","Panacea","FocusPotion","Weak Potion","SpeedPotion"],"campfire_rested":0,"item_purchase_floors":[22,22,31,31,54,54,54],"current_hp_per_floor":[62,62,62,56,56,56,52,52,52,52,32,6,8,8,8,3,54,56,35,35,37,37,37,27,27,27,9,9,11,13,13,13,27,60,62,62,64,60,50,52,64,64,64,66,51,53,55,52,52,54,56,75,75,75,44,33],"gold":36,"neow_bonus":"BOSS_RELIC","is_prod":false,"is_daily":false,"chose_seed":false,"campfire_upgraded":8,"win_rate":0,"timestamp":1545851316,"path_taken":["M","M","M","M","?","R","M","R","T","R","E","?","E","?","R","BOSS","M","?","?","M","$","R","E","R","T","E","?","M","E","$","R","BOSS","M","?","M","M","?","M","E","?","T","?","M","M","E","M","R","BOSS","BOSS","R","$","E","BOSS"],"build_version":"2018-12-20","purchased_purges":3,"victory":true,"max_hp_per_floor":[71,71,71,71,71,71,71,71,71,71,71,71,71,71,71,71,71,71,71,71,71,71,71,71,71,71,71,71,71,71,71,71,71,71,71,71,71,71,71,71,81,81,81,81,81,81,81,81,81,81,81,81,81,81,81,81],"card_choices":[{"not_picked":["Conserve Battery","Static Discharge"],"picked":"Darkness","floor":0.0},{"not_picked":["Leap","Hologram"],"picked":"Redo","floor":0.0},{"not_picked":["Beam Cell","Compile Driver"],"picked":"Chill","floor":0.0},{"not_picked":["Go for the Eyes","Chill"],"picked":"Coolheaded","floor":0.0},{"not_picked":["Scrape","Redo"],"picked":"Go for the Eyes","floor":0.0},{"not_picked":["Redo","Gash","Darkness"],"picked":"SKIP","floor":1.0},{"not_picked":["Beam Cell","Reinforced Body","Go for the Eyes"],"picked":"SKIP","floor":2.0},{"not_picked":["Gash","Redo"],"picked":"Biased Cognition","floor":3.0},{"not_picked":["Coolheaded","Redo","Cold Snap"],"picked":"SKIP","floor":4.0},{"not_picked":["Hello World","Rebound"],"picked":"Buffer","floor":7.0},{"not_picked":["Beam Cell","Hyperbeam","Scrape"],"picked":"SKIP","floor":11.0},{"not_picked":["Force Field","Darkness"],"picked":"Sunder","floor":13.0},{"not_picked":["Skim","Conserve Battery"],"picked":"Hologram","floor":18.0},{"not_picked":["Coolheaded","Storm","Leap"],"picked":"SKIP","floor":21.0},{"not_picked":["Turbo","Steam Power"],"picked":"Beam Cell+1","floor":24.0},{"not_picked":["Doom and Gloom","Consume","Compile Driver"],"picked":"SKIP","floor":27.0},{"not_picked":["Hologram","Undo"],"picked":"Doom and Gloom","floor":29.0},{"not_picked":["Ball Lightning","Redo","Auto Shields"],"picked":"SKIP","floor":30.0},{"not_picked":["Buffer","All For One"],"picked":"Reboot","floor":33.0},{"not_picked":["Leap+1","Go for the Eyes","Steam+1"],"picked":"SKIP","floor":35.0},{"not_picked":["Sweeping Beam","Consume","Rebound+1"],"picked":"SKIP","floor":37.0},{"not_picked":["Sweeping Beam","Consume","Rebound+1"],"picked":"SKIP","floor":37.0},{"not_picked":["Streamline","Hologram+1"],"picked":"Glacier+1","floor":38.0},{"not_picked":["Discovery","Metamorphosis"],"picked":"Apotheosis","floor":39.0},{"not_picked":["Madness","Mind Blast"],"picked":"Discovery","floor":39.0},{"not_picked":["Recycle","Rebound+1","Barrage"],"picked":"SKIP","floor":40.0},{"not_picked":["Steam","Force Field","Lockon"],"picked":"SKIP","floor":41.0},{"not_picked":["Ball Lightning","Streamline+1","Tempest+1"],"picked":"SKIP","floor":44.0},{"not_picked":["Ball Lightning","Streamline+1","Tempest+1"],"picked":"SKIP","floor":44.0},{"not_picked":["Melter","Ball Lightning"],"picked":"Loop","floor":45.0},{"not_picked":["Hologram+1","Turbo"],"picked":"Capacitor+1","floor":46.0},{"not_picked":["Cold Snap","Gash","Barrage"],"picked":"SKIP","floor":47.0},{"not_picked":["Beam Cell","White Noise+1"],"picked":"Creative AI","floor":48.0},{"not_picked":["Glacier+1","Sunder+1"],"picked":"Undo","floor":48.0},{"not_picked":["Sweeping Beam","Melter+1"],"picked":"Storm","floor":55.0}],"player_experience":2462446,"relics_obtained":[{"floor":9.0,"key":"Blood Vial"},{"floor":11.0,"key":"Omamori"},{"floor":13.0,"key":"War Paint"},{"floor":19.0,"key":"Enchiridion"},{"floor":24.0,"key":"MawBank"},{"floor":24.0,"key":"Gremlin Horn"},{"floor":26.0,"key":"PreservedInsect"},{"floor":27.0,"key":"Peace Pipe"},{"floor":27.0,"key":"Bag of Preparation"},{"floor":30.0,"key":"Meat on the Bone"},{"floor":30.0,"key":"Darkstone Periapt"},{"floor":41.0,"key":"Potion Belt"},{"floor":41.0,"key":"Pear"},{"floor":47.0,"key":"Prayer Wheel"},{"floor":47.0,"key":"Symbiotic Virus"},{"floor":55.0,"key":"Pen Nib"},{"floor":55.0,"key":"Bottled Lightning"}],"event_choices":[{"cards_removed":["Strike_B"],"damage_healed":0.0,"max_hp_gain":0.0,"max_hp_loss":0.0,"gold_gain":0.0,"event_name":"The Cleric","player_choice":"Card Removal","floor":5.0,"gold_loss":75.0,"damage_taken":0.0},{"damage_healed":0.0,"max_hp_gain":0.0,"max_hp_loss":0.0,"gold_gain":0.0,"event_name":"Scrap Ooze","player_choice":"Success","floor":12.0,"gold_loss":0.0,"damage_taken":26.0,"relics_obtained":["Boot"]},{"damage_healed":0.0,"max_hp_gain":0.0,"max_hp_loss":0.0,"gold_gain":0.0,"event_name":"World of Goop","player_choice":"Left Gold","floor":14.0,"gold_loss":47.0,"damage_taken":0.0},{"damage_healed":0.0,"max_hp_gain":0.0,"max_hp_loss":0.0,"gold_gain":0.0,"event_name":"Cursed Tome","player_choice":"Obtained Book","floor":19.0,"gold_loss":0.0,"damage_taken":21.0},{"damage_healed":0.0,"max_hp_gain":0.0,"max_hp_loss":0.0,"gold_gain":0.0,"cards_transformed":["Strike_B","Defend_B"],"event_name":"Drug Dealer","player_choice":"Became Test Subject","floor":20.0,"gold_loss":0.0,"damage_taken":0.0,"cards_obtained":["Consume","Seek"]},{"cards_removed":["Strike_B"],"damage_healed":0.0,"max_hp_gain":0.0,"max_hp_loss":0.0,"gold_gain":0.0,"event_name":"Back to Basics","player_choice":"Elegance","floor":28.0,"gold_loss":0.0,"damage_taken":0.0},{"cards_removed":["Doom and Gloom"],"damage_healed":0.0,"max_hp_gain":0.0,"max_hp_loss":0.0,"gold_gain":0.0,"event_name":"Falling","player_choice":"Removed Attack","floor":36.0,"gold_loss":0.0,"damage_taken":0.0},{"damage_healed":0.0,"max_hp_gain":0.0,"max_hp_loss":0.0,"gold_gain":0.0,"event_name":"SensoryStone","player_choice":"Memory 3","floor":39.0,"gold_loss":0.0,"damage_taken":10.0},{"damage_healed":0.0,"max_hp_gain":0.0,"max_hp_loss":0.0,"gold_gain":0.0,"event_name":"Duplicator","player_choice":"Ignored","floor":42.0,"gold_loss":0.0,"damage_taken":0.0}],"is_beta":false,"boss_relics":[{"not_picked":["Tiny House","Runic Pyramid"],"picked":"Black Star"},{"not_picked":["Snecko Eye","Sozu"],"picked":"Cursed Key"}],"items_purged_floors":[22,31,54],"is_endless":false,"potions_floor_spawned":[1,4,7,11,16,18,29,30,33,37,41,44,46,48],"ascension_level":20}