{"gold_per_floor":[109,122,133,133,208,208,270,270,295,295,137,137,162,162,162,257,257,282,140,290,26,39,39,39,39,39,39,39,39,60,94,94,187,187,206,206,6,21,21,21,37,37,37,73,73,89,89,89,89,89,89],"floor_reached":52,"playtime":2867,"items_purged":["Strike_G","Strike_G","Strike_G"],"score":2409,"play_id":"67bf3db5-3c2a-49e0-b2dd-ee0c953c1017","local_time":"20190127021846","is_ascension_mode":true,"campfire_choices":[{"data":"Neutralize","floor":6.0,"key":"SMITH"},{"data":"Blade Dance","floor":8.0,"key":"SMITH"},{"floor":10.0,"key":"REST"},{"data":"Calculated Gamble","floor":15.0,"key":"SMITH"},{"floor":23.0,"key":"REST"},{"data":"Burst","floor":29.0,"key":"SMITH"},{"data":"Impatience","floor":32.0,"key":"SMITH"},{"data":"Reflex","floor":40.0,"key":"SMITH"},{"data":"Accuracy","floor":42.0,"key":"SMITH"},{"floor":49.0,"key":"REST"}],"neow_cost":"TEN_PERCENT_HP_LOSS","seed_source_timestamp":11858170821333,"circlet_count":0,"master_deck":["AscendersBane","Defend_G+1","Defend_G+1","Defend_G+1","Defend_G+1","Defend_G+1","Survivor+1","Neutralize+1","Panache+1","Impatience+1","Slice+1","Blade Dance+1","Backflip+1","Calculated Gamble+1","Burst+1","Accuracy+1","Blur+1","Venomology+1","Escape Plan+1","Reflex+1","Night Terror+1"],"special_seed":0,"relics":["Ring of the Snake","Tiny Chest","Juzu Bracelet","Golden Idol","Cursed Key","Kunai","theJungle:BirthdayCakeSlice","Nunchaku","Philosopher\u0027s Stone","Art of War","Mark of the Bloom"],"potions_floor_usage":[50,51,51,51,51,51],"damage_taken":[{"damage":0.0,"enemies":"Cultist","floor":1.0,"turns":4.0},{"damage":2.0,"enemies":"Jaw Worm","floor":2.0,"turns":6.0},{"damage":6.0,"enemies":"Small Slimes","floor":3.0,"turns":4.0},{"damage":51.0,"enemies":"Gremlin Nob","floor":7.0,"turns":6.0},{"damage":0.0,"enemies":"3 Louse","floor":13.0,"turns":2.0},{"damage":0.0,"enemies":"The Guardian","floor":16.0,"turns":14.0},{"damage":17.0,"enemies":"theJungle:MUSHROOMGANG","floor":18.0,"turns":6.0},{"damage":6.0,"enemies":"Shell Parasite","floor":22.0,"turns":5.0},{"damage":1.0,"enemies":"theJungle:Lyon","floor":30.0,"turns":4.0},{"damage":0.0,"enemies":"theJungle:2_Phrogs","floor":31.0,"turns":9.0},{"damage":14.0,"enemies":"theJungle:TotemBoss","floor":33.0,"turns":10.0},{"damage":4.0,"enemies":"Orb Walker","floor":35.0,"turns":4.0},{"damage":5.0,"enemies":"3 Shapes","floor":38.0,"turns":3.0},{"damage":0.0,"enemies":"Transient","floor":41.0,"turns":6.0},{"damage":0.0,"enemies":"Giant Head","floor":44.0,"turns":5.0},{"damage":0.0,"enemies":"Jaw Worm Horde","floor":46.0,"turns":3.0},{"damage":0,"enemies":"Donu and Deca","floor":50,"turns":6},{"damage":0,"enemies":"Awakened One","floor":51,"turns":18}],"seed_played":"1710962861546153701","potions_obtained":[{"floor":2.0,"key":"FairyPotion"},{"floor":7.0,"key":"AttackPotion"},{"floor":16.0,"key":"Dexterity Potion"},{"floor":22.0,"key":"Regen Potion"},{"floor":33.0,"key":"LiquidBronze"},{"floor":35.0,"key":"GhostInAJar"}],"is_trial":false,"path_per_floor":["M","M","M","?","?","R","E","R","T","R","$","?","M","?","R","B",null,"M","$","?","$","M","R","?","?","T","?","?","R","M","E","R","B",null,"M","?","$","M","$","R","M","R","T","E","T","M","?","?","R","B","B",null],"character_chosen":"THE_SILENT","items_purchased":["PowerPotion","Backflip","Accuracy","Kunai","Reflex"],"campfire_rested":3,"item_purchase_floors":[11,11,19,21,37],"current_hp_per_floor":[59,57,51,56,45,45,1,1,1,20,20,20,20,2,2,2,45,28,28,28,28,22,39,24,24,24,24,29,29,40,40,40,26,55,51,51,51,46,46,46,46,46,46,46,46,46,46,46,46,46,46],"gold":89,"neow_bonus":"RANDOM_COLORLESS_2","is_prod":false,"is_daily":false,"chose_seed":false,"campfire_upgraded":7,"win_rate":0,"timestamp":1548526726,"path_taken":["M","M","M","?","?","R","E","R","T","R","$","?","M","?","R","BOSS","M","$","?","$","M","R","?","?","T","?","?","R","M","E","R","BOSS","M","?","?","M","$","R","M","R","T","E","?","M","?","?","R","BOSS","BOSS"],"build_version":"2019-01-23","purchased_purges":3,"victory":true,"max_hp_per_floor":[60,60,60,65,65,65,65,65,65,65,65,59,59,59,59,59,59,59,59,59,59,59,59,59,59,59,59,64,64,64,64,64,64,64,64,64,64,64,64,64,64,64,64,64,64,64,64,52,52,52,52],"card_choices":[{"not_picked":["PiercingWail","Deadly Poison"],"picked":"Slice","floor":1.0},{"not_picked":["Outmaneuver","PiercingWail","Dodge and Roll"],"picked":"SKIP","floor":2.0},{"not_picked":["Bane","Prepared","Accuracy"],"picked":"SKIP","floor":3.0},{"not_picked":["Flechettes","Finisher"],"picked":"Blade Dance","floor":7.0},{"not_picked":["Backflip","Night Terror"],"picked":"Calculated Gamble","floor":13.0},{"not_picked":["Envenom","Grand Finale"],"picked":"Burst","floor":16.0},{"not_picked":["Prepared","Underhanded Strike","Deadly Poison"],"picked":"SKIP","floor":18.0},{"not_picked":["Flying Knee+1","Concentrate","Predator+1"],"picked":"SKIP","floor":22.0},{"not_picked":["Expertise","Prepared"],"picked":"Blur","floor":30.0},{"not_picked":["Calculated Gamble","Setup","Bouncing Flask"],"picked":"SKIP","floor":31.0},{"not_picked":["Burst","Wraith Form v2"],"picked":"Venomology","floor":33.0},{"not_picked":["PiercingWail","Underhanded Strike"],"picked":"Escape Plan","floor":35.0},{"not_picked":["Slice","Terror","Prepared"],"picked":"SKIP","floor":38.0},{"not_picked":["Eviscerate","Reflex","Dagger Spray"],"picked":"SKIP","floor":41.0},{"not_picked":["Outmaneuver","Dash+1","Underhanded Strike+1"],"picked":"SKIP","floor":44.0},{"not_picked":["Terror","Dagger Spray"],"picked":"Night Terror","floor":46.0}],"player_experience":2602766,"relics_obtained":[{"floor":7.0,"key":"Tiny Chest"},{"floor":9.0,"key":"Juzu Bracelet"},{"floor":31.0,"key":"Nunchaku"},{"floor":44.0,"key":"Art of War"}],"event_choices":[{"damage_healed":0.0,"max_hp_gain":5.0,"max_hp_loss":0.0,"gold_gain":0.0,"event_name":"Big Fish","player_choice":"Donut","floor":4.0,"gold_loss":0.0,"damage_taken":0.0},{"damage_healed":0.0,"max_hp_gain":0.0,"max_hp_loss":0.0,"gold_gain":75.0,"event_name":"World of Goop","player_choice":"Gather Gold","floor":5.0,"gold_loss":0.0,"damage_taken":11.0},{"damage_healed":0.0,"max_hp_gain":0.0,"max_hp_loss":6.0,"gold_gain":0.0,"event_name":"Golden Idol","player_choice":"Lose Max HP","floor":12.0,"gold_loss":0.0,"damage_taken":0.0,"relics_obtained":["Golden Idol"]},{"damage_healed":0.0,"max_hp_gain":0.0,"max_hp_loss":0.0,"gold_gain":0.0,"event_name":"Shining Light","player_choice":"Entered Light","floor":14.0,"gold_loss":0.0,"damage_taken":18.0,"cards_upgraded":["Defend_G","Panache"]},{"cards_removed":["Strike_G"],"damage_healed":0.0,"max_hp_gain":0.0,"max_hp_loss":0.0,"gold_gain":0.0,"event_name":"Bonfire Elementals","player_choice":"Offered Basic","floor":25.0,"gold_loss":0.0,"damage_taken":0.0},{"damage_healed":0.0,"max_hp_gain":0.0,"max_hp_loss":0.0,"gold_gain":0.0,"event_name":"Tomb of Lord Red Mask","player_choice":"Ignored","floor":36.0,"gold_loss":0.0,"damage_taken":0.0},{"damage_healed":0.0,"max_hp_gain":0.0,"max_hp_loss":0.0,"gold_gain":0.0,"event_name":"MindBloom","player_choice":"Upgrade","floor":47.0,"gold_loss":0.0,"damage_taken":0.0,"cards_upgraded":["Defend_G","Defend_G","Defend_G","Defend_G","Survivor","Slice","Backflip","Blur","Venomology","Escape Plan","Night Terror"],"relics_obtained":["Mark of the Bloom"]},{"damage_healed":52.0,"max_hp_gain":0.0,"max_hp_loss":12.0,"gold_gain":0.0,"event_name":"The Moai Head","player_choice":"Heal","floor":48.0,"gold_loss":0.0,"damage_taken":0.0}],"is_beta":false,"boss_relics":[{"not_picked":["Orrery","Fusion Hammer"],"picked":"Cursed Key"},{"not_picked":["Snecko Eye","Velvet Choker"],"picked":"Philosopher\u0027s Stone"}],"items_purged_floors":[11,19,37],"is_endless":false,"potions_floor_spawned":[2,7,16,22,33,35,46],"ascension_level":20}