{"gold_per_floor":[117,16,26,26,26,26,42,82,133,149,149,23,57,57,57,150,150,163,188,34,34],"floor_reached":21,"playtime":960,"items_purged":["Strike_G","Writhe"],"score":374,"play_id":"4e1dcf87-4ef5-4e51-acc1-32eda5420af9","local_time":"20181208183403","is_ascension_mode":true,"campfire_choices":[{"data":"Blade Dance","floor":6.0,"key":"SMITH"},{"data":"Cloak And Dagger","floor":11.0,"key":"SMITH"},{"data":"Neutralize","floor":15.0,"key":"SMITH"}],"neow_cost":"NONE","seed_source_timestamp":9629944520024,"circlet_count":0,"master_deck":["AscendersBane","Defend_G","Defend_G","Defend_G","Defend_G","Defend_G","Strike_G","Strike_G","Strike_G","Strike_G","Survivor","Neutralize+1","Blade Dance+1","Footwork","Slice","Cloak And Dagger+1","Blade Dance","Adrenaline","Clumsy","Shame","Backflip+1","Cloak And Dagger"],"special_seed":0,"relics":["WristBlade","Golden Idol","Happy Flower","Pen Nib","Ancient Tea Set","Calling Bell","Ice Cream","Gremlin Horn","Potion Belt"],"potions_floor_usage":[],"damage_taken":[{"damage":0.0,"enemies":"2 Louse","floor":1.0,"turns":4.0},{"damage":5.0,"enemies":"Jaw Worm","floor":3.0,"turns":6.0},{"damage":0.0,"enemies":"Small Slimes","floor":7.0,"turns":3.0},{"damage":19.0,"enemies":"3 Sentries","floor":8.0,"turns":12.0},{"damage":0.0,"enemies":"Exordium Thugs","floor":10.0,"turns":4.0},{"damage":4.0,"enemies":"Gremlin Nob","floor":13.0,"turns":3.0},{"damage":19.0,"enemies":"Hexaghost","floor":16.0,"turns":10.0},{"damage":12,"enemies":"Spheric Guardian","floor":18,"turns":4},{"damage":19,"enemies":"3 Byrds","floor":19,"turns":7},{"damage":22,"enemies":"Snake Plant","floor":21,"turns":5}],"seed_played":"-7325813994013680261","potions_obtained":[{"floor":3.0,"key":"Swift Potion"},{"floor":10.0,"key":"Poison Potion"}],"is_trial":false,"path_per_floor":["M","$","M","?","?","R","M","E","T","M","R","$","E","?","R","B",null,"M","M","$","M"],"character_chosen":"THE_SILENT","items_purchased":["Blade Dance","Footwork","Blade Dance","Cloak And Dagger"],"campfire_rested":0,"item_purchase_floors":[2,2,12,20],"current_hp_per_floor":[59,59,54,54,59,59,59,40,40,40,40,40,36,36,36,17,53,41,22,22,0],"gold":34,"neow_bonus":"BOSS_RELIC","is_prod":false,"is_daily":false,"chose_seed":false,"campfire_upgraded":3,"win_rate":0,"timestamp":1544265243,"path_taken":["M","$","M","?","?","R","M","E","T","M","R","$","E","?","R","BOSS","M","M","$","M"],"build_version":"2018-12-06","purchased_purges":2,"victory":false,"max_hp_per_floor":[66,66,66,60,65,65,65,65,65,65,65,65,65,65,65,65,65,65,65,65,65],"card_choices":[{"not_picked":["Sucker Punch","Dagger Spray","Deadly Poison"],"picked":"SKIP","floor":1.0},{"not_picked":["Prepared","Flechettes"],"picked":"Slice","floor":3.0},{"not_picked":["Underhanded Strike","Concentrate"],"picked":"Cloak And Dagger","floor":7.0},{"not_picked":["PiercingWail","Quick Slash","Dagger Throw"],"picked":"SKIP","floor":8.0},{"not_picked":["Underhanded Strike","Dagger Spray","Deadly Poison"],"picked":"SKIP","floor":10.0},{"not_picked":["Outmaneuver","Prepared","Dagger Throw"],"picked":"SKIP","floor":13.0},{"not_picked":["Phantasmal Killer","Burst"],"picked":"Adrenaline","floor":16.0},{"not_picked":["Endless Agony","Flechettes","Dagger Throw+1"],"picked":"SKIP","floor":18},{"not_picked":["Endless Agony","Flechettes","Dagger Throw+1"],"picked":"SKIP","floor":18},{"not_picked":["Slice","Poisoned Stab"],"picked":"Backflip+1","floor":19}],"player_experience":2316133,"relics_obtained":[{"floor":8.0,"key":"Happy Flower"},{"floor":9.0,"key":"Pen Nib"},{"floor":13.0,"key":"Ancient Tea Set"},{"floor":17,"key":"Ice Cream"},{"floor":17,"key":"Gremlin Horn"},{"floor":17,"key":"Potion Belt"}],"event_choices":[{"damage_healed":0.0,"max_hp_gain":0.0,"max_hp_loss":6.0,"gold_gain":0.0,"event_name":"Golden Idol","player_choice":"Lose Max HP","floor":4.0,"gold_loss":0.0,"damage_taken":0.0,"relics_obtained":["Golden Idol"]},{"damage_healed":0.0,"max_hp_gain":5.0,"max_hp_loss":0.0,"gold_gain":0.0,"event_name":"Big Fish","player_choice":"Donut","floor":5.0,"gold_loss":0.0,"damage_taken":0.0},{"damage_healed":0.0,"max_hp_gain":0.0,"max_hp_loss":0.0,"gold_gain":0.0,"event_name":"The Cleric","player_choice":"Leave","floor":14.0,"gold_loss":0.0,"damage_taken":0.0}],"is_beta":false,"boss_relics":[{"not_picked":["White Beast Statue","Orrery"],"picked":"Calling Bell"}],"items_purged_floors":[12,20],"is_endless":false,"potions_floor_spawned":[3,10],"killed_by":"Snake Plant","ascension_level":20}