{"gold_per_floor":[113,63,82,97,117,117,137,137,137,137,152,170,170,86,86,185,185,202,121,139,139,189,189,216,228,228,247,275,275],"floor_reached":29,"playtime":920,"items_purged":[],"score":282,"play_id":"7814dfc7-0e6b-45b5-80a0-7f3e40995872","local_time":"20181216131137","is_ascension_mode":false,"campfire_choices":[{"data":"Bash","floor":6.0,"key":"SMITH"},{"data":"Corruption","floor":10.0,"key":"SMITH"},{"floor":15.0,"key":"REST"},{"data":"Feel No Pain","floor":23.0,"key":"SMITH"}],"neow_cost":"NONE","seed_source_timestamp":16630131166937,"circlet_count":0,"master_deck":["Strike_R","Strike_R","Strike_R","Defend_R+1","Defend_R+1","Defend_R","Defend_R","Bash+1","Cleave","Headbutt","Corruption+1","Anger","Battle Trance","Shockwave","Shrug It Off","Metallicize","Impervious","Armaments+1","Feel No Pain+1","Flame Barrier","Body Slam+1","Flame Barrier","Whirlwind+1"],"special_seed":0,"relics":["Runic Dome"],"potions_floor_usage":[],"damage_taken":[{"damage":0.0,"enemies":"Small Slimes","floor":1.0,"turns":4.0},{"damage":1.0,"enemies":"Cultist","floor":3.0,"turns":3.0},{"damage":6.0,"enemies":"Jaw Worm","floor":4.0,"turns":3.0},{"damage":9.0,"enemies":"Exordium Wildlife","floor":5.0,"turns":3.0},{"damage":3.0,"enemies":"Lots of Slimes","floor":7.0,"turns":3.0},{"damage":9.0,"enemies":"Blue Slaver","floor":11.0,"turns":3.0},{"damage":5.0,"enemies":"Looter","floor":12.0,"turns":2.0},{"damage":33.0,"enemies":"Slime Boss","floor":16.0,"turns":11.0},{"damage":0.0,"enemies":"Chosen","floor":18.0,"turns":4.0},{"damage":4.0,"enemies":"2 Thieves","floor":20.0,"turns":4.0},{"damage":45.0,"enemies":"Gremlin Leader","floor":24.0,"turns":7.0},{"damage":15.0,"enemies":"Cultist and Chosen","floor":25.0,"turns":7.0},{"damage":10.0,"enemies":"Centurion and Healer","floor":27.0,"turns":6.0},{"damage":0.0,"enemies":"Book of Stabbing","floor":28.0,"turns":4.0},{"damage":6,"enemies":"Sentry and Sphere","floor":29,"turns":2}],"seed_played":"905030981436195218","potions_obtained":[{"floor":3.0,"key":"Swift Potion"},{"floor":5.0,"key":"Weak Potion"},{"floor":7.0,"key":"SkillPotion"},{"floor":16.0,"key":"AttackPotion"},{"floor":18.0,"key":"SpeedPotion"},{"floor":27.0,"key":"Swift Potion"},{"floor":28,"key":"AttackPotion"}],"is_trial":false,"path_per_floor":["M","?","M","M","M","R","M","?","T","R","M","M","?","$","R","B",null,"M","$","M","$","?","R","E","E","M","T","M","E","E","M"],"character_chosen":"IRONCLAD","items_purchased":["Shrug It Off","Metallicize","Feel No Pain"],"campfire_rested":1,"item_purchase_floors":[14,14,19],"current_hp_per_floor":[80,80,79,73,64,64,61,61,61,61,52,47,31,31,55,22,80,80,80,76,76,76,76,31,16,16,6,6,0],"gold":275,"neow_bonus":"BOSS_RELIC","is_prod":false,"is_daily":false,"chose_seed":false,"campfire_upgraded":3,"win_rate":0,"timestamp":1544994697,"path_taken":["M","?","M","M","M","R","M","?","T","R","?","M","?","$","R","BOSS","M","$","M","$","?","R","E","?","T","M","E","M"],"build_version":"2018-12-13","purchased_purges":0,"victory":false,"max_hp_per_floor":[80,80,80,80,80,80,80,80,80,80,80,80,80,80,80,80,80,80,80,80,80,80,80,80,80,80,80,80,80],"card_choices":[{"not_picked":["Wild Strike","Sword Boomerang"],"picked":"Cleave","floor":1.0},{"not_picked":["Cleave","Ghostly Armor"],"picked":"Headbutt","floor":3.0},{"not_picked":["Body Slam","Hemokinesis"],"picked":"Corruption","floor":4.0},{"not_picked":["Headbutt","Pummel"],"picked":"Anger","floor":5.0},{"not_picked":["Limit Break","Heavy Blade"],"picked":"Battle Trance","floor":7.0},{"not_picked":["Infernal Blade","Havoc"],"picked":"Shockwave","floor":11.0},{"not_picked":["Infernal Blade","Battle Trance","Perfected Strike"],"picked":"SKIP","floor":12.0},{"not_picked":["Offering","Exhume"],"picked":"Impervious","floor":16.0},{"not_picked":["Reckless Charge","Sever Soul"],"picked":"Armaments+1","floor":18.0},{"not_picked":["Searing Blow+1","Ghostly Armor","Armaments"],"picked":"SKIP","floor":20.0},{"not_picked":["Shockwave","Flex"],"picked":"Flame Barrier","floor":24.0},{"not_picked":["Armaments","Iron Wave"],"picked":"Body Slam+1","floor":25.0},{"not_picked":["Twin Strike","Clothesline"],"picked":"Flame Barrier","floor":27.0},{"not_picked":["Limit Break","Shrug It Off"],"picked":"Whirlwind+1","floor":28}],"player_experience":1827372,"relics_obtained":[],"event_choices":[{"cards_removed":["Strike_R"],"damage_healed":0.0,"max_hp_gain":0.0,"max_hp_loss":0.0,"gold_gain":0.0,"event_name":"The Cleric","player_choice":"Card Removal","floor":2.0,"gold_loss":50.0,"damage_taken":0.0},{"cards_removed":["Strike_R"],"damage_healed":0.0,"max_hp_gain":0.0,"max_hp_loss":0.0,"gold_gain":0.0,"event_name":"Bonfire Elementals","player_choice":"Offered Basic","floor":8.0,"gold_loss":0.0,"damage_taken":0.0},{"damage_healed":0.0,"max_hp_gain":0.0,"max_hp_loss":0.0,"gold_gain":0.0,"event_name":"Shining Light","player_choice":"Entered Light","floor":13.0,"gold_loss":0.0,"damage_taken":16.0,"cards_upgraded":["Defend_R","Defend_R"]},{"damage_healed":0.0,"max_hp_gain":0.0,"max_hp_loss":0.0,"gold_gain":100.0,"event_name":"The Joust","player_choice":"Bet on Murderer","floor":22.0,"gold_loss":50.0,"damage_taken":0.0}],"is_beta":false,"boss_relics":[{"not_picked":["White Beast Statue","Tiny House","Orrery"]}],"items_purged_floors":[],"is_endless":false,"potions_floor_spawned":[3,5,7,16,18,27,28],"killed_by":"Sentry and Sphere","ascension_level":0}