{"gold_per_floor":[117,292,308,258,273,303,303,333,414,429,429,429,429,497,497,600,600,619,218,218,218,230,230,230,245,245,245,245,245,245,257,257,257],"floor_reached":33,"playtime":2881,"items_purged":["Strike_R"],"score":289,"play_id":"6d392c4b-953e-401d-895a-9be18e2b5403","local_time":"20190326142559","is_ascension_mode":true,"campfire_choices":[{"floor":7,"key":"REST"},{"floor":11,"key":"REST"},{"data":"Dramatic Entrance","floor":13,"key":"SMITH"},{"data":"Armaments","floor":15,"key":"SMITH"},{"floor":23,"key":"REST"},{"floor":27,"key":"REST"},{"floor":29,"key":"REST"},{"floor":32,"key":"REST"}],"neow_cost":"PERCENT_DAMAGE","seed_source_timestamp":8314933604145,"circlet_count":0,"master_deck":["Defend_R","Defend_R","Defend_R","Defend_R","Bash","Panacea","Dramatic Entrance+1","Armaments+1","Fire Breathing","Clash","Perfected Strike","Cleave","Clothesline","Bludgeon","Sword Boomerang","Bite","Bite","Bite","Bite","Bite","Whirlwind","Twin Strike+1","Limit Break"],"relics":["Burning Blood","Pocketwatch","Bag of Marbles","Blue Candle","Juzu Bracelet","Fusion Hammer","Whetstone","Omamori","Self Forming Clay","MutagenicStrength","Kunai","Necronomicon"],"potions_floor_usage":[],"damage_taken":[{"damage":5,"enemies":"Small Slimes","floor":1,"turns":3},{"damage":5,"enemies":"Jaw Worm","floor":3,"turns":5},{"damage":1,"enemies":"Cultist","floor":5,"turns":4},{"damage":19,"enemies":"3 Sentries","floor":6,"turns":9},{"damage":24,"enemies":"Lagavulin","floor":8,"turns":10},{"damage":0,"enemies":"Exordium Wildlife","floor":10,"turns":2},{"damage":77,"enemies":"Hexaghost","floor":16,"turns":12},{"damage":13,"enemies":"3 Byrds","floor":18,"turns":4},{"damage":5,"enemies":"Spheric Guardian","floor":22,"turns":3},{"damage":0,"enemies":"Snake Plant","floor":25,"turns":2},{"damage":7,"enemies":"Colosseum Slavers","floor":28,"turns":2},{"damage":8,"enemies":"Snecko","floor":31,"turns":3},{"damage":88,"enemies":"Collector","floor":33,"turns":7}],"seed_played":"7808647214798371782","potions_obtained":[{"floor":6,"key":"Energy Potion"},{"floor":8,"key":"BloodPotion"},{"floor":10,"key":"Strength Potion"}],"is_trial":false,"path_per_floor":["M","?","M","?","M","E","R","E","T","M","R","T","R","?","R","B",null,"M","$","?","?","M","R","?","M","T","R","?","R","?","M","R","B"],"character_chosen":"IRONCLAD","items_purchased":["Whetstone","Sword Boomerang","Omamori"],"campfire_rested":6,"item_purchase_floors":[19,19,19],"current_hp_per_floor":[57,57,58,58,63,50,74,56,56,62,80,80,80,80,80,9,80,73,73,73,56,56,56,56,56,56,56,55,56,40,48,56,0],"gold":257,"neow_bonus":"RANDOM_COLORLESS_2","is_prod":false,"is_daily":false,"chose_seed":false,"campfire_upgraded":2,"win_rate":0,"timestamp":1553610359,"path_taken":["M","?","M","?","M","E","R","E","T","M","R","?","R","?","R","BOSS","M","$","?","?","M","R","?","M","T","R","?","R","?","M","R","BOSS"],"build_version":"2019-01-23","purchased_purges":1,"victory":false,"max_hp_per_floor":[80,80,80,80,80,80,80,80,80,80,80,80,80,80,80,80,80,80,80,80,56,56,56,56,56,56,56,56,56,56,56,56,56],"card_choices":[{"not_picked":["Entrench","Flex"],"picked":"Armaments","floor":1},{"not_picked":["Headbutt","Iron Wave"],"picked":"Fire Breathing","floor":3},{"not_picked":["Warcry","Perfected Strike"],"picked":"Clash","floor":5},{"not_picked":["Corruption","Brutality"],"picked":"Perfected Strike","floor":6},{"not_picked":["Shrug It Off","Corruption"],"picked":"Cleave","floor":8},{"not_picked":["Twin Strike","Headbutt"],"picked":"Clothesline","floor":10},{"not_picked":["Exhume","Reaper"],"picked":"Bludgeon","floor":16},{"not_picked":["Wild Strike","Warcry","Anger"],"picked":"SKIP","floor":18},{"not_picked":["Anger","Warcry+1"],"picked":"Whirlwind","floor":22},{"not_picked":["Pommel Strike","Dual Wield"],"picked":"Twin Strike+1","floor":25},{"not_picked":["True Grit+1","Rupture"],"picked":"Limit Break","floor":31}],"player_experience":418390,"relics_obtained":[{"floor":6,"key":"Pocketwatch"},{"floor":8,"key":"Bag of Marbles"},{"floor":9,"key":"Blue Candle"},{"floor":12,"key":"Juzu Bracelet"},{"floor":26,"key":"Kunai"},{"floor":30,"key":"Necronomicon"}],"event_choices":[{"damage_healed":0,"gold_gain":175,"player_choice":"AGREE","damage_taken":0,"max_hp_gain":0,"max_hp_loss":0,"event_name":"Liars Game","floor":2,"gold_loss":0,"cards_obtained":["Doubt"]},{"cards_removed":["Doubt"],"damage_healed":0,"gold_gain":0,"player_choice":"Card Removal","damage_taken":0,"max_hp_gain":0,"max_hp_loss":0,"event_name":"The Cleric","floor":4,"gold_loss":50},{"damage_healed":0,"gold_gain":68,"player_choice":"Gained Gold","damage_taken":0,"max_hp_gain":0,"max_hp_loss":0,"event_name":"Golden Wing","floor":14,"gold_loss":0},{"damage_healed":0,"gold_gain":0,"player_choice":"Opened","damage_taken":0,"relics_obtained":["Self Forming Clay"],"max_hp_gain":0,"max_hp_loss":0,"event_name":"The Mausoleum","floor":20,"gold_loss":0},{"damage_healed":0,"gold_gain":0,"player_choice":"Became a vampire","damage_taken":0,"max_hp_gain":0,"max_hp_loss":24,"event_name":"Vampires","floor":21,"gold_loss":0,"cards_obtained":["Bite","Bite","Bite","Bite","Bite"]},{"damage_healed":0,"gold_gain":0,"player_choice":"Inject Mutagens","damage_taken":0,"relics_obtained":["MutagenicStrength"],"max_hp_gain":0,"max_hp_loss":0,"event_name":"Drug Dealer","floor":24,"gold_loss":0},{"damage_healed":0,"gold_gain":0,"player_choice":"Fight","damage_taken":0,"max_hp_gain":0,"max_hp_loss":0,"event_name":"Colosseum","floor":28,"gold_loss":0},{"damage_healed":0,"gold_gain":0,"player_choice":"Fled From Nobs","damage_taken":0,"max_hp_gain":0,"max_hp_loss":0,"event_name":"Colosseum","floor":28,"gold_loss":0},{"damage_healed":0,"gold_gain":0,"player_choice":"Obtained Book","damage_taken":16,"max_hp_gain":0,"max_hp_loss":0,"event_name":"Cursed Tome","floor":30,"gold_loss":0}],"is_beta":false,"boss_relics":[{"not_picked":["Pandora\u0027s Box","Busted Crown"],"picked":"Fusion Hammer"}],"items_purged_floors":[19],"is_endless":false,"potions_floor_spawned":[6,8,10,22,25],"killed_by":"Collector","ascension_level":1}