{"gold_per_floor":[114,130,144,85,102,102,21,21,21,21,53,53,64,75,75,75],"floor_reached":16,"playtime":574,"items_purged":[],"score":189,"play_id":"530eb981-9955-4d53-a550-fe8dd09c9c4a","local_time":"20180906121437","is_ascension_mode":true,"campfire_choices":[{"data":"Neutralize","floor":6,"key":"SMITH"},{"data":"Dagger Spray","floor":8,"key":"SMITH"},{"data":"Cloak And Dagger","floor":10,"key":"SMITH"},{"floor":12,"key":"REST"},{"floor":15,"key":"REST"}],"neow_cost":"","seed_source_timestamp":6325427515210,"circlet_count":0,"master_deck":["Defend_G","Defend_G","Defend_G","Defend_G","Defend_G","Strike_G","Strike_G","Strike_G","Strike_G","Strike_G","Survivor","Neutralize+1","AscendersBane","Dagger Spray+1","Dodge and Roll","Deflect","Cloak And Dagger+1","Masterful Stab","Finisher","Adrenaline"],"relics":["Ring of the Snake","Lantern","Question Card"],"potions_floor_usage":[11,14],"damage_taken":[{"damage":12,"enemies":"Cultist","floor":1,"turns":6},{"damage":12,"enemies":"Jaw Worm","floor":2,"turns":7},{"damage":0,"enemies":"2 Louse","floor":3,"turns":3},{"damage":3,"enemies":"2 Fungi Beasts","floor":5,"turns":4},{"damage":14,"enemies":"Gremlin Nob","floor":11,"turns":5},{"damage":15,"enemies":"Large Slime","floor":13,"turns":7},{"damage":2,"enemies":"Lots of Slimes","floor":14,"turns":2},{"damage":40,"enemies":"Slime Boss","floor":16,"turns":8}],"seed_played":"4078213125092203450","potions_obtained":[{"floor":2,"key":"GamblersBrew"},{"floor":13,"key":"Swift Potion"}],"is_trial":false,"path_per_floor":["M","M","M","$","M","R","$","R","T","R","E","R","M","M","R"],"character_chosen":"THE_SILENT","items_purchased":["Dexterity Potion","Masterful Stab"],"campfire_rested":2,"item_purchase_floors":[4,7],"current_hp_per_floor":[47,35,35,35,32,32,32,32,32,32,18,37,22,20,39,0],"gold":75,"neow_bonus":"","is_prod":false,"is_daily":false,"chose_seed":false,"campfire_upgraded":3,"win_rate":0,"timestamp":1536261277,"path_taken":["M","M","M","?","?","R","$","R","T","R","E","R","M","M","R","BOSS"],"build_version":"2018-08-30","purchased_purges":0,"victory":false,"max_hp_per_floor":[66,66,66,66,66,66,66,66,66,66,66,66,66,66,66,66],"card_choices":[{"not_picked":["Cloak And Dagger","Deflect"],"picked":"Dagger Spray","floor":1},{"not_picked":["Backflip","Crippling Poison"],"picked":"Dodge and Roll","floor":2},{"not_picked":["Underhanded Strike","Backflip"],"picked":"Deflect","floor":3},{"not_picked":["Tactician","Flying Knee"],"picked":"Cloak And Dagger","floor":5},{"not_picked":["Poisoned Stab","Reflex"],"picked":"Finisher","floor":11},{"not_picked":["Deadly Poison","Sucker Punch","Masterful Stab"],"picked":"Adrenaline","floor":13},{"not_picked":["Flying Knee","Dagger Throw","Poisoned Stab","Predator"],"picked":"SKIP","floor":14}],"player_experience":1077267,"relics_obtained":[{"floor":9,"key":"Lantern"},{"floor":11,"key":"Question Card"}],"event_choices":[],"is_beta":false,"boss_relics":[],"items_purged_floors":[],"is_endless":false,"potions_floor_spawned":[2,13],"killed_by":"Slime Boss","ascension_level":17}