{"gold_per_floor":[112,131,195,195,212,212,241,258,281,281,293,293,293,320,320,393,393,411,1,18,18,18,18,18,51,78,78,78],"floor_reached":28,"playtime":738,"items_purged":["Strike_R"],"score":427,"play_id":"8a0be3ed-5e61-4260-8b07-75a3f4d87c54","local_time":"20190105200443","is_ascension_mode":true,"campfire_choices":[{"data":"Uppercut","floor":6.0,"key":"SMITH"},{"data":"Armaments","floor":10,"key":"SMITH"},{"data":"Havoc","floor":12,"key":"SMITH"},{"data":"Anger","floor":15,"key":"SMITH"},{"floor":23,"key":"REST"},{"floor":27,"key":"REST"}],"neow_cost":"NONE","seed_source_timestamp":42902515519326,"circlet_count":0,"master_deck":["AscendersBane","Strike_R","Strike_R","Strike_R","Strike_R","Defend_R","Defend_R","Defend_R","Defend_R","Bash","Uppercut+1","Anger+1","Armaments+1","Corruption","Pummel","Havoc+1","Twin Strike","Demon Form","Feel No Pain","Decay","Carnage+1"],"special_seed":0,"relics":["Burning Blood","Juzu Bracelet","Lantern","Bag of Marbles","Sozu","Question Card","Enchiridion","Ice Cream","Blood Vial"],"potions_floor_usage":[11,14,16],"damage_taken":[{"damage":2.0,"enemies":"Jaw Worm","floor":1.0,"turns":3.0},{"damage":12.0,"enemies":"Small Slimes","floor":2.0,"turns":4.0},{"damage":9.0,"enemies":"2 Louse","floor":5.0,"turns":3.0},{"damage":42.0,"enemies":"Gremlin Nob","floor":7.0,"turns":5.0},{"damage":8,"enemies":"Blue Slaver","floor":8,"turns":4},{"damage":10,"enemies":"Exordium Thugs","floor":11,"turns":5},{"damage":10,"enemies":"Lagavulin","floor":14,"turns":7},{"damage":20,"enemies":"Hexaghost","floor":16,"turns":9},{"damage":7,"enemies":"Chosen","floor":18,"turns":3},{"damage":20,"enemies":"Shell Parasite","floor":20,"turns":5},{"damage":34,"enemies":"Slavers","floor":25,"turns":5},{"damage":56,"enemies":"Book of Stabbing","floor":28,"turns":5}],"seed_played":"-2246851856433018561","potions_obtained":[{"floor":1.0,"key":"BloodPotion"},{"floor":8,"key":"Weak Potion"},{"floor":14,"key":"Weak Potion"},{"floor":16,"key":"FearPotion"}],"is_trial":false,"path_per_floor":["M","M","?","?","M","R","E","M","T","R","M","R","?","E","R","B",null,"M","$","M","?","?","R","?","E","T","R","E"],"character_chosen":"IRONCLAD","items_purchased":["Feel No Pain","Question Card"],"campfire_rested":2,"item_purchase_floors":[19,19],"current_hp_per_floor":[79,73,73,73,70,70,34,32,32,32,36,36,36,32,32,18,66,65,65,51,51,30,54,54,26,26,50,0],"gold":78,"neow_bonus":"TEN_PERCENT_HP_BONUS","is_prod":false,"is_daily":false,"chose_seed":false,"campfire_upgraded":4,"win_rate":0,"timestamp":1546747483,"path_taken":["M","M","?","?","M","R","E","M","T","R","M","R","?","E","R","BOSS","M","$","M","?","?","R","?","E","T","R","E"],"build_version":"2019-01-03v4","purchased_purges":1,"victory":false,"max_hp_per_floor":[82,82,82,82,82,82,82,82,82,82,82,82,82,82,82,82,82,82,82,82,82,82,82,82,82,82,82,82],"card_choices":[{"not_picked":["Perfected Strike","Seeing Red"],"picked":"Uppercut","floor":1.0},{"not_picked":["Sword Boomerang","Body Slam"],"picked":"Anger","floor":2.0},{"not_picked":["Sword Boomerang","Twin Strike"],"picked":"Armaments","floor":5.0},{"not_picked":["Barricade","Sword Boomerang"],"picked":"Corruption","floor":7.0},{"not_picked":["Twin Strike","Rupture"],"picked":"Pummel","floor":8},{"not_picked":["Headbutt","Clash"],"picked":"Havoc","floor":11},{"not_picked":["Brutality","Heavy Blade"],"picked":"Twin Strike","floor":14},{"not_picked":["Juggernaut","Feed"],"picked":"Demon Form","floor":16},{"not_picked":["Intimidate","Bloodletting","Flex"],"picked":"SKIP","floor":18},{"not_picked":["Flex","Heavy Blade","Thunderclap","Clash"],"picked":"SKIP","floor":20},{"not_picked":["Havoc","Anger","Clothesline"],"picked":"Carnage+1","floor":25}],"player_experience":1963173,"relics_obtained":[{"floor":7.0,"key":"Juzu Bracelet"},{"floor":9,"key":"Lantern"},{"floor":14,"key":"Bag of Marbles"},{"floor":22,"key":"Enchiridion"},{"floor":25,"key":"Ice Cream"},{"floor":26,"key":"Blood Vial"}],"event_choices":[{"damage_healed":0.0,"max_hp_gain":0.0,"max_hp_loss":0.0,"gold_gain":64.0,"event_name":"Golden Wing","player_choice":"Gained Gold","floor":3.0,"gold_loss":0.0,"damage_taken":0.0},{"damage_healed":0.0,"max_hp_gain":0.0,"max_hp_loss":0.0,"gold_gain":0.0,"event_name":"Scrap Ooze","player_choice":"Fled","floor":4.0,"gold_loss":0.0,"damage_taken":0.0},{"damage_healed":0,"gold_gain":0,"player_choice":"Ignored","damage_taken":0,"max_hp_gain":0,"max_hp_loss":0,"event_name":"Shining Light","floor":13,"gold_loss":0},{"damage_healed":0,"gold_gain":0,"player_choice":"Obtained Book","damage_taken":21,"max_hp_gain":0,"max_hp_loss":0,"event_name":"Cursed Tome","floor":22,"gold_loss":0},{"damage_healed":0,"gold_gain":0,"player_choice":"Smashed Altar","damage_taken":0,"max_hp_gain":0,"max_hp_loss":0,"event_name":"Forgotten Altar","floor":24,"gold_loss":0,"cards_obtained":["Decay"]}],"is_beta":false,"boss_relics":[{"not_picked":["Coffee Dripper","Orrery"],"picked":"Sozu"}],"items_purged_floors":[19],"is_endless":false,"potions_floor_spawned":[1,8,14,16,25],"killed_by":"Book of Stabbing","ascension_level":15}