{"gold_per_floor":[118,43,118,136,146,175,175,175,226,226,256,256,268,268,268,343,343,357,28,78,96,96],"floor_reached":22,"playtime":876,"items_purged":["Strike_R"],"score":526,"play_id":"3104cee1-bdba-4d7a-85e8-9958505c23a5","local_time":"20190421123439","is_ascension_mode":true,"campfire_choices":[{"floor":7.0,"key":"REST"},{"data":"Demon Form","floor":10.0,"key":"SMITH"},{"floor":12.0,"key":"REST"},{"data":"Cleave","floor":15.0,"key":"SMITH"}],"neow_cost":"PERCENT_DAMAGE","seed_source_timestamp":0,"circlet_count":0,"master_deck":["AscendersBane","Strike_R","Strike_R","Strike_R","Defend_R+1","Defend_R","Defend_R","Defend_R","Bash","Twin Strike","Demon Form+1","Carnage","True Grit","Spot Weakness","Disarm+1","Cleave+1","Flame Barrier","Feed","Shrug It Off","Rampage"],"special_seed":0,"relics":["Burning Blood","Prayer Wheel","Regal Pillow","War Paint","Letter Opener","Velvet Choker","Lantern","Pen Nib"],"potions_floor_usage":[],"damage_taken":[{"damage":4.0,"enemies":"2 Louse","floor":1.0,"turns":3.0},{"damage":1.0,"enemies":"Cultist","floor":4.0,"turns":3.0},{"damage":7.0,"enemies":"Small Slimes","floor":5.0,"turns":3.0},{"damage":40.0,"enemies":"Lagavulin","floor":6.0,"turns":5.0},{"damage":27.0,"enemies":"3 Sentries","floor":11.0,"turns":7.0},{"damage":0.0,"enemies":"2 Fungi Beasts","floor":13.0,"turns":4.0},{"damage":15.0,"enemies":"Slime Boss","floor":16.0,"turns":6.0},{"damage":7.0,"enemies":"Chosen","floor":18.0,"turns":6.0},{"damage":29,"enemies":"Shell Parasite","floor":21,"turns":5},{"damage":52,"enemies":"Sentry and Sphere","floor":22,"turns":5}],"seed_played":"-5802099814003448500","potions_obtained":[{"floor":4.0,"key":"Poison Potion"},{"floor":5.0,"key":"GamblersBrew"},{"floor":11.0,"key":"Strength Potion"}],"is_trial":false,"path_per_floor":["M","$","?","M","M","E","R","?","T","R","E","R","M","?","R","B",null,"M","$","?","M","M"],"character_chosen":"IRONCLAD","items_purchased":["Lantern","Pen Nib"],"campfire_rested":2,"item_purchase_floors":[19,19],"current_hp_per_floor":[52,52,41,46,45,11,48,48,48,48,27,64,70,70,70,61,72,71,71,64,44,0],"gold":96,"neow_bonus":"ONE_RARE_RELIC","is_prod":false,"is_daily":false,"chose_seed":false,"campfire_upgraded":2,"win_rate":0,"timestamp":1555839279,"path_taken":["M","$","?","M","M","E","R","?","T","R","E","R","M","?","R","BOSS","M","$","?","M","?"],"build_version":"2019-01-23","purchased_purges":1,"victory":false,"max_hp_per_floor":[75,75,75,75,75,75,75,75,75,75,75,75,75,75,75,75,75,75,75,75,78,81],"card_choices":[{"not_picked":["Havoc","Metallicize"],"picked":"Twin Strike","floor":1.0},{"not_picked":["Wild Strike","Rupture","Clash"],"picked":"SKIP","floor":1.0},{"not_picked":["Dual Wield","Twin Strike"],"picked":"Demon Form","floor":4.0},{"not_picked":["True Grit","Pummel"],"picked":"Carnage","floor":4.0},{"not_picked":["Havoc","Sentinel"],"picked":"True Grit","floor":5.0},{"not_picked":["Thunderclap","Wild Strike"],"picked":"Spot Weakness","floor":5.0},{"not_picked":["Warcry","Bloodletting"],"picked":"Disarm","floor":6.0},{"not_picked":["Clash","Berserk"],"picked":"Cleave","floor":11.0},{"not_picked":["Infernal Blade","Perfected Strike"],"picked":"Flame Barrier","floor":13.0},{"not_picked":["Wild Strike","Anger","Body Slam"],"picked":"SKIP","floor":13.0},{"not_picked":["Berserk","Dark Embrace"],"picked":"Feed","floor":16.0},{"not_picked":["Sword Boomerang","Rampage"],"picked":"Shrug It Off","floor":18.0},{"not_picked":["Bloodletting","Perfected Strike","Clash"],"picked":"SKIP","floor":18.0},{"not_picked":["Clash","Body Slam"],"picked":"Rampage","floor":21},{"not_picked":["Feel No Pain","Sever Soul","Anger"],"picked":"SKIP","floor":21}],"player_experience":321251,"relics_obtained":[{"floor":6.0,"key":"Regal Pillow"},{"floor":9.0,"key":"War Paint"},{"floor":11.0,"key":"Letter Opener"}],"event_choices":[{"damage_healed":0.0,"max_hp_gain":0.0,"max_hp_loss":0.0,"gold_gain":75.0,"event_name":"World of Goop","player_choice":"Gather Gold","floor":3.0,"gold_loss":0.0,"damage_taken":11.0},{"cards_removed":["Strike_R"],"damage_healed":0.0,"max_hp_gain":0.0,"max_hp_loss":0.0,"gold_gain":0.0,"event_name":"Living Wall","player_choice":"Forget","floor":8.0,"gold_loss":0.0,"damage_taken":0.0},{"damage_healed":0.0,"max_hp_gain":0.0,"max_hp_loss":0.0,"gold_gain":0.0,"event_name":"Scrap Ooze","player_choice":"Fled","floor":14.0,"gold_loss":0.0,"damage_taken":0.0},{"damage_healed":0,"gold_gain":50,"player_choice":"Touch","damage_taken":7,"max_hp_gain":0,"max_hp_loss":0,"event_name":"FaceTrader","floor":20,"gold_loss":0}],"is_beta":false,"boss_relics":[{"not_picked":["Philosopher\u0027s Stone","Lizard Tail"],"picked":"Velvet Choker"}],"items_purged_floors":[2],"is_endless":false,"potions_floor_spawned":[4,5,11],"killed_by":"Sentry and Sphere","ascension_level":16}