{"gold_per_floor":[109,123,123,123,136,164,11,11,34,34,34,34,34,52,52,151,151,169,169,186,186,206,206,63,97,97,97,124,124,135,148,148,247,247,264,59,71,71,85,85,113,0,80,80],"floor_reached":44,"playtime":1093,"items_purged":[],"score":641,"play_id":"de676ac4-5224-48e6-a642-b17d752d64d9","local_time":"25610725011329","is_ascension_mode":true,"campfire_choices":[{"floor":10,"key":"REST"},{"floor":15,"key":"REST"},{"data":"Whirlwind","floor":23,"key":"SMITH"},{"floor":29,"key":"REST"},{"floor":32,"key":"REST"},{"floor":40,"key":"REST"}],"neow_cost":"NONE","seed_source_timestamp":48380700046759,"circlet_count":0,"master_deck":["Defend_R","Defend_R","Defend_R+1","Bash","Power Through","Ghostly Armor","Whirlwind+1","Spot Weakness+1","True Grit","Feed+1","Seeing Red","Burning Pact","Anger+1","Bite+1","Bite+1","Bite+1","Bite+1","Bite+1","Regret","Anger+1","Intimidate+1","Impervious","Thunderclap+1","Burning Pact+1"],"relics":["Runic Dome","Potion Belt","Lantern","War Paint","Molten Egg 2","Sozu","Red Skull","Centennial Puzzle","Art of War","Strawberry","Black Star","Lee\u0027s Waffle","Du-Vu Doll","Charon\u0027s Ashes","Red Mask","Mercury Hourglass"],"potions_floor_usage":[6,6,16],"damage_taken":[{"damage":11,"enemies":"2 Louse","floor":1,"turns":3},{"damage":8,"enemies":"Small Slimes","floor":2,"turns":3},{"damage":2,"enemies":"Jaw Worm","floor":5,"turns":4},{"damage":39,"enemies":"Lagavulin","floor":6,"turns":11},{"damage":12,"enemies":"Gremlin Gang","floor":14,"turns":3},{"damage":55,"enemies":"Hexaghost","floor":16,"turns":8},{"damage":5,"enemies":"3 Byrds","floor":18,"turns":5},{"damage":11,"enemies":"2 Thieves","floor":20,"turns":2},{"damage":4,"enemies":"3 Cultists","floor":22,"turns":4},{"damage":51,"enemies":"Slavers","floor":25,"turns":6},{"damage":37,"enemies":"Book of Stabbing","floor":28,"turns":4},{"damage":15,"enemies":"Sentry and Sphere","floor":30,"turns":4},{"damage":31,"enemies":"Snecko","floor":31,"turns":4},{"damage":27,"enemies":"Collector","floor":33,"turns":7},{"damage":31,"enemies":"3 Shapes","floor":35,"turns":4},{"damage":63,"enemies":"Flame Bruiser 1 Orb","floor":37,"turns":4},{"damage":0,"enemies":"3 Darklings","floor":39,"turns":1},{"damage":48,"enemies":"2 Orb Walkers","floor":41,"turns":4},{"damage":69,"enemies":"Giant Head","floor":44,"turns":6}],"seed_played":"-2555371110965137874","potions_obtained":[{"floor":1,"key":"Dexterity Potion"},{"floor":5,"key":"FearPotion"},{"floor":14,"key":"SteroidPotion"}],"is_trial":false,"path_per_floor":["M","M","?","?","M","E","$","?","T","R","T","$","$","M","R","B",null,"M","?","M","?","M","R","$","E","T","?","E","R","M","M","R","B",null,"M","$","M","$","M","R","E","?","T"],"character_chosen":"IRONCLAD","items_purchased":["Lantern","Red Skull","Lee\u0027s Waffle"],"campfire_rested":5,"item_purchase_floors":[7,24,36],"current_hp_per_floor":[61,53,46,46,44,5,5,25,25,49,49,49,49,37,61,6,62,61,61,50,50,62,62,62,30,30,30,18,39,37,12,34,28,63,45,85,25,25,25,50,14,14,14,0],"gold":80,"neow_bonus":"BOSS_RELIC","is_prod":false,"is_daily":false,"chose_seed":false,"campfire_upgraded":1,"win_rate":0,"timestamp":1532456009,"path_taken":["M","M","?","?","M","E","?","?","T","R","?","?","$","?","R","BOSS","M","?","?","?","M","R","$","E","T","?","E","R","M","M","R","BOSS","M","$","?","$","M","R","E","?","T","E"],"build_version":"2018-07-19v2","purchased_purges":0,"victory":false,"max_hp_per_floor":[80,80,80,80,80,80,80,80,80,80,80,80,80,80,80,80,80,84,84,84,58,62,62,62,66,66,63,70,70,74,74,74,74,74,78,85,85,85,85,85,85,85,85,85],"card_choices":[{"not_picked":["Hemokinesis","Clothesline"],"picked":"Power Through","floor":1},{"not_picked":["Havoc","Blood for Blood"],"picked":"Ghostly Armor","floor":2},{"not_picked":["Pummel","Havoc"],"picked":"Whirlwind","floor":5},{"not_picked":["Clothesline","Wild Strike"],"picked":"Spot Weakness","floor":6},{"not_picked":["Evolve","Anger+1"],"picked":"True Grit","floor":14},{"not_picked":["Limit Break","Demon Form"],"picked":"Feed+1","floor":16},{"not_picked":["Sword Boomerang+1","Headbutt+1"],"picked":"Seeing Red","floor":18},{"not_picked":["Body Slam+1","Pommel Strike+1"],"picked":"Anger+1","floor":20},{"not_picked":["Anger+1","Rage","Sword Boomerang+1"],"picked":"SKIP","floor":22},{"not_picked":["Wild Strike+1","Perfected Strike+1","Power Through"],"picked":"SKIP","floor":25},{"not_picked":["Feel No Pain+1","Flex"],"picked":"Anger+1","floor":28},{"not_picked":["Corruption+1","Feel No Pain","Flex"],"picked":"SKIP","floor":30},{"not_picked":["Fiend Fire+1","Dropkick+1"],"picked":"Intimidate+1","floor":31},{"not_picked":["Demon Form","Dark Embrace"],"picked":"Impervious","floor":33},{"not_picked":["Heavy Blade+1","Blood for Blood+1"],"picked":"Thunderclap+1","floor":35},{"not_picked":["True Grit","Shrug It Off"],"picked":"Burning Pact+1","floor":37},{"not_picked":["Sword Boomerang+1","Sever Soul+1","Havoc"],"picked":"SKIP","floor":39},{"not_picked":["Infernal Blade","Hemokinesis+1","Thunderclap+1"],"picked":"SKIP","floor":41}],"player_experience":137089,"relics_obtained":[{"floor":6,"key":"Potion Belt"},{"floor":9,"key":"War Paint"},{"floor":11,"key":"Molten Egg 2"},{"floor":25,"key":"Centennial Puzzle"},{"floor":26,"key":"Art of War"},{"floor":28,"key":"Strawberry"},{"floor":41,"key":"Du-Vu Doll"},{"floor":41,"key":"Charon\u0027s Ashes"},{"floor":43,"key":"Mercury Hourglass"}],"event_choices":[{"event_name":"Golden Wing","player_choice":"Card Removal","floor":3,"damage_taken":0},{"event_name":"Living Wall","player_choice":"Forget","floor":4,"damage_taken":0},{"event_name":"Mushrooms","player_choice":"Healed and dodged fight","floor":8,"damage_taken":0},{"event_name":"Match and Keep!","player_choice":"1 cards matched","floor":19,"damage_taken":0},{"event_name":"Vampires","player_choice":"Became a vampire","floor":21,"damage_taken":0},{"event_name":"Transmorgrifier","player_choice":"Transform","floor":27,"damage_taken":0},{"event_name":"Tomb of Lord Red Mask","player_choice":"Paid","floor":42,"damage_taken":0}],"is_beta":false,"boss_relics":[{"not_picked":["Empty Cage","Philosopher\u0027s Stone"],"picked":"Sozu"},{"not_picked":["Runic Cube","White Beast Statue"],"picked":"Black Star"}],"items_purged_floors":[],"is_endless":false,"potions_floor_spawned":[1,5,14,18,22,25,41],"killed_by":"Giant Head","ascension_level":6}