{"gold_per_floor":[111,125,125,50,60,87,87,102,154,174,188,253,253,273,273,347,347,358,378,303,303,303,303,303,28,54,79,79,97,116,149,161,244,256,282,294,325,337,400,438,450,488,552,564,576,598,106,116,116,116,116],"floor_reached":52,"playtime":1973,"items_purged":["Strike_R","Writhe"],"score":1945,"play_id":"8f089604-ba05-49c6-be29-02ab42940ed1","local_time":"25620220173741","is_ascension_mode":true,"campfire_choices":[{"data":"Flame Barrier","floor":7.0,"key":"SMITH"},{"floor":15.0,"key":"REST"},{"data":"Whirlwind","floor":23,"key":"SMITH"},{"data":"Pommel Strike","floor":28,"key":"SMITH"},{"data":"Uppercut","floor":32,"key":"SMITH"},{"data":"Feed","floor":41,"key":"SMITH"},{"data":"Demon Form","floor":45,"key":"SMITH"},{"data":"Corruption","floor":49,"key":"SMITH"}],"neow_cost":"NONE","seed_source_timestamp":4545219314731,"circlet_count":0,"master_deck":["AscendersBane","Strike_R","Strike_R","Strike_R+1","Defend_R","Defend_R","Defend_R","Bash","Uppercut+1","Whirlwind+1","Flame Barrier+1","Offering+1","Shrug It Off+1","Pommel Strike+1","Pummel","Rage+1","Headbutt","Double Tap+1","Spot Weakness+1","Battle Trance+1","RitualDagger+1","Apotheosis+1","Flame Barrier+1","Dual Wield+1","Disarm+1","Shrug It Off+1","Double Tap+1","Metallicize+1","Havoc+1","Dramatic Entrance","Impatience+1","Feed+1","Demon Form+1","Corruption+1","Seeing Red+1","Sentinel+1"],"special_seed":0,"relics":["Burning Blood","Dream Catcher","Toxic Egg 2","Ancient Tea Set","Tiny Chest","Vajra","Coffee Dripper","Pantograph","MutagenicStrength","Boot","Oddly Smooth Stone","MawBank","Runic Pyramid","Unceasing Top","Mango","Whetstone","Orichalcum","Shuriken"],"potions_floor_usage":[16,27,30,33,33,51,51],"damage_taken":[{"damage":24.0,"enemies":"Jaw Worm","floor":1.0,"turns":6.0},{"damage":4.0,"enemies":"Cultist","floor":2.0,"turns":3.0},{"damage":4.0,"enemies":"Small Slimes","floor":5.0,"turns":3.0},{"damage":25.0,"enemies":"3 Sentries","floor":6.0,"turns":5.0},{"damage":7.0,"enemies":"2 Fungi Beasts","floor":8.0,"turns":6.0},{"damage":10.0,"enemies":"Looter","floor":10.0,"turns":3.0},{"damage":9.0,"enemies":"Blue Slaver","floor":11.0,"turns":4.0},{"damage":14.0,"enemies":"Gremlin Nob","floor":12.0,"turns":3.0},{"damage":6.0,"enemies":"Large Slime","floor":14.0,"turns":3.0},{"damage":16,"enemies":"Slime Boss","floor":16,"turns":6},{"damage":14,"enemies":"Shell Parasite","floor":18,"turns":5},{"damage":6,"enemies":"Spheric Guardian","floor":19,"turns":3},{"damage":6,"enemies":"Book of Stabbing","floor":27,"turns":4},{"damage":6,"enemies":"Snecko","floor":29,"turns":1},{"damage":0,"enemies":"Snake Plant","floor":30,"turns":1},{"damage":10,"enemies":"Slavers","floor":31,"turns":4},{"damage":39,"enemies":"Champ","floor":33,"turns":10},{"damage":3,"enemies":"Orb Walker","floor":35,"turns":3},{"damage":0,"enemies":"3 Darklings","floor":37,"turns":1},{"damage":13,"enemies":"2 Orb Walkers","floor":39,"turns":3},{"damage":23,"enemies":"Reptomancer","floor":40,"turns":3},{"damage":13,"enemies":"Giant Head","floor":42,"turns":4},{"damage":25,"enemies":"4 Shapes","floor":46,"turns":5},{"damage":15,"enemies":"Sphere and 2 Shapes","floor":48,"turns":2},{"damage":11,"enemies":"Time Eater","floor":50,"turns":8},{"damage":50,"enemies":"Awakened One","floor":51,"turns":8}],"seed_played":"4515635004890295943","potions_obtained":[{"floor":1.0,"key":"Energy Potion"},{"floor":8.0,"key":"SkillPotion"},{"floor":10.0,"key":"Weak Potion"},{"floor":12.0,"key":"SteroidPotion"},{"floor":14.0,"key":"Regen Potion"},{"floor":16,"key":"SkillPotion"},{"floor":19,"key":"Block Potion"},{"floor":30,"key":"Swift Potion"},{"floor":31,"key":"FearPotion"},{"floor":39,"key":"Dexterity Potion"},{"floor":40,"key":"Dexterity Potion"}],"is_trial":false,"path_per_floor":["M","M","?","$","M","E","R","M","T","M","M","E","?","M","R","B",null,"M","M","?","?","T","R","?","$","T","E","R","M","M","E","R","B",null,"M","$","M","?","?","E","R","E","T","?","R","M","$","M","R","B","B",null],"character_chosen":"IRONCLAD","items_purchased":["Apotheosis+1","Flame Barrier+1","Shuriken","Corruption","Seeing Red+1"],"campfire_rested":1,"item_purchase_floors":[25,25,47,47,47],"current_hp_per_floor":[50,52,52,52,54,35,35,34,34,30,27,19,8,8,30,35,65,57,57,57,51,51,51,51,51,51,51,51,51,57,53,53,42,67,70,70,75,70,63,60,60,57,57,76,76,61,61,56,56,76,57],"gold":116,"neow_bonus":"RANDOM_COMMON_RELIC","is_prod":false,"is_daily":false,"chose_seed":false,"campfire_upgraded":7,"win_rate":0,"timestamp":1550659061,"path_taken":["M","M","?","$","?","E","R","M","T","M","?","E","?","M","R","BOSS","M","M","?","?","?","R","?","$","T","E","R","M","?","E","R","BOSS","M","?","M","?","?","E","R","E","T","?","R","M","$","?","R","BOSS","BOSS"],"build_version":"2019-01-23","purchased_purges":2,"victory":true,"max_hp_per_floor":[75,75,75,75,75,75,75,75,75,75,75,75,75,75,75,75,75,75,75,75,75,75,75,75,75,75,75,75,75,75,75,75,75,75,75,75,75,75,75,89,89,93,93,93,93,97,97,101,101,101,101],"card_choices":[{"not_picked":["Metallicize","Sever Soul"],"picked":"Uppercut","floor":1.0},{"not_picked":["Twin Strike","Sword Boomerang"],"picked":"Whirlwind","floor":2.0},{"not_picked":["Sever Soul","Perfected Strike"],"picked":"Flame Barrier","floor":5.0},{"not_picked":["Dual Wield","Exhume"],"picked":"Offering","floor":6.0},{"not_picked":["Searing Blow","Intimidate+1"],"picked":"Shrug It Off+1","floor":8.0},{"not_picked":["Hemokinesis","Anger"],"picked":"Pommel Strike","floor":10.0},{"not_picked":["Thunderclap","Pommel Strike"],"picked":"Pummel","floor":11.0},{"not_picked":["Sever Soul","Thunderclap","Clothesline"],"picked":"SKIP","floor":12.0},{"not_picked":["Dual Wield+1","Hemokinesis"],"picked":"Rage+1","floor":14.0},{"not_picked":["Cleave","Pummel"],"picked":"Headbutt","floor":15.0},{"not_picked":["Impervious+1","Immolate"],"picked":"Double Tap+1","floor":16},{"not_picked":["Wild Strike","Heavy Blade"],"picked":"Spot Weakness+1","floor":18},{"not_picked":["Warcry+1","Body Slam"],"picked":"Battle Trance+1","floor":19},{"not_picked":["Clothesline+1","Heavy Blade"],"picked":"Dual Wield+1","floor":27},{"not_picked":["Clothesline","Sentinel+1"],"picked":"Disarm+1","floor":29},{"not_picked":["Clothesline","Carnage"],"picked":"Shrug It Off+1","floor":30},{"not_picked":["Clash","Armaments+1","Reckless Charge"],"picked":"SKIP","floor":31},{"not_picked":["Exhume+1","Impervious+1"],"picked":"Double Tap+1","floor":33},{"not_picked":["Warcry+1","Feel No Pain"],"picked":"Metallicize+1","floor":35},{"not_picked":["Reckless Charge+1","Evolve+1"],"picked":"Havoc+1","floor":37},{"not_picked":["Mind Blast","Swift Strike"],"picked":"Dramatic Entrance","floor":38},{"not_picked":["Magnetism","Flash of Steel"],"picked":"Impatience+1","floor":38},{"not_picked":["Perfected Strike+1","Sever Soul"],"picked":"Feed","floor":40},{"not_picked":["Cleave","Fire Breathing"],"picked":"Demon Form","floor":42},{"not_picked":["Heavy Blade","Feel No Pain","Clothesline"],"picked":"SKIP","floor":46},{"not_picked":["Iron Wave+1","Headbutt+1"],"picked":"Sentinel+1","floor":48}],"player_experience":255007,"relics_obtained":[{"floor":6.0,"key":"Toxic Egg 2"},{"floor":9.0,"key":"Ancient Tea Set"},{"floor":12.0,"key":"Tiny Chest"},{"floor":22,"key":"Pantograph"},{"floor":26,"key":"Boot"},{"floor":27,"key":"Oddly Smooth Stone"},{"floor":31,"key":"MawBank"},{"floor":39,"key":"Unceasing Top"},{"floor":40,"key":"Mango"},{"floor":42,"key":"Whetstone"},{"floor":43,"key":"Orichalcum"}],"event_choices":[{"cards_removed":["Strike_R"],"damage_healed":0.0,"max_hp_gain":0.0,"max_hp_loss":0.0,"gold_gain":0.0,"event_name":"Bonfire Elementals","player_choice":"Offered Basic","floor":3.0,"gold_loss":0.0,"damage_taken":0.0},{"damage_healed":0.0,"max_hp_gain":0.0,"max_hp_loss":0.0,"gold_gain":0.0,"event_name":"Scrap Ooze","player_choice":"Success","floor":13.0,"gold_loss":0.0,"damage_taken":11.0,"relics_obtained":["Vajra"]},{"cards_removed":["Defend_R"],"damage_healed":0,"gold_gain":0,"player_choice":"Gave Gold","damage_taken":0,"max_hp_gain":0,"max_hp_loss":0,"event_name":"Beggar","floor":20,"gold_loss":75},{"damage_healed":0,"gold_gain":0,"player_choice":"Joined the Cult","damage_taken":6,"max_hp_gain":0,"max_hp_loss":0,"event_name":"Nest","floor":21,"gold_loss":0,"cards_obtained":["RitualDagger"]},{"damage_healed":0,"gold_gain":0,"player_choice":"Inject Mutagens","damage_taken":0,"relics_obtained":["MutagenicStrength"],"max_hp_gain":0,"max_hp_loss":0,"event_name":"Drug Dealer","floor":24,"gold_loss":0},{"damage_healed":0,"gold_gain":0,"player_choice":"Memory 2","damage_taken":5,"max_hp_gain":0,"max_hp_loss":0,"event_name":"SensoryStone","floor":38,"gold_loss":0},{"damage_healed":0,"gold_gain":0,"player_choice":"Fight","damage_taken":0,"max_hp_gain":0,"max_hp_loss":0,"event_name":"Mysterious Sphere","floor":39,"gold_loss":0},{"damage_healed":19,"gold_gain":0,"player_choice":"Writhe","damage_taken":0,"max_hp_gain":0,"max_hp_loss":0,"event_name":"Winding Halls","floor":44,"gold_loss":0,"cards_obtained":["Writhe"]}],"is_beta":false,"boss_relics":[{"not_picked":["White Beast Statue","Eternal Feather"],"picked":"Coffee Dripper"},{"not_picked":["Velvet Choker","Black Blood"],"picked":"Runic Pyramid"}],"items_purged_floors":[4,47],"is_endless":false,"potions_floor_spawned":[1,8,10,12,14,16,19,30,31,39,40,42],"ascension_level":20}