{"gold_per_floor":[118,134,151,167,183,201,201,226,226,240,240,74,74,74,74,179,179,196,196,121,135,135,161,161,180,180,180],"floor_reached":27,"playtime":3506,"items_purged":[],"score":260,"play_id":"3f81e187-ffa0-4db6-ae7c-287f9292855a","local_time":"20190103011258","is_ascension_mode":false,"campfire_choices":[{"data":"Loop","floor":7,"key":"SMITH"},{"floor":15,"key":"REST"},{"floor":24,"key":"REST"}],"neow_cost":"NONE","seed_source_timestamp":18487773390929,"circlet_count":0,"master_deck":["Strike_B","Strike_B","Strike_B","Strike_B","Defend_B","Defend_B+1","Defend_B+1","Zap","Dualcast","Rebound","Cold Snap+1","Loop+1","Aggregate","BootSequence","Conserve Battery","Barrage","Sweeping Beam+1","Capacitor","Deep Breath","Reboot","Coolheaded","Ball Lightning","Barrage","White Noise+1"],"relics":["Cracked Core","Bottled Lightning","Dodecahedron","Lizard Tail","Bronze Scales","Pear"],"potions_floor_usage":[8,19,19,22,23,23,27],"damage_taken":[{"damage":0,"enemies":"Small Slimes","floor":1,"turns":4},{"damage":3,"enemies":"2 Louse","floor":2,"turns":3},{"damage":6,"enemies":"Jaw Worm","floor":3,"turns":3},{"damage":7,"enemies":"2 Fungi Beasts","floor":4,"turns":3},{"damage":9,"enemies":"Red Slaver","floor":5,"turns":3},{"damage":0,"enemies":"Looter","floor":6,"turns":3},{"damage":28,"enemies":"Lagavulin","floor":8,"turns":7},{"damage":9,"enemies":"Exordium Wildlife","floor":10,"turns":3},{"damage":2,"enemies":"Hexaghost","floor":16,"turns":11},{"damage":42,"enemies":"Spheric Guardian","floor":18,"turns":8},{"damage":16,"enemies":"Colosseum Slavers","floor":19,"turns":5},{"damage":22,"enemies":"2 Thieves","floor":21,"turns":4},{"damage":41,"enemies":"Book of Stabbing","floor":23,"turns":6},{"damage":11,"enemies":"Cultist and Chosen","floor":25,"turns":6},{"damage":29,"enemies":"Gremlin Leader","floor":27,"turns":5}],"seed_played":"-3794708611845331091","potions_obtained":[{"floor":4,"key":"Regen Potion"},{"floor":5,"key":"SpeedPotion"},{"floor":8,"key":"Fire Potion"},{"floor":16,"key":"SpeedPotion"},{"floor":22,"key":"Fruit Juice"},{"floor":22,"key":"Dexterity Potion"},{"floor":22,"key":"SkillPotion"},{"floor":25,"key":"FearPotion"}],"is_trial":false,"path_per_floor":["M","M","M","M","M","M","R","E","T","M","?","$","?","?","R","B",null,"M","?","?","M","?","E","R","M","T","E"],"character_chosen":"DEFECT","items_purchased":["Capacitor","Deep Breath"],"campfire_rested":2,"item_purchase_floors":[12,12],"current_hp_per_floor":[75,72,66,59,50,50,50,36,36,27,27,27,12,12,34,32,75,33,17,17,37,42,1,25,14,24,0],"gold":180,"neow_bonus":"UPGRADE_CARD","is_prod":false,"is_daily":false,"chose_seed":false,"campfire_upgraded":1,"win_rate":0.0,"timestamp":1546485178,"path_taken":["M","M","M","M","M","M","R","E","T","M","?","$","?","?","R","BOSS","M","?","?","?","?","E","R","?","T","E"],"build_version":"2018-12-20","purchased_purges":0,"victory":false,"max_hp_per_floor":[75,75,75,75,75,75,75,75,75,75,75,75,75,75,75,75,75,75,75,75,75,80,80,80,80,90,90],"card_choices":[{"not_picked":["Leap","Beam Cell"],"picked":"Rebound","floor":1},{"not_picked":["Sweeping Beam","Force Field"],"picked":"Cold Snap","floor":2},{"not_picked":["Hologram","Go for the Eyes"],"picked":"Loop","floor":3},{"not_picked":["Self Repair","Redo"],"picked":"Aggregate","floor":4},{"not_picked":["Go for the Eyes","Steam"],"picked":"BootSequence","floor":5},{"not_picked":["Thunder Strike","Coolheaded"],"picked":"Conserve Battery","floor":6},{"not_picked":["BootSequence","Hologram"],"picked":"Barrage","floor":8},{"not_picked":["Consume","Hello World"],"picked":"Sweeping Beam","floor":10},{"not_picked":["Machine Learning","Thunder Strike"],"picked":"Reboot","floor":16},{"not_picked":["Steam Power","Consume+1"],"picked":"Coolheaded","floor":18},{"not_picked":["Coolheaded","Compile Driver+1"],"picked":"Ball Lightning","floor":21},{"not_picked":["Sweeping Beam+1","Aggregate"],"picked":"Barrage","floor":23},{"not_picked":["Stack","Cold Snap"],"picked":"White Noise+1","floor":25}],"player_experience":51542,"relics_obtained":[{"floor":8,"key":"Bottled Lightning"},{"floor":9,"key":"Dodecahedron"},{"floor":23,"key":"Bronze Scales"},{"floor":26,"key":"Pear"}],"event_choices":[{"damage_healed":0,"gold_gain":0,"player_choice":"Grow","damage_taken":0,"max_hp_gain":0,"max_hp_loss":0,"event_name":"Living Wall","floor":11,"gold_loss":0,"cards_upgraded":["Sweeping Beam"]},{"damage_healed":0,"gold_gain":0,"player_choice":"Entered Light","damage_taken":15,"max_hp_gain":0,"max_hp_loss":0,"event_name":"Shining Light","floor":13,"gold_loss":0,"cards_upgraded":["Cold Snap","Defend_B"]},{"damage_healed":0,"gold_gain":0,"player_choice":"Fled","damage_taken":0,"max_hp_gain":0,"max_hp_loss":0,"event_name":"Scrap Ooze","floor":14,"gold_loss":0},{"damage_healed":0,"gold_gain":0,"player_choice":"Fight","damage_taken":0,"max_hp_gain":0,"max_hp_loss":0,"event_name":"Colosseum","floor":19,"gold_loss":0},{"damage_healed":0,"gold_gain":0,"player_choice":"Fled From Nobs","damage_taken":0,"max_hp_gain":0,"max_hp_loss":0,"event_name":"Colosseum","floor":19,"gold_loss":0},{"cards_removed":["Defend_B"],"damage_healed":0,"gold_gain":0,"player_choice":"Gave Gold","damage_taken":0,"max_hp_gain":0,"max_hp_loss":0,"event_name":"Beggar","floor":20,"gold_loss":75},{"damage_healed":0,"gold_gain":0,"player_choice":"Got Potions","damage_taken":0,"max_hp_gain":0,"max_hp_loss":0,"event_name":"Lab","floor":22,"gold_loss":0}],"is_beta":false,"boss_relics":[{"not_picked":["Orrery","Philosopher\u0027s Stone"],"picked":"Lizard Tail"}],"items_purged_floors":[],"is_endless":false,"potions_floor_spawned":[4,5,8,16,19,25],"killed_by":"Gremlin Leader","ascension_level":0}