{"gold_per_floor":[118,118,1,1,11,11,26,26,26,58,70,70,87,99,99,171,171,190,210,225,235,253,253,279,41,41,59,59,92,124,124,124,124],"floor_reached":33,"playtime":1228,"items_purged":["Defend_R"],"score":673,"play_id":"52a891d7-0936-4c2c-a32d-0409f0d1e5ba","local_time":"20181117173816","is_ascension_mode":true,"campfire_choices":[{"data":"Metallicize","floor":6,"key":"SMITH"},{"data":"Dual Wield","floor":8,"key":"SMITH"},{"data":"Perfected Strike","floor":12,"key":"SMITH"},{"data":"Inflame","floor":15,"key":"SMITH"},{"floor":23,"key":"REST"},{"floor":32,"key":"REST"}],"neow_cost":"NONE","seed_source_timestamp":294097940425136,"circlet_count":0,"master_deck":["AscendersBane","Strike_R","Strike_R","Strike_R","Strike_R","Strike_R","Defend_R","Defend_R","Defend_R","Bash","Inflame+1","Perfected Strike+1","Metallicize+1","Dual Wield+1","Headbutt","Whirlwind+1","Pommel Strike+1","Pommel Strike+1","Fiend Fire+1","Perfected Strike+1","Dual Wield"],"relics":["Burning Blood","Molten Egg 2","Blood Vial","Fusion Hammer","Bag of Marbles","PreservedInsect","Torii","Toxic Egg 2","Ancient Tea Set","Red Mask"],"potions_floor_usage":[16,20,29,30],"damage_taken":[{"damage":1,"enemies":"Small Slimes","floor":1,"turns":5},{"damage":9,"enemies":"Jaw Worm","floor":5,"turns":4},{"damage":1,"enemies":"Cultist","floor":7,"turns":3},{"damage":24,"enemies":"Gremlin Nob","floor":10,"turns":4},{"damage":0,"enemies":"Large Slime","floor":11,"turns":4},{"damage":10,"enemies":"Blue Slaver","floor":13,"turns":4},{"damage":7,"enemies":"Looter","floor":14,"turns":3},{"damage":0,"enemies":"Slime Boss","floor":16,"turns":5},{"damage":1,"enemies":"Chosen","floor":18,"turns":4},{"damage":21,"enemies":"Shell Parasite","floor":19,"turns":2},{"damage":21,"enemies":"Shelled Parasite and Fungi","floor":20,"turns":3},{"damage":13,"enemies":"Centurion and Healer","floor":21,"turns":4},{"damage":18,"enemies":"Chosen and Byrds","floor":22,"turns":4},{"damage":0,"enemies":"Gremlin Leader","floor":24,"turns":3},{"damage":12,"enemies":"Cultist and Chosen","floor":27,"turns":5},{"damage":29,"enemies":"Book of Stabbing","floor":29,"turns":3},{"damage":25,"enemies":"Masked Bandits","floor":30,"turns":4},{"damage":59,"enemies":"Champ","floor":33,"turns":8}],"seed_played":"-5793409487863431981","potions_obtained":[{"floor":4,"key":"Energy Potion"},{"floor":4,"key":"PowerPotion"},{"floor":16,"key":"Swift Potion"},{"floor":19,"key":"SteroidPotion"},{"floor":22,"key":"Explosive Potion"},{"floor":24,"key":"FearPotion"}],"is_trial":false,"path_per_floor":["M","?","$","?","M","R","M","R","T","E","M","R","M","M","R","B",null,"M","M","M","M","M","R","E","$","T","M","T","E","?","?","R","B"],"character_chosen":"IRONCLAD","items_purchased":["Metallicize","Dual Wield","PreservedInsect"],"campfire_rested":2,"item_purchase_floors":[3,3,25],"current_hp_per_floor":[73,73,73,73,70,70,75,75,75,57,65,65,63,64,64,72,74,75,60,47,42,32,54,62,62,62,58,58,37,20,20,42,0],"gold":124,"neow_bonus":"THREE_CARDS","is_prod":false,"is_daily":false,"chose_seed":false,"campfire_upgraded":4,"win_rate":0,"timestamp":1542472696,"path_taken":["M","?","$","?","M","R","M","R","T","E","M","R","M","M","R","BOSS","M","M","M","M","M","R","E","$","T","M","?","E","?","?","R","BOSS"],"build_version":"2018-11-15","purchased_purges":1,"victory":false,"max_hp_per_floor":[75,75,75,75,75,75,75,75,75,75,75,75,75,75,75,75,75,75,75,75,75,75,75,75,75,75,75,75,75,75,75,75,75],"card_choices":[{"not_picked":["Flex","Anger"],"picked":"Inflame","floor":0},{"not_picked":["True Grit","Iron Wave"],"picked":"Perfected Strike","floor":1},{"not_picked":["Body Slam","Power Through"],"picked":"Headbutt","floor":5},{"not_picked":["Heavy Blade","Flex","Feel No Pain"],"picked":"SKIP","floor":7},{"not_picked":["Carnage+1","Fire Breathing"],"picked":"Whirlwind+1","floor":10},{"not_picked":["Clothesline+1","Body Slam+1","Havoc"],"picked":"SKIP","floor":11},{"not_picked":["Sword Boomerang+1","Reckless Charge+1"],"picked":"Pommel Strike+1","floor":13},{"not_picked":["Combust","Anger+1"],"picked":"Pommel Strike+1","floor":14},{"not_picked":["Feed+1","Offering"],"picked":"Fiend Fire+1","floor":16},{"not_picked":["Clash+1","Rupture+1"],"picked":"Perfected Strike+1","floor":18},{"not_picked":["Carnage+1","Havoc","Shrug It Off"],"picked":"SKIP","floor":19},{"not_picked":["Cleave+1","Whirlwind+1"],"picked":"Dual Wield","floor":20},{"not_picked":["Combust","Clash+1","Searing Blow+1"],"picked":"SKIP","floor":21},{"not_picked":["Cleave+1","Seeing Red","Berserk"],"picked":"SKIP","floor":22},{"not_picked":["Intimidate","Rage","Dual Wield"],"picked":"SKIP","floor":24},{"not_picked":["Hemokinesis+1","Flex","Headbutt+1"],"picked":"SKIP","floor":27},{"not_picked":["Sword Boomerang+1","Clothesline+1","Headbutt+1"],"picked":"SKIP","floor":29}],"player_experience":346892,"relics_obtained":[{"floor":9,"key":"Molten Egg 2"},{"floor":10,"key":"Blood Vial"},{"floor":24,"key":"Bag of Marbles"},{"floor":26,"key":"Torii"},{"floor":28,"key":"Toxic Egg 2"},{"floor":29,"key":"Ancient Tea Set"},{"floor":30,"key":"Red Mask"}],"event_choices":[{"damage_healed":0,"gold_gain":0,"player_choice":"Leave","damage_taken":0,"max_hp_gain":0,"max_hp_loss":0,"event_name":"The Cleric","floor":2,"gold_loss":0},{"damage_healed":0,"gold_gain":0,"player_choice":"Got Potions","damage_taken":0,"max_hp_gain":0,"max_hp_loss":0,"event_name":"Lab","floor":4,"gold_loss":0},{"damage_healed":0,"gold_gain":0,"player_choice":"Fought Bandits","damage_taken":0,"max_hp_gain":0,"max_hp_loss":0,"event_name":"Masked Bandits","floor":30,"gold_loss":0},{"damage_healed":0,"gold_gain":0,"player_choice":"Ignored","damage_taken":0,"max_hp_gain":0,"max_hp_loss":0,"event_name":"Vampires","floor":31,"gold_loss":0}],"is_beta":false,"boss_relics":[{"not_picked":["Ectoplasm","Snecko Eye"],"picked":"Fusion Hammer"}],"items_purged_floors":[25],"is_endless":false,"potions_floor_spawned":[10,11,14,16,18,19,22,24],"killed_by":"Champ","ascension_level":17}