{"gold_per_floor":[110,130,27,27,27,57,67,67,118,129,162,162,177,206,206,278,278,298,298,311,236,251,285,285,316,341,366,20,40,40,40,40,113,113,129,129,42,42,42,68,68,94,120,151,19,0,0,10,10,10],"floor_reached":51,"playtime":1944,"items_purged":["Strike_R","Strike_R"],"score":1419,"play_id":"5b1b55fe-ed97-4f28-8125-f6be0423bb97","local_time":"20190417153743","is_ascension_mode":true,"campfire_choices":[{"data":"Bash","floor":8.0,"key":"SMITH"},{"data":"Armaments","floor":15.0,"key":"SMITH"},{"data":"Heavy Blade","floor":32.0,"key":"SMITH"},{"data":"Metallicize","floor":41,"key":"SMITH"},{"data":"Spot Weakness","floor":49,"key":"SMITH"}],"neow_cost":"NONE","seed_source_timestamp":26782304357826,"circlet_count":0,"master_deck":["AscendersBane","Strike_R","Defend_R","Defend_R+1","Defend_R","Defend_R+1","Bash+1","Twin Strike","Headbutt+1","Twin Strike","Inflame+1","Flame Barrier+1","Battle Trance","Metallicize+1","Ghostly Armor","Armaments+1","Immolate","Heavy Blade+1","Spot Weakness+1","Shrug It Off","True Grit+1","True Grit+1","Spot Weakness+1","Reaper","Dark Shackles+1","Havoc+1","Warcry+1","Corruption","Burning Pact+1"],"special_seed":0,"relics":["Burning Blood","Anchor","Centennial Puzzle","Pen Nib","Boot","Juzu Bracelet","Cursed Key","Omamori","Pocketwatch","War Paint","Bag of Preparation","Toxic Egg 2","Velvet Choker","Orichalcum","Dream Catcher","Ancient Tea Set","Regal Pillow","Gremlin Horn","Red Mask"],"potions_floor_usage":[33,40,50,50],"damage_taken":[{"damage":0.0,"enemies":"Small Slimes","floor":1.0,"turns":3.0},{"damage":0.0,"enemies":"2 Louse","floor":2.0,"turns":2.0},{"damage":17.0,"enemies":"Lagavulin","floor":6.0,"turns":7.0},{"damage":1.0,"enemies":"Cultist","floor":7.0,"turns":3.0},{"damage":0.0,"enemies":"3 Louse","floor":10.0,"turns":4.0},{"damage":2.0,"enemies":"3 Sentries","floor":11.0,"turns":6.0},{"damage":0.0,"enemies":"Gremlin Gang","floor":13.0,"turns":4.0},{"damage":12.0,"enemies":"Lagavulin","floor":14.0,"turns":7.0},{"damage":9.0,"enemies":"The Guardian","floor":16.0,"turns":14.0},{"damage":5.0,"enemies":"2 Thieves","floor":18.0,"turns":4.0},{"damage":6.0,"enemies":"Spheric Guardian","floor":20.0,"turns":3.0},{"damage":1.0,"enemies":"Snake Plant","floor":22.0,"turns":4.0},{"damage":32.0,"enemies":"Book of Stabbing","floor":23.0,"turns":6.0},{"damage":23.0,"enemies":"Slavers","floor":25.0,"turns":5.0},{"damage":22.0,"enemies":"Book of Stabbing","floor":27.0,"turns":6.0},{"damage":0.0,"enemies":"Centurion and Healer","floor":29.0,"turns":6.0},{"damage":19,"enemies":"Champ","floor":33,"turns":10},{"damage":31,"enemies":"3 Darklings","floor":35,"turns":5},{"damage":24,"enemies":"Giant Head","floor":40,"turns":6},{"damage":32,"enemies":"Reptomancer","floor":42,"turns":8},{"damage":11,"enemies":"Nemesis","floor":44,"turns":5},{"damage":2,"enemies":"3 Shapes","floor":48,"turns":4},{"damage":68,"enemies":"Donu and Deca","floor":50,"turns":10}],"seed_played":"9134386119068786110","potions_obtained":[{"floor":2.0,"key":"PowerPotion"},{"floor":6.0,"key":"SkillPotion"},{"floor":11.0,"key":"FearPotion"},{"floor":27.0,"key":"Block Potion"},{"floor":30.0,"key":"Ancient Potion"},{"floor":35,"key":"AttackPotion"},{"floor":44,"key":"BloodPotion"}],"is_trial":false,"path_per_floor":["M","M","$","?","?","E","M","R","T","M","E","?","M","E","R","B",null,"M","?","M","$","M","E","?","E","T","E","$","M","?","?","R","B",null,"M","?","$","?","?","E","R","E","T","E","$","?","T","M","R","B",null],"character_chosen":"IRONCLAD","items_purchased":["Twin Strike","SteroidPotion","Toxic Egg 2","Dark Shackles+1","Corruption","Block Potion"],"campfire_rested":0,"item_purchase_floors":[3,3,28,37,45,45],"current_hp_per_floor":[74,75,75,52,52,41,46,46,46,52,56,56,62,56,56,53,70,71,71,71,71,75,49,64,47,47,31,31,37,37,37,37,24,62,67,67,67,67,67,49,49,45,45,51,51,51,51,71,71,42],"gold":10,"neow_bonus":"RANDOM_COMMON_RELIC","is_prod":false,"is_daily":false,"chose_seed":false,"campfire_upgraded":5,"win_rate":0,"timestamp":1555540663,"path_taken":["M","M","$","?","?","E","M","R","T","M","E","?","?","E","R","BOSS","M","?","M","$","M","E","?","E","T","E","$","M","?","?","R","BOSS","M","?","$","?","?","E","R","E","T","E","?","?","?","M","R","BOSS"],"build_version":"2019-01-23","purchased_purges":2,"victory":true,"max_hp_per_floor":[75,75,75,75,75,75,75,75,75,75,75,75,75,75,75,75,75,75,75,75,75,75,75,75,75,75,75,75,75,75,75,75,75,75,75,71,71,71,71,71,71,71,71,71,71,71,71,71,71,71],"card_choices":[{"not_picked":["Reckless Charge","Havoc"],"picked":"Twin Strike","floor":1.0},{"not_picked":["Entrench","Evolve"],"picked":"Headbutt","floor":2.0},{"not_picked":["Fire Breathing","Disarm"],"picked":"Inflame","floor":6.0},{"not_picked":["Sword Boomerang","Anger"],"picked":"Flame Barrier","floor":7.0},{"not_picked":["Cleave","Entrench"],"picked":"Battle Trance","floor":10.0},{"not_picked":["Havoc","Searing Blow"],"picked":"Metallicize","floor":11.0},{"not_picked":["Headbutt","Whirlwind"],"picked":"Ghostly Armor","floor":13.0},{"not_picked":["Sword Boomerang","Intimidate"],"picked":"Armaments","floor":14.0},{"not_picked":["Double Tap","Offering"],"picked":"Immolate","floor":16.0},{"not_picked":["Heavy Blade","Perfected Strike","Armaments"],"picked":"SKIP","floor":18.0},{"not_picked":["Power Through","Pummel"],"picked":"Spot Weakness","floor":20.0},{"not_picked":["Clothesline","Body Slam","Headbutt"],"picked":"SKIP","floor":22.0},{"not_picked":["Clothesline","Body Slam","Headbutt"],"picked":"SKIP","floor":22.0},{"not_picked":["Armaments","Warcry","Inflame"],"picked":"SKIP","floor":23.0},{"not_picked":["Second Wind","Infernal Blade"],"picked":"Shrug It Off","floor":25.0},{"not_picked":["Thunderclap","Offering"],"picked":"True Grit+1","floor":27.0},{"not_picked":["Dual Wield+1","Wild Strike"],"picked":"True Grit+1","floor":29.0},{"not_picked":["Limit Break+1","Juggernaut"],"picked":"Reaper","floor":33},{"not_picked":["Anger","Twin Strike","Wild Strike+1"],"picked":"SKIP","floor":35},{"not_picked":["Rampage","Heavy Blade","Cleave"],"picked":"SKIP","floor":40},{"not_picked":["Pommel Strike","Juggernaut"],"picked":"Havoc+1","floor":42},{"not_picked":["Havoc+1","Clothesline"],"picked":"Warcry+1","floor":44},{"not_picked":["Hemokinesis","Bloodletting+1"],"picked":"Burning Pact+1","floor":48}],"player_experience":2457845,"relics_obtained":[{"floor":6.0,"key":"Centennial Puzzle"},{"floor":9.0,"key":"Pen Nib"},{"floor":11.0,"key":"Boot"},{"floor":14.0,"key":"Juzu Bracelet"},{"floor":23.0,"key":"Omamori"},{"floor":25.0,"key":"Pocketwatch"},{"floor":26.0,"key":"War Paint"},{"floor":27.0,"key":"Bag of Preparation"},{"floor":40,"key":"Dream Catcher"},{"floor":42,"key":"Ancient Tea Set"},{"floor":43,"key":"Regal Pillow"},{"floor":44,"key":"Gremlin Horn"}],"event_choices":[{"damage_healed":0.0,"max_hp_gain":0.0,"max_hp_loss":0.0,"gold_gain":0.0,"event_name":"Shining Light","player_choice":"Entered Light","floor":4.0,"gold_loss":0.0,"damage_taken":23.0,"cards_upgraded":["Defend_R","Headbutt"]},{"damage_healed":0.0,"max_hp_gain":0.0,"max_hp_loss":0.0,"gold_gain":0.0,"event_name":"The Cleric","player_choice":"Leave","floor":5.0,"gold_loss":0.0,"damage_taken":0.0},{"damage_healed":0.0,"max_hp_gain":0.0,"max_hp_loss":0.0,"gold_gain":0.0,"event_name":"Upgrade Shrine","player_choice":"Upgraded","floor":12.0,"gold_loss":0.0,"damage_taken":0.0,"cards_upgraded":["Inflame"]},{"damage_healed":0.0,"max_hp_gain":0.0,"max_hp_loss":0.0,"gold_gain":0.0,"cards_transformed":["Strike_R"],"event_name":"Transmorgrifier","player_choice":"Transformed","floor":19.0,"gold_loss":0.0,"damage_taken":0.0,"cards_obtained":["Heavy Blade"]},{"damage_healed":15.0,"max_hp_gain":0.0,"max_hp_loss":0.0,"gold_gain":0.0,"event_name":"The Library","player_choice":"Heal","floor":24.0,"gold_loss":0.0,"damage_taken":0.0},{"damage_healed":0.0,"max_hp_gain":0.0,"max_hp_loss":0.0,"gold_gain":0.0,"event_name":"Lab","player_choice":"Got Potions","floor":30.0,"gold_loss":0.0,"damage_taken":0.0},{"damage_healed":0.0,"max_hp_gain":0.0,"max_hp_loss":0.0,"gold_gain":0.0,"event_name":"Duplicator","player_choice":"Copied","floor":31.0,"gold_loss":0.0,"damage_taken":0.0,"cards_obtained":["Spot Weakness"]},{"damage_healed":0,"gold_gain":0,"player_choice":"Max HP","damage_taken":0,"max_hp_gain":0,"max_hp_loss":4,"event_name":"Winding Halls","floor":36,"gold_loss":0},{"damage_healed":0,"gold_gain":0,"player_choice":"Gave Potion","damage_taken":0,"relics_obtained":["Orichalcum"],"max_hp_gain":0,"max_hp_loss":0,"event_name":"WeMeetAgain","floor":38,"gold_loss":0},{"cards_removed":["Strike_R"],"damage_healed":0,"gold_gain":0,"player_choice":"Offered Basic","damage_taken":0,"max_hp_gain":0,"max_hp_loss":0,"event_name":"Bonfire Elementals","floor":39,"gold_loss":0},{"damage_healed":0,"gold_gain":0,"player_choice":"Paid","damage_taken":0,"relics_obtained":["Red Mask"],"max_hp_gain":0,"max_hp_loss":0,"event_name":"Tomb of Lord Red Mask","floor":46,"gold_loss":19}],"is_beta":false,"boss_relics":[{"not_picked":["Orrery","Astrolabe"],"picked":"Cursed Key"},{"not_picked":["Snecko Eye","Mark of Pain"],"picked":"Velvet Choker"}],"items_purged_floors":[21,28],"is_endless":false,"potions_floor_spawned":[2,6,11,13,16,20,23,27,29,35,44],"ascension_level":15}