{"gold_per_floor":[109,126,201,211,228,260,260,293,293,324,76,90,123,188,188,263,263,279,279,49,65,80,80,108,108,135,155,61,61,61,95,95,95],"floor_reached":33,"playtime":969,"items_purged":["Strike_R"],"score":730,"play_id":"166251bd-a052-4940-9927-a8ddb75babab","local_time":"20181201202114","is_ascension_mode":true,"campfire_choices":[{"data":"Perfected Strike","floor":7.0,"key":"SMITH"},{"data":"Apotheosis","floor":15.0,"key":"SMITH"},{"data":"Shockwave","floor":23.0,"key":"SMITH"},{"floor":29.0,"key":"REST"},{"floor":32,"key":"REST"}],"neow_cost":"NONE","seed_source_timestamp":12392118279163,"circlet_count":0,"master_deck":["AscendersBane","Strike_R+1","Strike_R+1","Strike_R+1","Strike_R+1","Defend_R+1","Defend_R+1","Defend_R+1","Defend_R+1","Bash","Iron Wave","Perfected Strike+1","Wild Strike","Pommel Strike","Perfected Strike","Power Through+1","Apotheosis+1","Twin Strike","Pommel Strike","Seeing Red","Shockwave+1","Evolve+1","Twin Strike"],"special_seed":0,"relics":["Burning Blood","War Paint","Omamori","Orichalcum","Pen Nib","The Courier","Dodecahedron","Eternal Feather","Matryoshka","Dead Branch","Ornamental Fan","Blood Vial","Meat on the Bone"],"potions_floor_usage":[31,33],"damage_taken":[{"damage":7.0,"enemies":"2 Louse","floor":1.0,"turns":3.0},{"damage":12.0,"enemies":"Jaw Worm","floor":2.0,"turns":3.0},{"damage":2.0,"enemies":"Small Slimes","floor":4.0,"turns":3.0},{"damage":0.0,"enemies":"Looter","floor":5.0,"turns":3.0},{"damage":27.0,"enemies":"Lagavulin","floor":6.0,"turns":6.0},{"damage":8.0,"enemies":"Gremlin Nob","floor":8.0,"turns":3.0},{"damage":8.0,"enemies":"3 Sentries","floor":10.0,"turns":6.0},{"damage":1.0,"enemies":"Red Slaver","floor":12.0,"turns":2.0},{"damage":14.0,"enemies":"Lagavulin","floor":13.0,"turns":5.0},{"damage":0.0,"enemies":"Slime Boss","floor":16.0,"turns":6.0},{"damage":17.0,"enemies":"3 Byrds","floor":18.0,"turns":4.0},{"damage":7.0,"enemies":"2 Thieves","floor":21.0,"turns":5.0},{"damage":8.0,"enemies":"Centurion and Healer","floor":22.0,"turns":5.0},{"damage":54.0,"enemies":"Book of Stabbing","floor":24.0,"turns":5.0},{"damage":11.0,"enemies":"3 Cultists","floor":27.0,"turns":6.0},{"damage":0.0,"enemies":"Shelled Parasite and Fungi","floor":30.0,"turns":1.0},{"damage":47,"enemies":"Gremlin Leader","floor":31,"turns":6},{"damage":72,"enemies":"Automaton","floor":33,"turns":8}],"seed_played":"-6993486841551689259","potions_obtained":[{"floor":1.0,"key":"SpeedPotion"},{"floor":2.0,"key":"SkillPotion"},{"floor":10.0,"key":"Weak Potion"},{"floor":18.0,"key":"SpeedPotion"},{"floor":21.0,"key":"SmokeBomb"},{"floor":31,"key":"SpeedPotion"}],"is_trial":false,"path_per_floor":["M","M","?","M","M","E","R","E","T","E","$","M","E","?","R","B",null,"M","?","$","M","M","R","E","?","T","M","$","R","M","E","R","B"],"character_chosen":"IRONCLAD","items_purchased":["Apotheosis","Twin Strike","Matryoshka","Regen Potion","Twin Strike"],"campfire_rested":2,"item_purchase_floors":[11,11,20,28,28],"current_hp_per_floor":[67,61,50,54,60,39,39,37,37,35,35,40,32,32,32,38,66,55,55,55,54,52,64,16,16,16,13,13,47,55,31,65,0],"gold":95,"neow_bonus":"RANDOM_COMMON_RELIC","is_prod":false,"is_daily":false,"chose_seed":false,"campfire_upgraded":3,"win_rate":0,"timestamp":1543666874,"path_taken":["M","M","?","M","M","E","R","E","T","E","$","M","E","?","R","BOSS","M","?","$","M","M","R","E","?","T","M","$","R","M","E","R","BOSS"],"build_version":"2018-11-15","purchased_purges":1,"victory":false,"max_hp_per_floor":[75,75,75,75,75,75,75,75,75,75,75,75,75,75,75,75,75,75,75,75,75,75,75,75,75,75,75,75,75,75,75,75,75],"card_choices":[{"not_picked":["Dual Wield","Pummel"],"picked":"Iron Wave","floor":1.0},{"not_picked":["Thunderclap","True Grit"],"picked":"Perfected Strike","floor":2.0},{"not_picked":["Rage","Twin Strike"],"picked":"Wild Strike","floor":4.0},{"not_picked":["Iron Wave","Warcry","Hemokinesis"],"picked":"SKIP","floor":5.0},{"not_picked":["Cleave","Headbutt"],"picked":"Pommel Strike","floor":6.0},{"not_picked":["Disarm","Anger"],"picked":"Perfected Strike","floor":8.0},{"not_picked":["Impervious","Sentinel"],"picked":"Power Through","floor":10.0},{"not_picked":["Metallicize","Rage"],"picked":"Pommel Strike","floor":12.0},{"not_picked":["Spot Weakness","Warcry"],"picked":"Seeing Red","floor":13.0},{"not_picked":["Sword Boomerang+1","Carnage+1"],"picked":"Shockwave","floor":18.0},{"not_picked":["Anger+1","Havoc","Iron Wave+1"],"picked":"SKIP","floor":21.0},{"not_picked":["Sword Boomerang","Heavy Blade+1","True Grit"],"picked":"SKIP","floor":22.0},{"not_picked":["Body Slam","Iron Wave","Spot Weakness"],"picked":"SKIP","floor":24.0},{"not_picked":["Warcry","Sword Boomerang"],"picked":"Evolve+1","floor":27.0},{"not_picked":["Searing Blow","Havoc","Flex"],"picked":"SKIP","floor":31}],"player_experience":2243018,"relics_obtained":[{"floor":6.0,"key":"Omamori"},{"floor":8.0,"key":"Orichalcum"},{"floor":9.0,"key":"Pen Nib"},{"floor":10.0,"key":"The Courier"},{"floor":13.0,"key":"Dodecahedron"},{"floor":24.0,"key":"Dead Branch"},{"floor":26.0,"key":"Ornamental Fan"},{"floor":26.0,"key":"Blood Vial"},{"floor":31,"key":"Meat on the Bone"}],"event_choices":[{"damage_healed":0.0,"max_hp_gain":0.0,"max_hp_loss":0.0,"gold_gain":75.0,"event_name":"World of Goop","player_choice":"Gather Gold","floor":3.0,"gold_loss":0.0,"damage_taken":11.0},{"damage_healed":0.0,"max_hp_gain":0.0,"max_hp_loss":0.0,"gold_gain":65.0,"event_name":"Golden Wing","player_choice":"Gained Gold","floor":14.0,"gold_loss":0.0,"damage_taken":0.0},{"damage_healed":0.0,"max_hp_gain":0.0,"max_hp_loss":0.0,"gold_gain":0.0,"event_name":"Back to Basics","player_choice":"Simplicity","floor":19.0,"gold_loss":0.0,"damage_taken":0.0,"cards_upgraded":["Strike_R","Strike_R","Strike_R","Strike_R","Defend_R","Defend_R"]},{"damage_healed":0.0,"max_hp_gain":0.0,"max_hp_loss":0.0,"gold_gain":0.0,"event_name":"Accursed Blacksmith","player_choice":"Forge","floor":25.0,"gold_loss":0.0,"damage_taken":0.0,"cards_upgraded":["Power Through"]}],"is_beta":false,"boss_relics":[{"not_picked":["Pandora\u0027s Box","Runic Pyramid"],"picked":"Eternal Feather"}],"items_purged_floors":[11],"is_endless":false,"potions_floor_spawned":[1,2,10,18,21,31],"killed_by":"Automaton","ascension_level":20}