{"gold_per_floor":[114,189,77,88,104,104,104,133,133,150,184,184,212,224,224,298,298,316,334,259,272,283,283,298,314,314,334,351,351,351,70,70,142,142,157,157,167,178,178,178,178,4,28,48,48,75,35,35,35,35],"floor_reached":51,"playtime":2476,"items_purged":["Decay","Writhe","Strike_G"],"score":1256,"play_id":"4bd19676-73bd-4169-b4e5-e378ab45efd5","local_time":"20180920212956","is_ascension_mode":true,"campfire_choices":[{"data":"Neutralize","floor":6.0,"key":"SMITH"},{"data":"Noxious Fumes","floor":12.0,"key":"SMITH"},{"data":"Bouncing Flask","floor":15.0,"key":"SMITH"},{"floor":23.0,"key":"REST"},{"floor":30,"key":"REST"},{"floor":32,"key":"REST"},{"floor":40,"key":"REST"},{"floor":41,"key":"REST"},{"data":"Infinite Blades","floor":45,"key":"SMITH"},{"floor":49,"key":"REST"}],"neow_cost":"CURSE","seed_source_timestamp":49019246042168,"circlet_count":0,"master_deck":["Defend_G","Defend_G","Defend_G","Defend_G","Defend_G","Strike_G","Strike_G","Survivor","Neutralize+1","AscendersBane","Corpse Explosion","Infinite Blades+1","Noxious Fumes+1","Bouncing Flask+1","Blur+1","Setup+1","Leg Sweep+1","Burst+1","Acrobatics+1","Calculated Gamble+1","Deflect+1","Dodge and Roll+1","Escape Plan+1","PiercingWail+1","Well Laid Plans+1","Deadly Poison+1","Malaise+1","Prepared+1","Caltrops+1","Deflect+1","Noxious Fumes+1"],"special_seed":0,"relics":["Ring of the Snake","Toxic Egg 2","Anchor","Letter Opener","Odd Mushroom","Black Star","Frozen Egg 2","Happy Flower","Busted Crown","WingedGreaves","Lantern","Snake Skull","Smiling Mask"],"potions_floor_usage":[27,33,50,50],"damage_taken":[{"damage":0.0,"enemies":"2 Louse","floor":1.0,"turns":2.0},{"damage":2.0,"enemies":"Cultist","floor":4.0,"turns":4.0},{"damage":7.0,"enemies":"Small Slimes","floor":5.0,"turns":5.0},{"damage":0.0,"enemies":"3 Sentries","floor":8.0,"turns":5.0},{"damage":3.0,"enemies":"Blue Slaver","floor":10.0,"turns":4.0},{"damage":12.0,"enemies":"Gremlin Nob","floor":11.0,"turns":5.0},{"damage":0.0,"enemies":"The Mushroom Lair","floor":13.0,"turns":3.0},{"damage":0.0,"enemies":"2 Fungi Beasts","floor":14.0,"turns":3.0},{"damage":8.0,"enemies":"Hexaghost","floor":16.0,"turns":8.0},{"damage":4.0,"enemies":"3 Byrds","floor":18.0,"turns":3.0},{"damage":12.0,"enemies":"Shell Parasite","floor":19.0,"turns":5.0},{"damage":19.0,"enemies":"Snecko","floor":21.0,"turns":7.0},{"damage":0.0,"enemies":"Snake Plant","floor":22.0,"turns":5.0},{"damage":8.0,"enemies":"3 Cultists","floor":24.0,"turns":4.0},{"damage":13.0,"enemies":"Sentry and Sphere","floor":25.0,"turns":5.0},{"damage":3,"enemies":"Shelled Parasite and Fungi","floor":27,"turns":7},{"damage":8,"enemies":"3 Cultists","floor":28,"turns":4},{"damage":14,"enemies":"Champ","floor":33,"turns":12},{"damage":6,"enemies":"Orb Walker","floor":35,"turns":4},{"damage":0,"enemies":"Mind Bloom Boss Battle","floor":36,"turns":7},{"damage":4,"enemies":"3 Shapes","floor":37,"turns":3},{"damage":21,"enemies":"Transient","floor":38,"turns":5},{"damage":8,"enemies":"4 Shapes","floor":44,"turns":3},{"damage":23,"enemies":"2 Orb Walkers","floor":46,"turns":5},{"damage":41,"enemies":"Donu and Deca","floor":50,"turns":8}],"seed_played":"2149836197113016364","potions_obtained":[{"floor":1.0,"key":"SkillPotion"},{"floor":5.0,"key":"GhostInAJar"},{"floor":11.0,"key":"LiquidBronze"},{"floor":18.0,"key":"GamblersBrew"},{"floor":25.0,"key":"GamblersBrew"},{"floor":27,"key":"LiquidBronze"},{"floor":38,"key":"FearPotion"}],"is_trial":false,"path_per_floor":["M","?","$","M","M","R","?","E","T","M","E","R","?","M","R","B",null,"M","M","?","M","M","R","M","M","T","M","M","?","R","$","R","B",null,"M","?","M","M","?","R","R","$","T","M","R","E","$","?","R","B"],"character_chosen":"THE_SILENT","items_purchased":["Noxious Fumes","Well Laid Plans+1","Deadly Poison+1","GhostInAJar","Weak Potion","Noxious Fumes+1"],"campfire_rested":6,"item_purchase_floors":[3,31,31,31,42,47],"current_hp_per_floor":[59,48,48,46,39,39,39,39,39,36,24,24,24,24,24,16,54,50,38,38,19,19,38,30,17,17,14,6,6,25,25,44,30,57,51,51,47,26,26,45,64,64,64,56,56,33,33,33,52,11],"gold":35,"neow_bonus":"THREE_RARE_CARDS","is_prod":false,"is_daily":false,"chose_seed":false,"campfire_upgraded":4,"win_rate":0,"timestamp":1537504196,"path_taken":["M","?","$","M","M","R","?","E","T","?","E","R","?","M","R","BOSS","M","M","?","M","M","R","M","M","T","M","?","?","R","$","R","BOSS","M","?","M","?","?","R","R","?","T","?","R","E","$","?","R","BOSS"],"build_version":"2018-09-20","purchased_purges":3,"victory":true,"max_hp_per_floor":[66,66,66,66,66,66,66,66,66,66,66,66,66,66,66,66,66,66,66,66,66,66,66,66,66,66,66,66,66,66,66,66,66,66,66,66,66,66,66,66,66,66,66,66,66,66,66,66,66,66],"card_choices":[{"not_picked":["Phantasmal Killer","Tools of the Trade"],"picked":"Corpse Explosion","floor":0.0},{"not_picked":["Acrobatics","Underhanded Strike"],"picked":"Infinite Blades","floor":1.0},{"not_picked":["Expertise","Dagger Throw"],"picked":"Bouncing Flask","floor":4.0},{"not_picked":["Well Laid Plans","Underhanded Strike","Prepared"],"picked":"SKIP","floor":5.0},{"not_picked":["Accuracy","Prepared"],"picked":"Blur","floor":8.0},{"not_picked":["Flechettes","Well Laid Plans"],"picked":"Setup+1","floor":10.0},{"not_picked":["Infinite Blades","Heel Hook","Flying Knee"],"picked":"SKIP","floor":11.0},{"not_picked":["Riddle With Holes","Expertise+1"],"picked":"Leg Sweep+1","floor":14.0},{"not_picked":["Doppelganger+1","Phantasmal Killer+1"],"picked":"Burst+1","floor":16.0},{"not_picked":["Outmaneuver+1","Dash"],"picked":"Acrobatics+1","floor":18.0},{"not_picked":["Choke","Caltrops"],"picked":"Calculated Gamble+1","floor":19.0},{"not_picked":["Dagger Spray","Expertise+1","Underhanded Strike"],"picked":"SKIP","floor":21.0},{"not_picked":["Acrobatics+1","Crippling Poison+1"],"picked":"Deflect+1","floor":22.0},{"not_picked":["A Thousand Cuts","Bane","Masterful Stab"],"picked":"SKIP","floor":24.0},{"not_picked":["Poisoned Stab","Finisher"],"picked":"Dodge and Roll+1","floor":25.0},{"not_picked":["Phantasmal Killer+1","Leg Sweep+1"],"picked":"Escape Plan+1","floor":27},{"not_picked":["Predator","Calculated Gamble+1"],"picked":"PiercingWail+1","floor":28},{"not_picked":["Tools of the Trade+1","Burst+1"],"picked":"Malaise+1","floor":33},{"not_picked":["Bane"],"picked":"SKIP","floor":35},{"not_picked":[],"picked":"Prepared+1","floor":36},{"not_picked":["Acrobatics+1"],"picked":"SKIP","floor":37},{"not_picked":[],"picked":"Caltrops+1","floor":38},{"not_picked":[],"picked":"Deflect+1","floor":44},{"not_picked":["Underhanded Strike"],"picked":"SKIP","floor":46}],"player_experience":1178525,"relics_obtained":[{"floor":8.0,"key":"Toxic Egg 2"},{"floor":9.0,"key":"Anchor"},{"floor":11.0,"key":"Letter Opener"},{"floor":13.0,"key":"Odd Mushroom"},{"floor":26.0,"key":"Frozen Egg 2"},{"floor":36,"key":"WingedGreaves"},{"floor":43,"key":"Lantern"},{"floor":46,"key":"Snake Skull"},{"floor":46,"key":"Smiling Mask"}],"event_choices":[{"event_name":"World of Goop","player_choice":"Gather Gold","floor":2.0,"damage_taken":0.0},{"event_name":"Golden Idol","player_choice":"Ignored","floor":7.0,"damage_taken":0.0},{"event_name":"Mushrooms","player_choice":"Fought Mushrooms","floor":13.0,"damage_taken":0.0},{"event_name":"Beggar","player_choice":"Gave Gold","floor":20.0,"damage_taken":0.0},{"event_name":"The Mausoleum","player_choice":"Yes","floor":29,"damage_taken":0},{"event_name":"MindBloom","player_choice":"Fight","floor":36,"damage_taken":0},{"event_name":"Falling","player_choice":"Removed Attack","floor":39,"damage_taken":0},{"event_name":"The Moai Head","player_choice":"Ignored","floor":48,"damage_taken":0}],"is_beta":false,"boss_relics":[{"not_picked":["Coffee Dripper","Runic Pyramid"],"picked":"Black Star"},{"not_picked":["Orrery","Philosopher\u0027s Stone"],"picked":"Busted Crown"}],"items_purged_floors":[3,31,42],"is_endless":false,"potions_floor_spawned":[1,5,11,18,25,27,38,44,46],"ascension_level":15}