{"gold_per_floor":[110,160,174,25,25,25,59,71,98,123,123,123,152,168,168,244,244,254,254,267,267,281,281,312,227,227,253,253,178,41,58,58,132,132,146,146,146,146,146,146,176,176,176,210,210,33,62,73,73,73],"floor_reached":51,"playtime":1952,"items_purged":[],"score":1386,"play_id":"8e8651a5-ec70-4b73-9b6a-9353ca24d64d","local_time":"20181208152118","is_ascension_mode":true,"campfire_choices":[{"data":"Armaments","floor":6.0,"key":"SMITH"},{"data":"Demon Form","floor":12.0,"key":"SMITH"},{"data":"Bash","floor":15.0,"key":"SMITH"},{"data":"Shockwave","floor":23.0,"key":"SMITH"},{"floor":28.0,"key":"REST"},{"floor":32.0,"key":"REST"},{"data":"Clothesline","floor":40.0,"key":"SMITH"},{"floor":42.0,"key":"REST"},{"floor":45,"key":"REST"},{"floor":49,"key":"REST"}],"neow_cost":"NONE","seed_source_timestamp":31291917359689,"circlet_count":0,"master_deck":["AscendersBane","Defend_R+1","Defend_R+1","Defend_R","Bash+1","Armaments+1","Pommel Strike","Demon Form+1","Pommel Strike","Iron Wave","Shockwave+1","Headbutt","Sword Boomerang+1","Clothesline+1","Dark Embrace+1","Sword Boomerang+1","Barricade+1","Clothesline+1","Heavy Blade+1","Second Wind+1","Apotheosis","Dual Wield","Entrench+1","Reaper"],"special_seed":0,"relics":["Burning Blood","Bronze Scales","Juzu Bracelet","Oddly Smooth Stone","PreservedInsect","Pear","Happy Flower","Snecko Eye","Nilry\u0027s Codex","The Courier","Shuriken","Frozen Egg 2","Lantern","Astrolabe","War Paint","Ancient Tea Set","Strawberry","Mango"],"potions_floor_usage":[50],"damage_taken":[{"damage":4.0,"enemies":"Jaw Worm","floor":1.0,"turns":4.0},{"damage":6.0,"enemies":"Cultist","floor":3.0,"turns":3.0},{"damage":18.0,"enemies":"3 Sentries","floor":7.0,"turns":11.0},{"damage":0.0,"enemies":"Small Slimes","floor":8.0,"turns":3.0},{"damage":7.0,"enemies":"Lagavulin","floor":10.0,"turns":7.0},{"damage":16.0,"enemies":"Gremlin Nob","floor":13.0,"turns":4.0},{"damage":3.0,"enemies":"3 Louse","floor":14.0,"turns":5.0},{"damage":28.0,"enemies":"The Guardian","floor":16.0,"turns":10.0},{"damage":10.0,"enemies":"Spheric Guardian","floor":18.0,"turns":4.0},{"damage":12.0,"enemies":"2 Thieves","floor":20.0,"turns":3.0},{"damage":12.0,"enemies":"Chosen and Byrds","floor":22.0,"turns":4.0},{"damage":23.0,"enemies":"Book of Stabbing","floor":24.0,"turns":4.0},{"damage":15.0,"enemies":"Slavers","floor":27.0,"turns":4.0},{"damage":20.0,"enemies":"Snake Plant","floor":31.0,"turns":3.0},{"damage":30.0,"enemies":"Collector","floor":33.0,"turns":7.0},{"damage":0.0,"enemies":"3 Shapes","floor":35.0,"turns":4.0},{"damage":43.0,"enemies":"Nemesis","floor":41.0,"turns":5.0},{"damage":43,"enemies":"Reptomancer","floor":44,"turns":5},{"damage":39,"enemies":"Nemesis","floor":47,"turns":5},{"damage":10,"enemies":"Orb Walker","floor":48,"turns":5},{"damage":51,"enemies":"Time Eater","floor":50,"turns":8}],"seed_played":"2932250374631677898","potions_obtained":[{"floor":3.0,"key":"PowerPotion"},{"floor":8.0,"key":"EssenceOfSteel"},{"floor":16.0,"key":"PowerPotion"},{"floor":18.0,"key":"Fire Potion"},{"floor":24.0,"key":"Poison Potion"},{"floor":27.0,"key":"Dexterity Potion"},{"floor":35.0,"key":"FairyPotion"}],"is_trial":false,"path_per_floor":["M","?","M","$","?","R","E","M","T","E","?","R","E","M","R","B",null,"M","?","M","?","M","R","E","?","T","E","R","?","$","M","R","B",null,"M","?","?","?","?","R","E","R","T","E","R","$","E","M","R","B",null],"character_chosen":"IRONCLAD","items_purchased":["Juzu Bracelet","Clothesline","Dark Embrace+1","Apotheosis","Dual Wield"],"campfire_rested":5,"item_purchase_floors":[4,30,30,46,46],"current_hp_per_floor":[70,63,63,63,63,63,51,57,57,66,71,71,61,64,64,42,78,74,74,68,47,41,41,24,24,24,15,42,42,42,28,55,31,75,81,81,81,81,81,81,44,71,71,41,70,70,51,47,80,56],"gold":73,"neow_bonus":"RANDOM_COMMON_RELIC","is_prod":false,"is_daily":false,"chose_seed":false,"campfire_upgraded":5,"win_rate":0,"timestamp":1544311278,"path_taken":["M","?","M","$","?","R","E","M","T","E","?","R","E","M","R","BOSS","M","?","M","?","M","R","E","?","T","E","R","?","?","M","R","BOSS","M","?","?","?","?","R","E","R","T","E","R","?","E","M","R","BOSS"],"build_version":"2018-12-06","purchased_purges":0,"victory":true,"max_hp_per_floor":[75,75,75,75,75,75,75,75,75,85,90,90,90,90,90,90,90,90,90,90,90,90,90,90,90,90,90,90,90,90,90,90,90,90,90,90,90,90,90,90,90,90,90,97,97,97,111,111,111,111],"card_choices":[{"not_picked":["True Grit","Dropkick"],"picked":"Armaments","floor":1.0},{"not_picked":["Havoc","Cleave"],"picked":"Pommel Strike","floor":3.0},{"not_picked":["Wild Strike","Pummel"],"picked":"Demon Form","floor":7.0},{"not_picked":["Heavy Blade","Combust","Inflame"],"picked":"SKIP","floor":8.0},{"not_picked":["Ghostly Armor","Flex","Intimidate"],"picked":"SKIP","floor":10.0},{"not_picked":["Feel No Pain","Bloodletting"],"picked":"Pommel Strike","floor":13.0},{"not_picked":["Perfected Strike","Feel No Pain"],"picked":"Iron Wave","floor":14.0},{"not_picked":["Brutality","Fiend Fire"],"picked":"Offering","floor":16.0},{"not_picked":["Sword Boomerang","Cleave+1","Body Slam"],"picked":"SKIP","floor":18.0},{"not_picked":["Twin Strike","Anger","Dropkick+1"],"picked":"SKIP","floor":20.0},{"not_picked":["Iron Wave","Sentinel"],"picked":"Shockwave","floor":22.0},{"not_picked":["Wild Strike","Warcry"],"picked":"Headbutt","floor":24.0},{"not_picked":["Perfected Strike+1","True Grit"],"picked":"Sword Boomerang+1","floor":27.0},{"not_picked":["Twin Strike","Searing Blow"],"picked":"Sword Boomerang+1","floor":31.0},{"not_picked":["Offering","Brutality+1"],"picked":"Barricade+1","floor":33.0},{"not_picked":["Clash","Sword Boomerang","Iron Wave"],"picked":"SKIP","floor":35.0},{"not_picked":["Twin Strike","Heavy Blade+1","Rampage"],"picked":"SKIP","floor":41.0},{"not_picked":["Body Slam","Brutality+1","Hemokinesis+1"],"picked":"SKIP","floor":44},{"not_picked":["Sentinel+1","Shrug It Off"],"picked":"Entrench+1","floor":47},{"not_picked":["Clash+1","Flex+1"],"picked":"Reaper","floor":48}],"player_experience":1760323,"relics_obtained":[{"floor":7.0,"key":"Oddly Smooth Stone"},{"floor":9.0,"key":"PreservedInsect"},{"floor":10.0,"key":"Pear"},{"floor":13.0,"key":"Happy Flower"},{"floor":21.0,"key":"Nilry\u0027s Codex"},{"floor":24.0,"key":"The Courier"},{"floor":26.0,"key":"Frozen Egg 2"},{"floor":27.0,"key":"Lantern"},{"floor":41.0,"key":"War Paint"},{"floor":43.0,"key":"Ancient Tea Set"},{"floor":44,"key":"Strawberry"},{"floor":47,"key":"Mango"}],"event_choices":[{"damage_healed":0.0,"max_hp_gain":0.0,"max_hp_loss":0.0,"gold_gain":50.0,"event_name":"FaceTrader","player_choice":"Touch","floor":2.0,"gold_loss":0.0,"damage_taken":7.0},{"cards_removed":["Strike_R"],"damage_healed":0.0,"max_hp_gain":0.0,"max_hp_loss":0.0,"gold_gain":0.0,"event_name":"Purifier","player_choice":"Purged","floor":5.0,"gold_loss":0.0,"damage_taken":0.0},{"damage_healed":0.0,"max_hp_gain":5.0,"max_hp_loss":0.0,"gold_gain":0.0,"event_name":"Big Fish","player_choice":"Donut","floor":11.0,"gold_loss":0.0,"damage_taken":0.0},{"damage_healed":0.0,"max_hp_gain":0.0,"max_hp_loss":0.0,"gold_gain":0.0,"event_name":"Ghosts","player_choice":"Ignored","floor":19.0,"gold_loss":0.0,"damage_taken":0.0},{"damage_healed":0.0,"max_hp_gain":0.0,"max_hp_loss":0.0,"gold_gain":0.0,"event_name":"Cursed Tome","player_choice":"Obtained Book","floor":21.0,"gold_loss":0.0,"damage_taken":21.0},{"damage_healed":0.0,"max_hp_gain":0.0,"max_hp_loss":0.0,"gold_gain":0.0,"event_name":"Addict","player_choice":"Obtained Relic","floor":25.0,"gold_loss":85.0,"damage_taken":0.0,"relics_obtained":["Shuriken"]},{"cards_removed":["Strike_R"],"damage_healed":0.0,"max_hp_gain":0.0,"max_hp_loss":0.0,"gold_gain":0.0,"event_name":"Beggar","player_choice":"Gave Gold","floor":29.0,"gold_loss":75.0,"damage_taken":0.0},{"damage_healed":0.0,"max_hp_gain":0.0,"max_hp_loss":0.0,"gold_gain":0.0,"event_name":"Tomb of Lord Red Mask","player_choice":"Ignored","floor":36.0,"gold_loss":0.0,"damage_taken":0.0},{"cards_removed":["Defend_R"],"damage_healed":0.0,"max_hp_gain":0.0,"max_hp_loss":0.0,"gold_gain":0.0,"event_name":"Purifier","player_choice":"Purged","floor":37.0,"gold_loss":0.0,"damage_taken":0.0},{"cards_removed":["Offering"],"damage_healed":0.0,"max_hp_gain":0.0,"max_hp_loss":0.0,"gold_gain":0.0,"event_name":"Falling","player_choice":"Removed Skill","floor":38.0,"gold_loss":0.0,"damage_taken":0.0},{"damage_healed":0.0,"max_hp_gain":0.0,"max_hp_loss":0.0,"gold_gain":0.0,"event_name":"SensoryStone","player_choice":"Memory 1","floor":39.0,"gold_loss":0.0,"damage_taken":0.0}],"is_beta":false,"boss_relics":[{"not_picked":["Tiny House","Runic Cube"],"picked":"Snecko Eye"},{"not_picked":["Lizard Tail","Fusion Hammer"],"picked":"Astrolabe"}],"items_purged_floors":[],"is_endless":false,"potions_floor_spawned":[3,8,16,18,20,24,27,35,41,47],"ascension_level":15}