{"gold_per_floor":[155,192,232,289,94,94,124,124,148,155,208,269,269,269,382,450,450,550,650,688,53,191,234,260,260,285,285,285,354,354,169,169,183,183,245,245,375,375,418,418,418,481,525,578,199,199,199,216,257,50,50,105,105,130,130,130,130,211,236],"floor_reached":60,"playtime":5838,"items_purged":["Strike_G","Strike_G","Strike_G","Strike_G"],"score":1391,"play_id":"10fa3f4c-6470-4a67-a14e-a64267d39301","local_time":"20190307011139","is_ascension_mode":true,"campfire_choices":[{"data":"HandOfGreed","floor":6.0,"key":"SMITH"},{"data":"Flechettes","floor":17.0,"key":"SMITH"},{"floor":25.0,"key":"REST"},{"floor":36.0,"key":"REST"},{"data":"Concentrate","floor":46.0,"key":"SMITH"},{"data":"Deep Breath","floor":51.0,"key":"SMITH"},{"floor":53,"key":"RECALL"},{"data":"Sneak Up","floor":56,"key":"SMITH"}],"neow_cost":"TEN_PERCENT_HP_LOSS","seed_source_timestamp":3644893707000,"circlet_count":0,"master_deck":["Defend_G","Defend_G+1","Defend_G","Defend_G","Defend_G+1","Survivor","Neutralize","Survey Options+1","HandOfGreed+1","Acrobatics","Flechettes+1","Draining Mist+1","Dark Embrace+1","Concentrate+1","Sneak Up+1","Deep Breath+1","Fluid Movement","Acrobatics+1","Tools of the Trade+1","Doppelganger","Prepared+1","Escape Plan+1","ReplayTheSpireMod:Scrap Shanks+1","ReplayTheSpireMod:Uncanny Aura","Tactician+1","Cloak And Dagger+1"],"special_seed":0,"relics":["Ring of the Snake","Oddly Smooth Stone","Smiling Mask","Regal Pillow","Replay:Wanted Poster","Guide Book","Letter Opener","Bronze Scales","Simple Rune","Ninja Scroll","theJungle:Creamberry","theJungle:SneckoAutograph","theJungle:PaperFaux","Empty Cage","Replay:Rubber Ducky","Kunai","Happy Flower","Baseball","Replay:Mystery Machine"],"potions_floor_usage":[52,52,59],"damage_taken":[{"damage":0.0,"enemies":"2 Louse","floor":1.0,"turns":4.0},{"damage":0.0,"enemies":"Cultist","floor":2.0,"turns":4.0},{"damage":0.0,"enemies":"Small Slimes","floor":3.0,"turns":2.0},{"damage":4.0,"enemies":"Exordium Wildlife","floor":4.0,"turns":5.0},{"damage":0.0,"enemies":"Gremlin Nob","floor":7.0,"turns":2.0},{"damage":1.0,"enemies":"Exordium Thugs","floor":10.0,"turns":4.0},{"damage":14.0,"enemies":"Lagavulin","floor":11.0,"turns":7.0},{"damage":1.0,"enemies":"Large Slime","floor":12.0,"turns":9.0},{"damage":3.0,"enemies":"Lots of Slimes","floor":15.0,"turns":10.0},{"damage":0.0,"enemies":"3 Louse","floor":16.0,"turns":5.0},{"damage":39.0,"enemies":"The Guardian","floor":18.0,"turns":19.0},{"damage":31.0,"enemies":"theJungle:GiantWrat","floor":20.0,"turns":7.0},{"damage":6.0,"enemies":"theJungle:5_Spyders","floor":22.0,"turns":9.0},{"damage":27.0,"enemies":"theJungle:SlimyTreeVines","floor":23.0,"turns":18.0},{"damage":17.0,"enemies":"theJungle:2_Phrogs","floor":26.0,"turns":9.0},{"damage":10.0,"enemies":"theJungle:2_Snecko_Cultists","floor":29.0,"turns":6.0},{"damage":3.0,"enemies":"Snake Plant","floor":33.0,"turns":4.0},{"damage":11.0,"enemies":"theJungle:JungleHuntersEncounter","floor":35.0,"turns":6.0},{"damage":23.0,"enemies":"theJungle:QueenSpyder","floor":37.0,"turns":10.0},{"damage":6.0,"enemies":"3 Darklings","floor":39.0,"turns":7.0},{"damage":0.0,"enemies":"3 Shapes","floor":42.0,"turns":3.0},{"damage":0.0,"enemies":"3 Darklings","floor":43.0,"turns":3.0},{"damage":5.0,"enemies":"R_Hoarder","floor":44.0,"turns":8.0},{"damage":16.0,"enemies":"Transient","floor":48.0,"turns":5.0},{"damage":2.0,"enemies":"Sphere and 2 Shapes","floor":49.0,"turns":2.0},{"damage":12,"enemies":"Reptomancer","floor":52,"turns":5},{"damage":0,"enemies":"Time Eater","floor":54,"turns":8},{"damage":0,"enemies":"Shield and Spear","floor":58,"turns":4},{"damage":52,"enemies":"The Heart","floor":59,"turns":6}],"seed_played":"9121346074647255153","potions_obtained":[{"floor":7.0,"key":"SkillPotion"},{"floor":10.0,"key":"Block Potion"},{"floor":11.0,"key":"Poison Potion"},{"floor":12.0,"key":"Energy Potion"},{"floor":18.0,"key":"Regen Potion"},{"floor":22.0,"key":"Venom Potion"},{"floor":23.0,"key":"Weak Potion"},{"floor":33.0,"key":"GamblersBrew"},{"floor":35.0,"key":"PowerPotion"},{"floor":39.0,"key":"Dexterity Potion"},{"floor":49.0,"key":"PowerPotion"},{"floor":52,"key":"Weak Potion"}],"is_trial":false,"path_per_floor":["M","M","M","M","$","R","E","?","T","M","E","M","PTL","PTL","M","M","R","B",null,"M","$","M","M","T","R","E","PTL","PTL","M","T","?","?","M","?","M","R","B",null,"M","?","?","M","M","E","$","R","T","M","M","$","R","E","R","B",null,"R","$","E","B",null],"character_chosen":"THE_SILENT","items_purchased":["SteroidPotion","Well Laid Plans","Sneak Up","Guide Book","Deep Breath","Letter Opener","Adrenaline Potion","Kunai","ReplayTheSpireMod:Uncanny Aura","Happy Flower"],"campfire_rested":2,"item_purchase_floors":[5,5,21,21,21,21,21,45,45,50],"current_hp_per_floor":[63,63,63,59,59,59,59,59,59,58,44,43,43,43,40,40,40,1,63,32,32,41,20,20,53,36,36,36,26,26,26,26,23,23,12,45,22,63,57,57,57,57,57,52,52,52,52,36,34,34,34,22,22,22,63,63,63,63,11],"gold":236,"neow_bonus":"RANDOM_COLORLESS_2","is_prod":false,"is_daily":false,"chose_seed":false,"campfire_upgraded":5,"win_rate":0,"timestamp":1551892299,"path_taken":["M","M","M","M","$","R","E","?","T","M","E","M","PTL","PTL","?","M","R","BOSS","M","$","M","M","?","R","E","PTL","PTL","?","T","?","?","M","?","?","R","BOSS","M","?","?","M","M","E","$","R","T","M","?","$","R","E","R","BOSS","R","$","E","BOSS"],"build_version":"2019-01-23","purchased_purges":4,"victory":true,"max_hp_per_floor":[63,63,63,63,63,63,63,63,63,63,63,63,63,63,63,63,63,63,63,63,63,63,63,63,63,63,63,63,63,63,63,63,63,63,63,63,63,63,63,63,63,63,63,63,63,63,63,63,63,63,63,63,63,63,63,63,63,63,63],"card_choices":[{"not_picked":["Deflect","Accuracy","Expertise"],"picked":"SKIP","floor":1.0},{"not_picked":["Dagger Spray","Blade Dance"],"picked":"Acrobatics","floor":2.0},{"not_picked":["Quick Slash","Bane"],"picked":"Flechettes","floor":3.0},{"not_picked":["Expertise","Bane"],"picked":"Draining Mist","floor":4.0},{"not_picked":["Noxious Fumes","Infinite Blades","Prepared"],"picked":"SKIP","floor":7.0},{"not_picked":["Noxious Fumes","Infinite Blades","Prepared"],"picked":"SKIP","floor":7.0},{"not_picked":["Dagger Throw","Replay:Poison Smokescreen","Slice"],"picked":"SKIP","floor":10.0},{"not_picked":["Underhanded Strike","Fluid Movement"],"picked":"Concentrate","floor":11.0},{"not_picked":["PiercingWail","Riddle With Holes","ReplayTheSpireMod:Necrosis"],"picked":"SKIP","floor":12.0},{"not_picked":["Quick Slash","Infinite Blades","Choke"],"picked":"SKIP","floor":15.0},{"not_picked":["Acrobatics","Quick Slash","Hidden Blade"],"picked":"SKIP","floor":16.0},{"not_picked":["Leg Sweep","Sucker Punch","Dodge and Roll"],"picked":"SKIP","floor":20.0},{"not_picked":["Distraction","Outmaneuver","All Out Attack+1"],"picked":"SKIP","floor":22.0},{"not_picked":["Distraction","Outmaneuver","All Out Attack+1"],"picked":"SKIP","floor":22.0},{"not_picked":["Underhanded Strike","Outmaneuver+1","Sucker Punch"],"picked":"SKIP","floor":23.0},{"not_picked":["Poison Darts","Acrobatics","Bouncing Flask"],"picked":"SKIP","floor":26.0},{"not_picked":["Poison Darts","Acrobatics","Bouncing Flask"],"picked":"SKIP","floor":26.0},{"not_picked":["Slice","Quick Slash"],"picked":"Fluid Movement","floor":29.0},{"not_picked":["Choke+1","Sucker Punch","Underhanded Strike+1"],"picked":"SKIP","floor":33.0},{"not_picked":["Slice","Escape Plan+1"],"picked":"Acrobatics+1","floor":35.0},{"not_picked":["Glass Knife+1","Atom Bomb+1"],"picked":"Tools of the Trade+1","floor":37.0},{"not_picked":["Poisoned Stab","Distraction+1","Finisher+1"],"picked":"SKIP","floor":39.0},{"not_picked":["Dodge and Roll+1","All Out Attack+1"],"picked":"Prepared+1","floor":42.0},{"not_picked":["Riddle With Holes+1","PiercingWail"],"picked":"Escape Plan+1","floor":43.0},{"not_picked":["Underhanded Strike+1","PiercingWail+1"],"picked":"ReplayTheSpireMod:Scrap Shanks+1","floor":44.0},{"not_picked":["Cloak And Dagger+1","Slice","Prepared+1"],"picked":"SKIP","floor":48.0},{"not_picked":["Cloak And Dagger+1","Slice","Prepared+1"],"picked":"SKIP","floor":48.0},{"not_picked":["Sucker Punch","Prepared+1","Caltrops+1"],"picked":"SKIP","floor":49.0},{"not_picked":["Tools of the Trade+1","Deflect"],"picked":"Tactician+1","floor":52},{"not_picked":["Flechettes+1","Infinite Blades+1"],"picked":"Cloak And Dagger+1","floor":58}],"player_experience":2749709,"relics_obtained":[{"floor":7.0,"key":"Oddly Smooth Stone"},{"floor":9.0,"key":"Smiling Mask"},{"floor":11.0,"key":"Regal Pillow"},{"floor":24.0,"key":"Bronze Scales"},{"floor":26.0,"key":"Simple Rune"},{"floor":30.0,"key":"Ninja Scroll"},{"floor":44.0,"key":"Replay:Rubber Ducky"},{"floor":52,"key":"Baseball"},{"floor":58,"key":"Replay:Mystery Machine"}],"event_choices":[{"cards_removed":["Well Laid Plans"],"damage_healed":0.0,"max_hp_gain":0.0,"max_hp_loss":0.0,"gold_gain":0.0,"event_name":"NoteForYourself","player_choice":"Took Card","floor":8.0,"gold_loss":0.0,"damage_taken":0.0,"cards_obtained":["Dark Embrace"]},{"damage_healed":0.0,"max_hp_gain":0.0,"max_hp_loss":0.0,"gold_gain":0.0,"event_name":"Mysterious Sphere","player_choice":"Ignored","floor":40.0,"gold_loss":0.0,"damage_taken":0.0},{"damage_healed":0.0,"max_hp_gain":0.0,"max_hp_loss":0.0,"gold_gain":0.0,"cards_transformed":["Strike_G"],"event_name":"Transmorgrifier","player_choice":"Transformed","floor":41.0,"gold_loss":0.0,"damage_taken":0.0,"cards_obtained":["Doppelganger"]}],"is_beta":false,"boss_relics":[{"not_picked":["Fusion Hammer","WristBlade"],"picked":"Replay:Wanted Poster"},{"not_picked":["ReplayTheSpireMod:DimensionalGlitch","Replay:Fungal Core"],"picked":"Empty Cage"}],"items_purged_floors":[5,21,45,50],"is_endless":false,"potions_floor_spawned":[7,10,11,12,18,22,23,33,35,39,49,52],"ascension_level":1}