{"gold_per_floor":[109,109,184,184,67,100,100,132,157,157,67,84,119,132,132,206,206,224,139,158,58,73,98,98,132,132,132,165,165,180,196,196,272,272,284,303,403,403,403,437,437,464,464,464,496,496,521,521,521,521,521,521,521,8,41,41],"floor_reached":57,"playtime":2444,"items_purged":["Strike_R","Strike_R","Wild Strike+1"],"score":3390,"play_id":"cabd481a-bfde-47a8-9e2b-2bb5736f1c5b","local_time":"20181224112444","is_ascension_mode":true,"campfire_choices":[{"data":"Wild Strike","floor":7.0,"key":"SMITH"},{"data":"Limit Break","floor":10.0,"key":"SMITH"},{"data":"Shockwave","floor":15.0,"key":"SMITH"},{"data":"Flex","floor":24.0,"key":"SMITH"},{"data":"Inflame","floor":27.0,"key":"SMITH"},{"data":"Sword Boomerang","floor":29.0,"key":"SMITH"},{"data":"Second Wind","floor":32.0,"key":"SMITH"},{"data":"Strike_R","floor":41.0,"key":"PURGE"},{"data":"Defend_R","floor":44.0,"key":"PURGE"},{"data":"Strike_R","floor":46.0,"key":"PURGE"},{"floor":49.0,"key":"RECALL"},{"data":"Defend_R","floor":53.0,"key":"PURGE"}],"neow_cost":"NONE","seed_source_timestamp":3618878642720,"circlet_count":0,"master_deck":["AscendersBane","Defend_R","Defend_R+1","Bash","Battle Trance+1","Fiend Fire","Limit Break+1","Inflame+1","Shockwave+1","Evolve","Immolate","Power Through+1","Flex+1","Sword Boomerang+1","Second Wind+1","Offering"],"special_seed":0,"relics":["Burning Blood","NeowsBlessing","Centennial Puzzle","Oddly Smooth Stone","Red Skull","Juzu Bracelet","Gambling Chip","Velvet Choker","Anchor","War Paint","Shuriken","Singing Bowl","Dream Catcher","Busted Crown","Peace Pipe","Sundial","PreservedInsect","Frozen Egg 2","Dodecahedron","Happy Flower","Mango","Gremlin Horn"],"potions_floor_usage":[56],"damage_taken":[{"damage":0.0,"enemies":"2 Louse","floor":1.0,"turns":1.0},{"damage":0.0,"enemies":"Gremlin Nob","floor":6.0,"turns":1.0},{"damage":0.0,"enemies":"3 Sentries","floor":8.0,"turns":2.0},{"damage":6.0,"enemies":"Jaw Worm","floor":12.0,"turns":2.0},{"damage":8.0,"enemies":"Gremlin Nob","floor":13.0,"turns":3.0},{"damage":0.0,"enemies":"Cultist","floor":14.0,"turns":2.0},{"damage":0.0,"enemies":"Slime Boss","floor":16.0,"turns":3.0},{"damage":0.0,"enemies":"Chosen","floor":18.0,"turns":3.0},{"damage":8.0,"enemies":"2 Thieves","floor":20.0,"turns":3.0},{"damage":6.0,"enemies":"3 Cultists","floor":22.0,"turns":3.0},{"damage":8.0,"enemies":"Book of Stabbing","floor":23.0,"turns":3.0},{"damage":14.0,"enemies":"Slavers","floor":25.0,"turns":2.0},{"damage":24.0,"enemies":"Book of Stabbing","floor":28.0,"turns":4.0},{"damage":7.0,"enemies":"Snecko","floor":30.0,"turns":3.0},{"damage":0.0,"enemies":"Sentry and Sphere","floor":31.0,"turns":3.0},{"damage":33.0,"enemies":"Automaton","floor":33.0,"turns":5.0},{"damage":6.0,"enemies":"Orb Walker","floor":35.0,"turns":1.0},{"damage":3.0,"enemies":"3 Shapes","floor":36.0,"turns":2.0},{"damage":6.0,"enemies":"Mind Bloom Boss Battle","floor":37.0,"turns":4.0},{"damage":15.0,"enemies":"Nemesis","floor":40.0,"turns":5.0},{"damage":6.0,"enemies":"Reptomancer","floor":42.0,"turns":2.0},{"damage":0.0,"enemies":"Giant Head","floor":45.0,"turns":4.0},{"damage":10.0,"enemies":"Reptomancer","floor":47.0,"turns":3.0},{"damage":8.0,"enemies":"Awakened One","floor":50.0,"turns":5.0},{"damage":14.0,"enemies":"Donu and Deca","floor":51.0,"turns":5.0},{"damage":44,"enemies":"Shield and Spear","floor":55,"turns":4},{"damage":58,"enemies":"The Heart","floor":56,"turns":7}],"seed_played":"-7471082303750935116","potions_obtained":[{"floor":6.0,"key":"EssenceOfSteel"},{"floor":13.0,"key":"SkillPotion"},{"floor":20.0,"key":"Weak Potion"},{"floor":23.0,"key":"SkillPotion"},{"floor":28.0,"key":"Swift Potion"},{"floor":42.0,"key":"Swift Potion"},{"floor":45.0,"key":"Weak Potion"}],"is_trial":false,"path_per_floor":["M","?","?","?","$","E","R","E","T","R","$","M","E","M","R","B",null,"M","?","M","$","M","E","R","E","T","R","E","R","M","M","R","B",null,"M","M","?","?","T","E","R","E","T","R","E","R","E","?","R","B","B",null,"R","$","E","B",null],"character_chosen":"IRONCLAD","items_purchased":["Battle Trance","Inflame","SteroidPotion","Mango"],"campfire_rested":0,"item_purchase_floors":[5,11,54,54],"current_hp_per_floor":[74,39,28,28,28,34,34,40,40,40,40,40,38,44,44,50,69,75,75,73,73,73,71,71,63,63,63,47,47,48,54,54,27,66,68,73,75,71,71,64,64,66,66,66,74,74,72,72,72,70,62,86,86,100,64,12],"gold":41,"neow_bonus":"THREE_ENEMY_KILL","is_prod":false,"is_daily":false,"chose_seed":false,"campfire_upgraded":7,"win_rate":0,"timestamp":1545621884,"path_taken":["M","?","?","?","$","E","R","E","T","R","$","M","E","M","R","BOSS","M","?","M","$","M","E","R","E","T","R","E","R","M","M","R","BOSS","M","M","?","?","?","E","R","E","T","R","E","R","E","?","R","BOSS","BOSS","R","$","E","BOSS"],"build_version":"2018-12-20","purchased_purges":3,"victory":true,"max_hp_per_floor":[75,75,75,75,75,75,75,75,75,75,75,75,75,75,75,75,75,75,75,75,75,75,75,75,75,75,75,77,77,79,79,79,79,79,81,83,85,91,91,93,93,95,95,95,97,97,99,94,94,94,94,94,94,108,110,110],"card_choices":[{"not_picked":["Heavy Blade","Iron Wave"],"picked":"Wild Strike","floor":1.0},{"not_picked":["Clothesline","Sever Soul"],"picked":"Fiend Fire","floor":6.0},{"not_picked":["Thunderclap","Headbutt"],"picked":"Limit Break","floor":8.0},{"not_picked":["Sentinel","Carnage"],"picked":"Shockwave","floor":12.0},{"not_picked":["Shrug It Off","Shockwave","Intimidate"],"picked":"SKIP","floor":13.0},{"not_picked":["Shrug It Off","Shockwave","Intimidate"],"picked":"SKIP","floor":13.0},{"not_picked":["Clash","Thunderclap"],"picked":"Evolve","floor":14.0},{"not_picked":["Brutality","Juggernaut"],"picked":"Immolate","floor":16.0},{"not_picked":["Shrug It Off","Corruption"],"picked":"Power Through+1","floor":18.0},{"not_picked":["Heavy Blade","Shrug It Off"],"picked":"Flex","floor":20.0},{"not_picked":["Fire Breathing","Combust"],"picked":"Sword Boomerang","floor":22.0},{"not_picked":["Ghostly Armor","True Grit","Pommel Strike"],"picked":"SKIP","floor":23.0},{"not_picked":["Ghostly Armor","True Grit","Pommel Strike"],"picked":"SKIP","floor":23.0},{"not_picked":["Ghostly Armor","Wild Strike","Feel No Pain"],"picked":"SKIP","floor":25.0},{"not_picked":["Twin Strike","Body Slam","Cleave"],"picked":"Singing Bowl","floor":28.0},{"not_picked":["Shrug It Off","Twin Strike","Havoc+1"],"picked":"Singing Bowl","floor":30.0},{"not_picked":["Impervious","Reckless Charge"],"picked":"Second Wind","floor":31.0},{"not_picked":["Double Tap","Berserk"],"picked":"Offering","floor":33.0},{"not_picked":["Anger"],"picked":"Singing Bowl","floor":35.0},{"not_picked":["Sword Boomerang"],"picked":"Singing Bowl","floor":36.0},{"not_picked":["Shrug It Off"],"picked":"Singing Bowl","floor":37.0},{"not_picked":["Panacea"],"picked":"Singing Bowl","floor":38.0},{"not_picked":["Good Instincts"],"picked":"Singing Bowl","floor":38.0},{"not_picked":["Swift Strike"],"picked":"Singing Bowl","floor":38.0},{"not_picked":["Sword Boomerang"],"picked":"Singing Bowl","floor":40.0},{"not_picked":["Hemokinesis"],"picked":"Singing Bowl","floor":42.0},{"not_picked":["Clash"],"picked":"Singing Bowl","floor":45.0},{"not_picked":["Armaments"],"picked":"Singing Bowl","floor":47.0},{"not_picked":["Clothesline"],"picked":"Singing Bowl","floor":55}],"player_experience":2423736,"relics_obtained":[{"floor":6.0,"key":"Oddly Smooth Stone"},{"floor":8.0,"key":"Red Skull"},{"floor":9.0,"key":"Juzu Bracelet"},{"floor":13.0,"key":"Gambling Chip"},{"floor":23.0,"key":"War Paint"},{"floor":25.0,"key":"Shuriken"},{"floor":26.0,"key":"Singing Bowl"},{"floor":28.0,"key":"Dream Catcher"},{"floor":37.0,"key":"Peace Pipe"},{"floor":39.0,"key":"Sundial"},{"floor":40.0,"key":"PreservedInsect"},{"floor":42.0,"key":"Frozen Egg 2"},{"floor":45.0,"key":"Dodecahedron"},{"floor":47.0,"key":"Happy Flower"},{"floor":55,"key":"Gremlin Horn"}],"event_choices":[{"damage_healed":0.0,"max_hp_gain":0.0,"max_hp_loss":0.0,"gold_gain":0.0,"event_name":"Scrap Ooze","player_choice":"Success","floor":2.0,"gold_loss":0.0,"damage_taken":35.0,"relics_obtained":["Centennial Puzzle"]},{"damage_healed":0.0,"max_hp_gain":0.0,"max_hp_loss":0.0,"gold_gain":75.0,"event_name":"World of Goop","player_choice":"Gather Gold","floor":3.0,"gold_loss":0.0,"damage_taken":11.0},{"cards_removed":["Strike_R"],"damage_healed":0.0,"max_hp_gain":0.0,"max_hp_loss":0.0,"gold_gain":0.0,"event_name":"Bonfire Elementals","player_choice":"Offered Basic","floor":4.0,"gold_loss":0.0,"damage_taken":0.0},{"damage_healed":0.0,"max_hp_gain":0.0,"max_hp_loss":0.0,"gold_gain":0.0,"event_name":"Addict","player_choice":"Obtained Relic","floor":19.0,"gold_loss":85.0,"damage_taken":0.0,"relics_obtained":["Anchor"]},{"damage_healed":0.0,"max_hp_gain":0.0,"max_hp_loss":0.0,"gold_gain":0.0,"event_name":"MindBloom","player_choice":"Fight","floor":37.0,"gold_loss":0.0,"damage_taken":0.0},{"damage_healed":0.0,"max_hp_gain":0.0,"max_hp_loss":0.0,"gold_gain":0.0,"event_name":"SensoryStone","player_choice":"Memory 3","floor":38.0,"gold_loss":0.0,"damage_taken":10.0},{"damage_healed":0.0,"max_hp_gain":0.0,"max_hp_loss":5.0,"gold_gain":0.0,"event_name":"Winding Halls","player_choice":"Max HP","floor":48.0,"gold_loss":0.0,"damage_taken":0.0}],"is_beta":false,"boss_relics":[{"not_picked":["Lizard Tail","Orrery"],"picked":"Velvet Choker"},{"not_picked":["Mark of Pain","Fusion Hammer"],"picked":"Busted Crown"}],"items_purged_floors":[5,21,54],"is_endless":false,"potions_floor_spawned":[6,13,20,23,28,30,33,42,45,55],"ascension_level":20}