{"path_per_floor":["M","M","M","?","?","E","M","R","T","R","E","M","?","M","R","B",null,"M","$","?","M","M","R","E","M","T","M","R","?","M","$","R","B",null,"M","M","?","?","M","M","R","?","T","$","R","M","M","$","R","B"],"character_chosen":"DEFECT","items_purchased":["Mummified Hand","EssenceOfSteel","FocusPotion","War Paint","Defragment"],"gold_per_floor":[114,124,144,144,144,178,188,188,215,215,249,260,260,274,274,373,373,383,47,47,65,79,79,113,129,129,148,148,148,168,96,96,192,192,208,225,225,225,238,251,251,251,277,57,57,71,87,15,15,15],"floor_reached":51,"campfire_rested":6,"playtime":3524,"item_purchase_floors":[19,31,44,44,48],"current_hp_per_floor":[68,66,66,66,71,40,39,39,39,39,21,20,4,4,28,7,62,49,49,49,45,16,40,19,2,2,2,26,26,12,12,36,35,69,69,69,69,69,69,38,62,62,62,62,62,69,49,49,73,41],"items_purged":["Strike_B"],"gold":15,"score":1147,"play_id":"bcacba7e-a45e-4bed-9adf-aa67db141c0d","local_time":"20180616102223","is_prod":false,"is_daily":false,"chose_seed":false,"is_ascension_mode":true,"campfire_upgraded":3,"win_rate":0,"timestamp":1529169743,"campfire_choices":[{"data":"Dualcast","floor":8,"key":"SMITH"},{"data":"Zap","floor":10,"key":"SMITH"},{"floor":15,"key":"REST"},{"floor":23,"key":"REST"},{"floor":28,"key":"REST"},{"floor":32,"key":"REST"},{"floor":41,"key":"REST"},{"data":"Force Field","floor":45,"key":"SMITH"},{"floor":49,"key":"REST"}],"path_taken":["M","?","M","?","?","E","M","R","T","R","E","M","?","M","R","BOSS","M","$","?","M","M","R","E","M","T","M","R","?","M","$","R","BOSS","M","M","?","?","M","?","R","?","T","$","R","M","M","?","R","BOSS"],"build_version":"2018-06-14v2","seed_source_timestamp":12526197654185,"purchased_purges":1,"victory":true,"master_deck":["Strike_B+1","Strike_B","Defend_B","Defend_B","Zap+1","Dualcast+1","Go for the Eyes+1","Auto Shields","FTL","Beam Cell+1","Electrodynamics+1","Go for the Eyes","Hologram","Conserve Battery","Conserve Battery","Core Surge","Storm+1","Biased Cognition","Cold Snap","Streamline+1","Force Field+1","Glacier","Amplify+1","BootSequence+1","Hologram","Madness","Self Repair","Cold Snap","Leap","Tempest+1","Steam+1","Defragment"],"max_hp_per_floor":[75,75,75,75,80,80,80,80,80,80,80,80,80,80,80,80,80,80,80,80,80,80,80,80,80,80,80,80,80,80,80,80,80,80,80,80,80,80,80,80,80,80,80,80,80,80,80,80,80,80],"relics":["Cracked Core","Pen Nib","Whetstone","Orichalcum","Inserter","Mummified Hand","Happy Flower","Potion Belt","Empty Cage","Peace Pipe","Juzu Bracelet","War Paint"],"card_choices":[{"not_picked":["Steam","Redo"],"picked":"Go for the Eyes","floor":0},{"not_picked":["Consume","Turbo"],"picked":"Auto Shields","floor":1},{"not_picked":["Storm","Barrage"],"picked":"FTL","floor":2},{"not_picked":["Tempest","Doom and Gloom"],"picked":"Beam Cell","floor":3},{"not_picked":["Double Energy","Hologram"],"picked":"Electrodynamics","floor":6},{"not_picked":["Gash","Auto Shields"],"picked":"Go for the Eyes","floor":7},{"not_picked":["Cold Snap","Scrape"],"picked":"Hologram","floor":11},{"not_picked":["Auto Shields","Ball Lightning"],"picked":"Conserve Battery","floor":12},{"not_picked":["Cold Snap","Leap"],"picked":"Conserve Battery","floor":14},{"not_picked":["Fission","Meteor Strike"],"picked":"Core Surge","floor":16},{"not_picked":["Heatsinks","Gash"],"picked":"Storm+1","floor":18},{"not_picked":["Redo","Reprogram+1"],"picked":"Leap","floor":21},{"not_picked":["Conserve Battery+1","Fusion+1"],"picked":"Biased Cognition","floor":22},{"not_picked":["Double Energy","Sweeping Beam"],"picked":"Cold Snap","floor":24},{"not_picked":["Sweeping Beam","Gash"],"picked":"Streamline+1","floor":25},{"not_picked":["Capacitor+1","Sunder"],"picked":"Force Field","floor":27},{"not_picked":["Conserve Battery","Barrage+1"],"picked":"Glacier","floor":30},{"not_picked":["Fission","Rainbow"],"picked":"Amplify","floor":33},{"not_picked":["Fusion","Turbo+1"],"picked":"BootSequence","floor":35},{"not_picked":["Leap","Cold Snap+1"],"picked":"Hologram","floor":36},{"not_picked":["Sadistic Nature","Bandage Up"],"picked":"Madness","floor":37},{"not_picked":["Beam Cell+1","Recycle"],"picked":"Self Repair","floor":39},{"not_picked":["Compile Driver+1","Leap"],"picked":"Cold Snap","floor":40},{"not_picked":["Gash+1","Steam"],"picked":"Leap","floor":42},{"not_picked":["Coolheaded","Loop"],"picked":"Tempest+1","floor":46},{"not_picked":["Rebound","Static Discharge"],"picked":"Steam+1","floor":47}],"player_experience":541231,"potions_floor_usage":[24,27,30,33,33,39,50,50],"damage_taken":[{"damage":0,"enemies":"Cultist","floor":1,"turns":3},{"damage":2,"enemies":"Jaw Worm","floor":2,"turns":3},{"damage":0,"enemies":"2 Louse","floor":3,"turns":2},{"damage":31,"enemies":"3 Sentries","floor":6,"turns":7},{"damage":1,"enemies":"Large Slime","floor":7,"turns":4},{"damage":18,"enemies":"Gremlin Nob","floor":11,"turns":3},{"damage":1,"enemies":"Exordium Thugs","floor":12,"turns":3},{"damage":0,"enemies":"3 Louse","floor":14,"turns":1},{"damage":21,"enemies":"The Guardian","floor":16,"turns":12},{"damage":13,"enemies":"Shell Parasite","floor":18,"turns":6},{"damage":4,"enemies":"Spheric Guardian","floor":21,"turns":4},{"damage":29,"enemies":"Slaver and Parasite","floor":22,"turns":6},{"damage":21,"enemies":"Book of Stabbing","floor":24,"turns":5},{"damage":17,"enemies":"Snake Plant","floor":25,"turns":4},{"damage":0,"enemies":"Chosen and Byrds","floor":27,"turns":4},{"damage":14,"enemies":"Slaver and Parasite","floor":30,"turns":6},{"damage":1,"enemies":"Champ","floor":33,"turns":9},{"damage":0,"enemies":"Orb Walker","floor":35,"turns":4},{"damage":0,"enemies":"3 Darklings","floor":36,"turns":2},{"damage":0,"enemies":"Sphere and 2 Shapes","floor":39,"turns":4},{"damage":38,"enemies":"Maw","floor":40,"turns":9},{"damage":7,"floor":42,"turns":7},{"damage":0,"enemies":"4 Shapes","floor":46,"turns":4},{"damage":27,"enemies":"Sphere and 2 Shapes","floor":47,"turns":5},{"damage":39,"enemies":"Time Eater","floor":50,"turns":12}],"relics_obtained":[{"floor":6,"key":"Pen Nib"},{"floor":9,"key":"Whetstone"},{"floor":11,"key":"Orichalcum"},{"floor":24,"key":"Happy Flower"},{"floor":26,"key":"Potion Belt"},{"floor":42,"key":"Peace Pipe"},{"floor":43,"key":"Juzu Bracelet"}],"event_choices":[{"event_name":"The Lab","player_choice":"Got Potions","floor":4,"damage_taken":0},{"event_name":"Big Fish","player_choice":"Donut","floor":5,"damage_taken":0},{"event_name":"Shining Light","player_choice":"Entered Light","floor":13,"damage_taken":0},{"event_name":"Addict","player_choice":"Ignored","floor":20,"damage_taken":0},{"event_name":"Purifier","player_choice":"One Purge","floor":29,"damage_taken":0},{"event_name":"SensoryStone","player_choice":"Memory 1","floor":37,"damage_taken":0},{"event_name":"Falling","player_choice":"Removed Skill","floor":38,"damage_taken":0},{"event_name":"MindBloom","player_choice":"Fight","floor":42,"damage_taken":0}],"boss_relics":[{"not_picked":["Runic Dome","Pandora\u0027s Box"],"picked":"Inserter"},{"not_picked":["Busted Crown","Snecko Eye"],"picked":"Empty Cage"}],"items_purged_floors":[19],"is_endless":false,"potions_floor_spawned":[1,6,7,11,16,18,22,25,27,35,47],"seed_played":"-7086524519020739289","ascension_level":7,"potions_obtained":[{"floor":1,"key":"SteroidPotion"},{"floor":4,"key":"LiquidBronze"},{"floor":4,"key":"SpeedPotion"},{"floor":25,"key":"PowerPotion"},{"floor":27,"key":"Explosive Potion"},{"floor":35,"key":"Fire Potion"},{"floor":47,"key":"Ancient Potion"}],"is_trial":false}