{"gold_per_floor":[112,112,122,204,73,73,102,102,102,120,151,166,184,207,207,280,280,291,291,291,301,317,317,351,351,351,386,396,430,440,226,226,301,301,314,124,134,149,149,149,184,184,184,164,182,182,196,216,216,216],"floor_reached":51,"playtime":2400,"items_purged":[],"score":1495,"play_id":"b2e96719-c212-4ac1-bc5e-71527d473e4d","local_time":"20181111154507","is_ascension_mode":true,"campfire_choices":[{"data":"Footwork","floor":6.0,"key":"SMITH"},{"floor":8.0,"key":"REST"},{"data":"Caltrops","floor":15.0,"key":"SMITH"},{"data":"Malaise","floor":23.0,"key":"SMITH"},{"data":"Neutralize","floor":25.0,"key":"SMITH"},{"data":"Catalyst","floor":32.0,"key":"SMITH"},{"data":"Noxious Fumes","floor":40.0,"key":"SMITH"},{"data":"Crippling Poison","floor":42.0,"key":"SMITH"},{"data":"Cloak And Dagger","floor":46.0,"key":"SMITH"},{"data":"Cloak And Dagger","floor":49,"key":"SMITH"}],"neow_cost":"NONE","seed_source_timestamp":28965841957534,"circlet_count":0,"master_deck":["AscendersBane","Survivor+1","Neutralize+1","Dodge and Roll","Poisoned Stab","Footwork+1","Cloak And Dagger+1","Malaise+1","Deadly Poison","Caltrops+1","Poisoned Stab","Dodge and Roll","Deadly Poison+1","Deflect","Deflect","Backflip+1","Flying Knee","Dagger Spray","Bane","Cloak And Dagger+1","Backstab","Corpse Explosion","Catalyst+1","Crippling Poison+1","Noxious Fumes+1","After Image","Dodge and Roll+1","Footwork+1","Backflip","Writhe","Doubt","Escape Plan","Well Laid Plans","Adrenaline"],"special_seed":0,"relics":["Ring of the Snake","Singing Bowl","Meat on the Bone","Paper Crane","The Specimen","Odd Mushroom","Pandora\u0027s Box","Darkstone Periapt","Bag of Preparation","Mercury Hourglass","Dead Branch","War Paint","Cursed Key","DollysMirror","Pen Nib","Kunai"],"potions_floor_usage":[50],"damage_taken":[{"damage":12.0,"enemies":"Cultist","floor":1.0,"turns":5.0},{"damage":4.0,"enemies":"Jaw Worm","floor":3.0,"turns":5.0},{"damage":20.0,"enemies":"Lagavulin","floor":7.0,"turns":13.0},{"damage":0.0,"enemies":"2 Louse","floor":10.0,"turns":6.0},{"damage":24.0,"enemies":"Gremlin Nob","floor":11.0,"turns":6.0},{"damage":21.0,"enemies":"Exordium Wildlife","floor":12.0,"turns":7.0},{"damage":6.0,"enemies":"2 Fungi Beasts","floor":13.0,"turns":4.0},{"damage":14.0,"enemies":"The Mushroom Lair","floor":14.0,"turns":6.0},{"damage":0.0,"enemies":"Hexaghost","floor":16.0,"turns":10.0},{"damage":0.0,"enemies":"Shell Parasite","floor":18.0,"turns":5.0},{"damage":7.0,"enemies":"Chosen","floor":21.0,"turns":5.0},{"damage":7.0,"enemies":"Snake Plant","floor":22.0,"turns":5.0},{"damage":3.0,"enemies":"Book of Stabbing","floor":24.0,"turns":6.0},{"damage":5.0,"enemies":"Gremlin Leader","floor":27.0,"turns":8.0},{"damage":0.0,"enemies":"Shelled Parasite and Fungi","floor":28.0,"turns":5.0},{"damage":0.0,"enemies":"Book of Stabbing","floor":29.0,"turns":6.0},{"damage":0.0,"enemies":"Snecko","floor":30.0,"turns":5.0},{"damage":23.0,"enemies":"Champ","floor":33.0,"turns":9.0},{"damage":6.0,"enemies":"3 Shapes","floor":35.0,"turns":3.0},{"damage":33.0,"enemies":"3 Darklings","floor":37.0,"turns":5.0},{"damage":18.0,"enemies":"Writhing Mass","floor":38.0,"turns":5.0},{"damage":17.0,"enemies":"Giant Head","floor":41.0,"turns":9.0},{"damage":0.0,"enemies":"Sphere and 2 Shapes","floor":45.0,"turns":4.0},{"damage":1.0,"enemies":"Jaw Worm Horde","floor":47.0,"turns":3.0},{"damage":8.0,"enemies":"Transient","floor":48.0,"turns":5.0},{"damage":3,"enemies":"Donu and Deca","floor":50,"turns":7}],"seed_played":"-940378806932626869","potions_obtained":[{"floor":1.0,"key":"LiquidBronze"},{"floor":7.0,"key":"SneckoOil"},{"floor":16.0,"key":"Ancient Potion"},{"floor":24.0,"key":"FairyPotion"},{"floor":28.0,"key":"Weak Potion"},{"floor":41.0,"key":"Regen Potion"},{"floor":44.0,"key":"Fruit Juice"},{"floor":45.0,"key":"Weak Potion"}],"is_trial":false,"path_per_floor":["M","?","M","T","$","R","E","R","T","M","E","M","M","?","R","B",null,"M","?","?","M","M","R","E","R","T","E","M","E","M","$","R","B",null,"M","$","M","M","?","R","E","R","T","?","M","R","M","M","M","R","B",null],"character_chosen":"THE_SILENT","items_purchased":["Footwork","Cloak And Dagger","Noxious Fumes","War Paint","DollysMirror"],"campfire_rested":1,"item_purchase_floors":[5,5,31,31,36],"current_hp_per_floor":[47,27,23,23,23,23,3,22,22,36,24,15,23,21,21,35,63,63,63,72,67,62,62,59,59,59,54,56,56,58,58,58,47,72,66,66,45,41,63,63,48,48,54,59,59,59,58,62,62,74],"gold":216,"neow_bonus":"RANDOM_COLORLESS","is_prod":false,"is_daily":false,"chose_seed":false,"campfire_upgraded":9,"win_rate":0,"timestamp":1541979907,"path_taken":["M","?","M","?","$","R","E","R","T","M","E","M","M","?","R","BOSS","M","?","?","M","M","R","E","R","T","E","?","E","M","$","R","BOSS","M","$","M","M","?","R","E","R","T","?","?","R","M","M","R","BOSS"],"build_version":"2018-11-08","purchased_purges":0,"victory":true,"max_hp_per_floor":[66,66,66,66,66,66,66,66,66,68,68,68,70,70,70,72,72,72,72,72,74,76,76,76,76,76,76,78,78,80,80,80,80,80,80,80,80,82,88,88,90,90,96,101,101,101,101,101,101,101],"card_choices":[{"not_picked":["Acrobatics","Caltrops"],"picked":"Dodge and Roll","floor":1.0},{"not_picked":["Deadly Poison","Reflex"],"picked":"Poisoned Stab","floor":3.0},{"not_picked":["Outmaneuver","Sucker Punch"],"picked":"Malaise","floor":7.0},{"not_picked":["Backflip","Underhanded Strike","Bane"],"picked":"Singing Bowl","floor":10.0},{"not_picked":["Dagger Throw","Catalyst"],"picked":"Deadly Poison","floor":11.0},{"not_picked":["Flechettes","Dodge and Roll"],"picked":"Caltrops","floor":12.0},{"not_picked":["Cloak And Dagger","Deadly Poison","Expertise"],"picked":"Singing Bowl","floor":13.0},{"not_picked":["Backflip","Flying Knee"],"picked":"Poisoned Stab","floor":14.0},{"not_picked":["Venomology","Malaise","Night Terror"],"picked":"Singing Bowl","floor":16.0},{"not_picked":["Dodge and Roll","Distraction"],"picked":"Backstab","floor":18.0},{"not_picked":["Deflect","Deadly Poison","Tactician"],"picked":"Singing Bowl","floor":21.0},{"not_picked":["Tactician","Blade Dance","Dodge and Roll"],"picked":"Singing Bowl","floor":22.0},{"not_picked":["Deflect+1","Underhanded Strike"],"picked":"Corpse Explosion","floor":24.0},{"not_picked":["Calculated Gamble","Poisoned Stab"],"picked":"Catalyst","floor":27.0},{"not_picked":["Underhanded Strike","Skewer","Poisoned Stab"],"picked":"Singing Bowl","floor":28.0},{"not_picked":["Doppelganger","Bane"],"picked":"Crippling Poison","floor":29.0},{"not_picked":["Accuracy","Outmaneuver","Underhanded Strike"],"picked":"Singing Bowl","floor":30.0},{"not_picked":["Venomology","Unload"],"picked":"After Image","floor":33.0},{"not_picked":["Acrobatics","Dagger Spray"],"picked":"Dodge and Roll+1","floor":35.0},{"not_picked":["Flying Knee","Bane"],"picked":"Backflip","floor":37.0},{"not_picked":["Malaise","Predator","Outmaneuver"],"picked":"Singing Bowl","floor":38.0},{"not_picked":["Quick Slash","Caltrops+1","Eviscerate"],"picked":"Singing Bowl","floor":41.0},{"not_picked":["All Out Attack+1","Choke"],"picked":"Escape Plan","floor":45.0},{"not_picked":["Eviscerate","Poisoned Stab"],"picked":"Well Laid Plans","floor":47.0},{"not_picked":["Outmaneuver+1","Blade Dance"],"picked":"Adrenaline","floor":48}],"player_experience":1627589,"relics_obtained":[{"floor":4.0,"key":"Singing Bowl"},{"floor":7.0,"key":"Meat on the Bone"},{"floor":9.0,"key":"Paper Crane"},{"floor":11.0,"key":"The Specimen"},{"floor":14.0,"key":"Odd Mushroom"},{"floor":24.0,"key":"Darkstone Periapt"},{"floor":26.0,"key":"Bag of Preparation"},{"floor":27.0,"key":"Mercury Hourglass"},{"floor":29.0,"key":"Dead Branch"},{"floor":41.0,"key":"Pen Nib"},{"floor":43.0,"key":"Kunai"}],"event_choices":[{"damage_healed":0.0,"max_hp_gain":0.0,"max_hp_loss":0.0,"gold_gain":0.0,"event_name":"Shining Light","player_choice":"Entered Light","floor":2.0,"gold_loss":0.0,"damage_taken":20.0,"cards_upgraded":["Survivor","Strike_G"]},{"damage_healed":0.0,"max_hp_gain":0.0,"max_hp_loss":0.0,"gold_gain":0.0,"event_name":"Mushrooms","player_choice":"Fought Mushrooms","floor":14.0,"gold_loss":0.0,"damage_taken":0.0},{"cards_removed":["Purity"],"damage_healed":0.0,"max_hp_gain":0.0,"max_hp_loss":0.0,"gold_gain":0.0,"event_name":"Back to Basics","player_choice":"Elegance","floor":19.0,"gold_loss":0.0,"damage_taken":0.0},{"cards_removed":["Escape Plan"],"damage_healed":9.0,"max_hp_gain":0.0,"max_hp_loss":0.0,"gold_gain":0.0,"event_name":"Bonfire Elementals","player_choice":"Offered Uncommon","floor":20.0,"gold_loss":0.0,"damage_taken":0.0},{"damage_healed":16.0,"max_hp_gain":0.0,"max_hp_loss":0.0,"gold_gain":0.0,"event_name":"Winding Halls","player_choice":"Writhe","floor":39.0,"gold_loss":0.0,"damage_taken":0.0,"cards_obtained":["Writhe"]},{"damage_healed":0.0,"max_hp_gain":0.0,"max_hp_loss":0.0,"gold_gain":0.0,"event_name":"The Woman in Blue","player_choice":"Bought 1 Potion","floor":44.0,"gold_loss":0.0,"damage_taken":0.0}],"is_beta":false,"boss_relics":[{"not_picked":["Lizard Tail","Orrery"],"picked":"Pandora\u0027s Box"},{"not_picked":["Eternal Feather","Runic Dome"],"picked":"Cursed Key"}],"items_purged_floors":[],"is_endless":false,"potions_floor_spawned":[1,7,16,24,28,33,37,41,45],"ascension_level":15}