{"gold_per_floor":[110,121,121,131,19,19,47,47,47,59,89,101,126,149,161,272,284,306,318,330,257,283,295,307,319,354,383,305,336,361,373,385,499,511,534,562,28,28,46,46,46,46,69,84,34,34,44,44],"floor_reached":48,"playtime":8882,"items_purged":["Decay"],"score":475,"play_id":"47c5a836-c9d2-4bed-b9cd-b6cd226d7f4d","local_time":"20190404160508","is_ascension_mode":true,"campfire_choices":[{"data":"Footwork","floor":6.0,"key":"SMITH"},{"floor":8.0,"key":"REST"},{"floor":12.0,"key":"REST"},{"floor":15.0,"key":"REST"},{"floor":23.0,"key":"REST"},{"data":"Crippling Poison","floor":25.0,"key":"SMITH"},{"data":"Bandage Up","floor":32.0,"key":"SMITH"},{"floor":40.0,"key":"REST"},{"floor":42.0,"key":"REST"},{"floor":46.0,"key":"REST"}],"neow_cost":"NONE","seed_source_timestamp":10041470231533,"circlet_count":0,"master_deck":["Defend_G","Defend_G","Defend_G","Defend_G","Defend_G","Strike_G+1","Strike_G+1","Strike_G","Strike_G","Survivor","Neutralize","Footwork+1","Escape Plan","Deadly Poison","Bandage Up+1","Bouncing Flask+1","Envenom","Bane","Envenom","Crippling Poison+1","Poisoned Stab+1","Burst","Venomology","Metamorphosis","Panacea","Parasite"],"special_seed":0,"relics":["Ring of the Snake","Whetstone","Dodecahedron","MawBank","Tough Bandages","Cursed Key","Blood Vial","Bronze Scales","Velvet Choker","Toy Ornithopter","Smiling Mask"],"potions_floor_usage":[],"damage_taken":[{"damage":0.0,"enemies":"Jaw Worm","floor":1.0,"turns":4.0},{"damage":1.0,"enemies":"Cultist","floor":2.0,"turns":3.0},{"damage":0.0,"enemies":"2 Louse","floor":4.0,"turns":4.0},{"damage":53.0,"enemies":"Gremlin Nob","floor":7.0,"turns":7.0},{"damage":0.0,"enemies":"Red Slaver","floor":11.0,"turns":3.0},{"damage":0.0,"enemies":"Blue Slaver","floor":13.0,"turns":5.0},{"damage":12.0,"enemies":"2 Fungi Beasts","floor":14.0,"turns":5.0},{"damage":72.0,"enemies":"Slime Boss","floor":16.0,"turns":19.0},{"damage":4.0,"enemies":"Spheric Guardian","floor":18.0,"turns":4.0},{"damage":17.0,"enemies":"Shell Parasite","floor":22.0,"turns":5.0},{"damage":0.0,"enemies":"Sentry and Sphere","floor":27.0,"turns":4.0},{"damage":15.0,"enemies":"Centurion and Healer","floor":29.0,"turns":7.0},{"damage":0.0,"enemies":"Snecko","floor":30.0,"turns":4.0},{"damage":43.0,"enemies":"Collector","floor":33.0,"turns":8.0},{"damage":6.0,"enemies":"Orb Walker","floor":35.0,"turns":4.0},{"damage":37.0,"enemies":"3 Darklings","floor":36.0,"turns":6.0},{"damage":48.0,"enemies":"Transient","floor":39.0,"turns":5.0},{"damage":36.0,"enemies":"4 Shapes","floor":44.0,"turns":8.0},{"damage":44.0,"enemies":"Spire Growth","floor":47.0,"turns":5.0},{"damage":25,"enemies":"Writhing Mass","floor":48,"turns":3}],"seed_played":"-5721584578655244994","potions_obtained":[{"floor":4.0,"key":"Ancient Potion"},{"floor":11.0,"key":"Regen Potion"},{"floor":13.0,"key":"Ancient Potion"},{"floor":18.0,"key":"AttackPotion"},{"floor":27.0,"key":"Ancient Potion"},{"floor":36.0,"key":"SkillPotion"},{"floor":39.0,"key":"LiquidBronze"},{"floor":47.0,"key":"Poison Potion"}],"is_trial":false,"path_per_floor":["M","M","?","M","$","R","E","R","T","?","M","R","M","M","R","B",null,"M","?","$","?","M","R","?","R","T","M","?","M","M","$","R","B",null,"M","M","$","?","M","R","?","R","T","M","$","R","M","M"],"character_chosen":"THE_SILENT","items_purchased":["Deadly Poison","Bandage Up","Toy Ornithopter","Venomology","Metamorphosis"],"campfire_rested":7,"item_purchase_floors":[5,5,37,37,37],"current_hp_per_floor":[70,69,69,69,69,69,16,37,37,37,41,62,66,58,70,16,70,66,66,66,66,51,70,70,70,70,70,67,56,62,62,62,27,67,61,38,38,38,8,28,28,48,48,26,26,46,10,0],"gold":44,"neow_bonus":"RANDOM_COMMON_RELIC","is_prod":false,"is_daily":false,"chose_seed":false,"campfire_upgraded":3,"win_rate":0,"timestamp":1554390308,"path_taken":["M","M","?","M","?","R","E","R","T","?","M","R","?","M","R","BOSS","M","?","$","?","M","R","?","R","T","M","?","M","?","$","R","BOSS","M","M","$","?","M","R","?","R","T","M","$","R","M","M"],"build_version":"2019-01-23","purchased_purges":1,"victory":false,"max_hp_per_floor":[70,70,70,70,70,70,70,70,70,70,70,70,70,70,70,70,70,70,70,70,70,70,70,70,70,70,70,67,67,67,67,67,67,67,67,67,67,67,67,67,67,67,67,67,67,67,67,67],"card_choices":[{"not_picked":["Sucker Punch","Finisher","Endless Agony"],"picked":"SKIP","floor":1.0},{"not_picked":["Outmaneuver","Calculated Gamble"],"picked":"Footwork","floor":2.0},{"not_picked":["PiercingWail","Endless Agony","Deflect"],"picked":"SKIP","floor":4.0},{"not_picked":["Dodge and Roll","Concentrate"],"picked":"Bouncing Flask","floor":7.0},{"not_picked":["Deflect","Escape Plan"],"picked":"Envenom","floor":11.0},{"not_picked":["Finisher","Quick Slash"],"picked":"Bane","floor":13.0},{"not_picked":["Dagger Throw","PiercingWail","Flechettes"],"picked":"SKIP","floor":14.0},{"not_picked":["Adrenaline","A Thousand Cuts"],"picked":"Envenom","floor":16.0},{"not_picked":["Distraction","Backflip","Endless Agony"],"picked":"SKIP","floor":18.0},{"not_picked":["Flying Knee","Outmaneuver"],"picked":"Poisoned Stab+1","floor":22.0},{"not_picked":["Eviscerate+1","Well Laid Plans+1","Dagger Throw"],"picked":"SKIP","floor":27.0},{"not_picked":["Quick Slash","Cloak And Dagger","Crippling Poison"],"picked":"SKIP","floor":29.0},{"not_picked":["Tactician","Doppelganger","Cloak And Dagger"],"picked":"SKIP","floor":30.0},{"not_picked":["Wraith Form v2","Tools of the Trade"],"picked":"Burst","floor":33.0},{"not_picked":["Flechettes","Underhanded Strike","Sucker Punch+1"],"picked":"SKIP","floor":35.0},{"not_picked":["Terror+1","Deflect+1","Sucker Punch"],"picked":"SKIP","floor":36.0},{"not_picked":["Chrysalis","Jack Of All Trades"],"picked":"Panacea","floor":38.0},{"not_picked":["Setup","Endless Agony","Leg Sweep"],"picked":"SKIP","floor":39.0},{"not_picked":["Dagger Spray+1","Setup","Dash+1"],"picked":"SKIP","floor":44.0},{"not_picked":["Reflex","PiercingWail","Flying Knee"],"picked":"SKIP","floor":47.0}],"player_experience":483049,"relics_obtained":[{"floor":7.0,"key":"Dodecahedron"},{"floor":9.0,"key":"MawBank"},{"floor":26.0,"key":"Bronze Scales"},{"floor":43.0,"key":"Smiling Mask"}],"event_choices":[{"damage_healed":0.0,"max_hp_gain":0.0,"max_hp_loss":0.0,"gold_gain":0.0,"cards_transformed":["Strike_G"],"event_name":"Transmorgrifier","player_choice":"Transformed","floor":3.0,"gold_loss":0.0,"damage_taken":0.0,"cards_obtained":["Escape Plan"]},{"damage_healed":0.0,"max_hp_gain":0.0,"max_hp_loss":0.0,"gold_gain":0.0,"event_name":"WeMeetAgain","player_choice":"Gave Potion","floor":10.0,"gold_loss":0.0,"damage_taken":0.0,"relics_obtained":["Tough Bandages"]},{"damage_healed":0.0,"max_hp_gain":0.0,"max_hp_loss":0.0,"gold_gain":0.0,"event_name":"The Library","player_choice":"Read","floor":19.0,"gold_loss":0.0,"damage_taken":0.0,"cards_obtained":["Crippling Poison"]},{"damage_healed":0.0,"max_hp_gain":0.0,"max_hp_loss":0.0,"gold_gain":0.0,"event_name":"Addict","player_choice":"Obtained Relic","floor":21.0,"gold_loss":85.0,"damage_taken":0.0,"relics_obtained":["Blood Vial"]},{"damage_healed":0.0,"max_hp_gain":0.0,"max_hp_loss":0.0,"gold_gain":0.0,"event_name":"Beggar","player_choice":"Ignored","floor":24.0,"gold_loss":0.0,"damage_taken":0.0},{"cards_removed":["Parasite"],"damage_healed":0.0,"max_hp_gain":0.0,"max_hp_loss":0.0,"gold_gain":0.0,"event_name":"Designer","player_choice":"Upgrade and Remove","floor":28.0,"gold_loss":90.0,"damage_taken":0.0,"cards_upgraded":["Bouncing Flask"]},{"damage_healed":0.0,"max_hp_gain":0.0,"max_hp_loss":0.0,"gold_gain":0.0,"event_name":"SensoryStone","player_choice":"Memory 1","floor":38.0,"gold_loss":0.0,"damage_taken":0.0},{"damage_healed":0.0,"max_hp_gain":0.0,"max_hp_loss":0.0,"gold_gain":0.0,"event_name":"Mysterious Sphere","player_choice":"Ignored","floor":41.0,"gold_loss":0.0,"damage_taken":0.0}],"is_beta":false,"boss_relics":[{"not_picked":["Lizard Tail","Eternal Feather"],"picked":"Cursed Key"},{"not_picked":["Runic Pyramid","Astrolabe"],"picked":"Velvet Choker"}],"items_purged_floors":[45],"is_endless":false,"potions_floor_spawned":[4,11,13,18,27,36,39,47],"killed_by":"Writhing Mass","ascension_level":2}