{"gold_per_floor":[115,40,40,56,56,88,88,100,100,120,139,139,139,41,41,118,118,129,146,52,67,83,83,83,83,83,83],"floor_reached":27,"playtime":813,"items_purged":[],"score":440,"play_id":"49e311ae-b0cf-4db5-bf35-c9ce8fca5934","local_time":"20181231154113","is_ascension_mode":true,"campfire_choices":[{"data":"Perfected Strike","floor":7,"key":"SMITH"},{"data":"Metallicize","floor":13,"key":"SMITH"},{"data":"Bash","floor":15,"key":"SMITH"},{"data":"Perfected Strike","floor":23,"key":"SMITH"},{"data":"Demon Form","floor":25,"key":"SMITH"}],"neow_cost":"NONE","seed_source_timestamp":908852438441344,"circlet_count":0,"master_deck":["AscendersBane","Strike_R","Strike_R","Strike_R","Strike_R","Strike_R","Defend_R","Defend_R","Defend_R","Bash+1","Perfected Strike+1","Armaments+1","Thunderclap","Warcry","Metallicize+1","Pommel Strike","Pommel Strike","Ghostly Armor","Demon Form+1","Twin Strike","Twin Strike","Enlightenment","Perfected Strike+1","Pummel"],"relics":["Burning Blood","NeowsBlessing","Matryoshka","Magic Flower","Sundial","Singing Bowl","FaceOfCleric","Philosopher\u0027s Stone","Bottled Flame","Gremlin Horn","Letter Opener"],"potions_floor_usage":[22,22],"damage_taken":[{"damage":0,"enemies":"Jaw Worm","floor":1,"turns":1},{"damage":0,"enemies":"2 Louse","floor":4,"turns":1},{"damage":0,"enemies":"3 Sentries","floor":6,"turns":2},{"damage":6,"enemies":"Small Slimes","floor":8,"turns":3},{"damage":29,"enemies":"Gremlin Gang","floor":10,"turns":6},{"damage":2,"enemies":"Red Slaver","floor":11,"turns":5},{"damage":34,"enemies":"Slime Boss","floor":16,"turns":10},{"damage":7,"enemies":"Chosen","floor":18,"turns":5},{"damage":31,"enemies":"Shell Parasite","floor":19,"turns":5},{"damage":20,"enemies":"Snecko","floor":21,"turns":5},{"damage":26,"enemies":"Snake Plant","floor":22,"turns":3},{"damage":27,"enemies":"Chosen and Byrds","floor":27,"turns":6}],"seed_played":"-9202461157284270971","potions_obtained":[{"floor":1,"key":"FearPotion"},{"floor":11,"key":"Strength Potion"}],"is_trial":false,"path_per_floor":["M","?","?","M","?","E","R","M","T","M","M","?","R","$","R","B",null,"M","M","$","M","M","R","T","R","T","M"],"character_chosen":"IRONCLAD","items_purchased":["Pommel Strike","Ghostly Armor","Enlightenment"],"campfire_rested":0,"item_purchase_floors":[14,14,20],"current_hp_per_floor":[74,74,56,62,62,68,68,71,71,51,58,58,58,58,58,35,66,70,50,50,41,26,26,26,26,26,0],"gold":83,"neow_bonus":"THREE_ENEMY_KILL","is_prod":false,"is_daily":false,"chose_seed":false,"campfire_upgraded":5,"win_rate":0,"timestamp":1546267273,"path_taken":["M","?","?","M","?","E","R","M","T","M","M","?","R","$","R","BOSS","M","M","$","M","?","R","?","R","T","M"],"build_version":"2018-12-20","purchased_purges":0,"victory":false,"max_hp_per_floor":[75,75,75,75,75,75,75,75,75,75,75,75,75,75,75,76,76,77,78,78,79,80,80,80,80,80,80],"card_choices":[{"not_picked":["Ghostly Armor","Iron Wave"],"picked":"Perfected Strike","floor":1},{"not_picked":["Hemokinesis","Iron Wave"],"picked":"Armaments","floor":4},{"not_picked":["Dropkick","Shrug It Off"],"picked":"Thunderclap","floor":6},{"not_picked":["Anger","Uppercut"],"picked":"Warcry","floor":8},{"not_picked":["Spot Weakness","Evolve"],"picked":"Metallicize","floor":10},{"not_picked":["True Grit","Disarm"],"picked":"Pommel Strike","floor":11},{"not_picked":["Impervious","Exhume"],"picked":"Demon Form","floor":16},{"not_picked":["Shrug It Off","Cleave+1"],"picked":"Twin Strike","floor":18},{"not_picked":["Havoc","Intimidate"],"picked":"Twin Strike","floor":19},{"not_picked":["Thunderclap","Anger"],"picked":"Perfected Strike","floor":21},{"not_picked":["Sever Soul+1","Anger"],"picked":"Pummel","floor":22}],"player_experience":390994,"relics_obtained":[{"floor":6,"key":"Magic Flower"},{"floor":9,"key":"Sundial"},{"floor":9,"key":"Singing Bowl"},{"floor":24,"key":"Bottled Flame"},{"floor":24,"key":"Gremlin Horn"},{"floor":26,"key":"Letter Opener"}],"event_choices":[{"cards_removed":["Defend_R"],"damage_healed":0,"gold_gain":0,"player_choice":"Card Removal","damage_taken":0,"max_hp_gain":0,"max_hp_loss":0,"event_name":"The Cleric","floor":2,"gold_loss":75},{"damage_healed":0,"gold_gain":0,"player_choice":"Success","damage_taken":18,"relics_obtained":["Matryoshka"],"max_hp_gain":0,"max_hp_loss":0,"event_name":"Scrap Ooze","floor":3,"gold_loss":0},{"damage_healed":0,"gold_gain":0,"player_choice":"Grow","damage_taken":0,"max_hp_gain":0,"max_hp_loss":0,"event_name":"Living Wall","floor":5,"gold_loss":0,"cards_upgraded":["Armaments"]},{"damage_healed":0,"gold_gain":0,"player_choice":"Trade","damage_taken":0,"relics_obtained":["FaceOfCleric"],"max_hp_gain":0,"max_hp_loss":0,"event_name":"FaceTrader","floor":12,"gold_loss":0}],"is_beta":false,"boss_relics":[{"not_picked":["Pandora\u0027s Box","Runic Cube"],"picked":"Philosopher\u0027s Stone"}],"items_purged_floors":[],"is_endless":false,"potions_floor_spawned":[1,11,19],"killed_by":"Chosen and Byrds","ascension_level":17}