{"gold_per_floor":[119,133,35,35,48,48,61,61,85,112,112,147,167,167,167,243,243,260,45,145,155,167,201,201,116,128,140,169,216,23,23,23,101,101,113,129,149,23,23,50,50,66,66,66,78,96,145,163,163,163],"floor_reached":51,"playtime":1688,"items_purged":["Strike_R","Normality"],"score":1409,"play_id":"3eb4609d-5245-4533-bf80-b7315c30fc1d","local_time":"25611124020324","is_ascension_mode":true,"campfire_choices":[{"data":"Bash","floor":6.0,"key":"SMITH"},{"data":"Immolate","floor":8.0,"key":"SMITH"},{"data":"True Grit","floor":11.0,"key":"SMITH"},{"data":"Pommel Strike","floor":15,"key":"SMITH"},{"floor":24,"key":"REST"},{"floor":32,"key":"REST"},{"data":"Juggernaut","floor":41,"key":"SMITH"},{"data":"Corruption","floor":44,"key":"SMITH"},{"data":"Brutality","floor":49,"key":"SMITH"}],"neow_cost":"NONE","seed_source_timestamp":36744865797225,"circlet_count":0,"master_deck":["AscendersBane","Strike_R","Strike_R","Strike_R+1","Defend_R","Defend_R","Defend_R","Defend_R","Bash+1","Pommel Strike+1","Cleave","True Grit+1","Seeing Red","Immolate+1","Dropkick+1","Exhume","Wild Strike","Power Through","Spot Weakness+1","Corruption+1","Power Through","Armaments","Juggernaut+1","Immolate+1","Shrug It Off","Havoc","Shrug It Off+1","Warcry+1","Second Wind","Shame","Burning Pact+1","Entrench+1","Brutality+1","Flame Barrier"],"special_seed":0,"relics":["Burning Blood","Smiling Mask","Bronze Scales","Dream Catcher","Happy Flower","Cursed Key","PreservedInsect","Dead Branch","The Courier","Ancient Tea Set","MawBank","Bottled Tornado","Dodecahedron","DollysMirror","Runic Dome","Whetstone","Mummified Hand","Blue Candle","Mango"],"potions_floor_usage":[14,16,20,23,50],"damage_taken":[{"damage":10.0,"enemies":"Jaw Worm","floor":1.0,"turns":7.0},{"damage":1.0,"enemies":"Cultist","floor":2.0,"turns":3.0},{"damage":1.0,"enemies":"2 Louse","floor":5.0,"turns":2.0},{"damage":10.0,"enemies":"Looter","floor":7.0,"turns":3.0},{"damage":16.0,"enemies":"Gremlin Nob","floor":10.0,"turns":3.0},{"damage":1.0,"enemies":"3 Sentries","floor":12.0,"turns":2.0},{"damage":0,"enemies":"Exordium Thugs","floor":13,"turns":3},{"damage":0,"enemies":"Gremlin Nob","floor":14,"turns":2},{"damage":53,"enemies":"Hexaghost","floor":16,"turns":8},{"damage":7,"enemies":"3 Byrds","floor":18,"turns":2},{"damage":13,"enemies":"Colosseum Slavers","floor":20,"turns":3},{"damage":28,"enemies":"Colosseum Nobs","floor":20,"turns":4},{"damage":7,"enemies":"Chosen","floor":21,"turns":3},{"damage":0,"enemies":"Snecko","floor":22,"turns":2},{"damage":20,"enemies":"Slavers","floor":23,"turns":3},{"damage":0,"enemies":"Snake Plant","floor":28,"turns":2},{"damage":0,"enemies":"Book of Stabbing","floor":29,"turns":2},{"damage":36,"enemies":"Automaton","floor":33,"turns":6},{"damage":0,"enemies":"3 Darklings","floor":35,"turns":3},{"damage":1,"enemies":"3 Shapes","floor":36,"turns":3},{"damage":0,"enemies":"3 Darklings","floor":37,"turns":1},{"damage":0,"enemies":"Reptomancer","floor":40,"turns":2},{"damage":0,"enemies":"4 Shapes","floor":42,"turns":2},{"damage":0,"enemies":"Maw","floor":45,"turns":2},{"damage":0,"enemies":"Jaw Worm Horde","floor":46,"turns":2},{"damage":4,"enemies":"2 Orb Walkers","floor":47,"turns":2},{"damage":3,"enemies":"Sphere and 2 Shapes","floor":48,"turns":2},{"damage":24,"enemies":"Time Eater","floor":50,"turns":5}],"seed_played":"-6608286662802400237","potions_obtained":[{"floor":1.0,"key":"Explosive Potion"},{"floor":2.0,"key":"Swift Potion"},{"floor":12.0,"key":"SmokeBomb"},{"floor":18,"key":"EssenceOfSteel"},{"floor":21,"key":"Weak Potion"},{"floor":28,"key":"Ancient Potion"},{"floor":29,"key":"Regen Potion"},{"floor":46,"key":"EssenceOfSteel"}],"is_trial":false,"path_per_floor":["M","M","$","?","M","R","M","R","T","E","R","E","M","E","R","B",null,"M","$","?","M","M","E","R","?","T","?","M","E","$","?","R","B",null,"M","M","M","$","?","E","R","M","T","R","M","M","?","M","R","B",null],"character_chosen":"IRONCLAD","items_purchased":["True Grit","PreservedInsect","Power Through","DollysMirror","Whetstone"],"campfire_rested":2,"item_purchase_floors":[3,19,19,30,38],"current_hp_per_floor":[64,69,69,69,74,74,70,70,70,60,60,65,71,75,75,28,63,62,62,33,32,38,24,46,46,46,46,52,58,58,58,75,45,68,74,75,75,75,85,85,85,85,85,85,85,85,99,99,99,81],"gold":163,"neow_bonus":"RANDOM_COMMON_RELIC","is_prod":false,"is_daily":false,"chose_seed":false,"campfire_upgraded":7,"win_rate":0,"timestamp":1542999804,"path_taken":["M","M","$","?","M","R","M","R","T","E","R","E","?","E","R","BOSS","M","$","?","M","M","E","R","?","T","?","M","E","$","?","R","BOSS","M","M","M","$","?","E","R","?","T","R","M","M","?","M","R","BOSS"],"build_version":"2018-11-15","purchased_purges":2,"victory":true,"max_hp_per_floor":[75,75,75,75,75,75,75,75,75,75,75,75,75,75,75,75,75,75,75,75,75,75,75,75,75,75,75,75,75,75,75,75,75,75,75,75,75,75,85,85,85,85,85,85,85,85,99,99,99,99],"card_choices":[{"not_picked":["Rupture","Sentinel"],"picked":"Pommel Strike","floor":1.0},{"not_picked":["Fire Breathing","Pommel Strike"],"picked":"Cleave","floor":2.0},{"not_picked":["Sword Boomerang","Pommel Strike"],"picked":"Seeing Red","floor":5.0},{"not_picked":["Cleave","Intimidate"],"picked":"Immolate","floor":7.0},{"not_picked":["Pommel Strike","Clash","Reckless Charge"],"picked":"SKIP","floor":10.0},{"not_picked":["Twin Strike","Body Slam"],"picked":"Dropkick","floor":12.0},{"not_picked":["Whirlwind","Cleave","Twin Strike"],"picked":"SKIP","floor":13},{"not_picked":["Fiend Fire","Brutality"],"picked":"Exhume","floor":16},{"not_picked":["Sever Soul","Body Slam"],"picked":"Wild Strike","floor":18},{"not_picked":["Bloodletting","Pummel"],"picked":"Spot Weakness+1","floor":20},{"not_picked":["Twin Strike","Headbutt+1","Cleave"],"picked":"SKIP","floor":21},{"not_picked":["True Grit","Sword Boomerang","Perfected Strike"],"picked":"SKIP","floor":22},{"not_picked":["Pummel","Fiend Fire"],"picked":"Corruption","floor":23},{"not_picked":["Carnage","Sword Boomerang"],"picked":"Power Through","floor":24},{"not_picked":["Sword Boomerang","Pommel Strike"],"picked":"Armaments","floor":28},{"not_picked":["Warcry+1","Sentinel"],"picked":"Juggernaut","floor":29},{"not_picked":["Heavy Blade","Perfected Strike"],"picked":"Shrug It Off","floor":32},{"not_picked":["Immolate","Impervious"],"picked":"Juggernaut","floor":33},{"not_picked":["Thunderclap","Perfected Strike+1"],"picked":"Havoc","floor":35},{"not_picked":["Heavy Blade","Headbutt+1","Feed"],"picked":"SKIP","floor":36},{"not_picked":["Ghostly Armor","Warcry+1"],"picked":"Shrug It Off+1","floor":37},{"not_picked":["Perfected Strike","Hemokinesis"],"picked":"Warcry+1","floor":40},{"not_picked":["Reckless Charge","Twin Strike+1"],"picked":"Second Wind","floor":42},{"not_picked":["Dual Wield","Flame Barrier"],"picked":"Burning Pact+1","floor":45},{"not_picked":["Anger","Perfected Strike+1"],"picked":"Entrench+1","floor":46},{"not_picked":["Corruption","Dual Wield"],"picked":"Brutality","floor":47},{"not_picked":["Thunderclap","Clothesline"],"picked":"Flame Barrier","floor":48}],"player_experience":174890,"relics_obtained":[{"floor":9.0,"key":"Bronze Scales"},{"floor":10.0,"key":"Dream Catcher"},{"floor":12.0,"key":"Happy Flower"},{"floor":20,"key":"Dead Branch"},{"floor":20,"key":"The Courier"},{"floor":23,"key":"Ancient Tea Set"},{"floor":26,"key":"Bottled Tornado"},{"floor":29,"key":"Dodecahedron"},{"floor":40,"key":"Mummified Hand"},{"floor":43,"key":"Blue Candle"},{"floor":47,"key":"Mango"}],"event_choices":[{"cards_removed":["Strike_R"],"damage_healed":0.0,"max_hp_gain":0.0,"max_hp_loss":0.0,"gold_gain":0.0,"event_name":"Purifier","player_choice":"Purged","floor":4.0,"gold_loss":0.0,"damage_taken":0.0},{"damage_healed":0,"gold_gain":0,"player_choice":"Fight","damage_taken":0,"max_hp_gain":0,"max_hp_loss":0,"event_name":"Colosseum","floor":20,"gold_loss":0},{"damage_healed":0,"gold_gain":0,"player_choice":"Fought Nobs","damage_taken":0,"max_hp_gain":0,"max_hp_loss":0,"event_name":"Colosseum","floor":20,"gold_loss":0},{"damage_healed":0,"gold_gain":0,"player_choice":"Obtained Relic","damage_taken":0,"relics_obtained":["MawBank"],"max_hp_gain":0,"max_hp_loss":0,"event_name":"Addict","floor":25,"gold_loss":85},{"damage_healed":0,"gold_gain":0,"player_choice":"Ignored","damage_taken":0,"max_hp_gain":0,"max_hp_loss":0,"event_name":"Vampires","floor":27,"gold_loss":0},{"damage_healed":0,"gold_gain":0,"player_choice":"Ignored","damage_taken":0,"max_hp_gain":0,"max_hp_loss":0,"event_name":"Ghosts","floor":31,"gold_loss":0},{"cards_removed":["Juggernaut"],"damage_healed":0,"gold_gain":0,"player_choice":"Offered Rare","damage_taken":0,"max_hp_gain":10,"max_hp_loss":0,"event_name":"Bonfire Elementals","floor":39,"gold_loss":0},{"damage_healed":0,"gold_gain":0,"player_choice":"Fight","damage_taken":0,"max_hp_gain":0,"max_hp_loss":0,"event_name":"Mysterious Sphere","floor":47,"gold_loss":0}],"is_beta":false,"boss_relics":[{"not_picked":["Ectoplasm","Runic Pyramid"],"picked":"Cursed Key"},{"not_picked":["Astrolabe","Velvet Choker"],"picked":"Runic Dome"}],"items_purged_floors":[3,30],"is_endless":false,"potions_floor_spawned":[1,2,12,18,21,28,29,35,42,46],"ascension_level":15}