{"gold_per_floor":[118,46,46,46,46,46,90,106,106,106,141,141,182,207,207,331,331,356,372,14,30,43,76,76,107,107,107,107,121,46,46,46,176,176,194,194,194,210,85,85,85],"floor_reached":41,"playtime":1778,"items_purged":["Injury","Strike_G"],"score":531,"play_id":"fc2ff92e-4a84-4d94-b0d5-b45e1976b1eb","local_time":"20180713234640","is_ascension_mode":true,"campfire_choices":[{"data":"Infinite Blades","floor":6,"key":"SMITH"},{"data":"Infinite Blades","floor":10,"key":"SMITH"},{"data":"Neutralize","floor":12,"key":"SMITH"},{"data":"Finisher","floor":15,"key":"SMITH"},{"floor":24,"key":"REST"},{"floor":27,"key":"REST"},{"floor":32,"key":"REST"},{"floor":40,"key":"REST"}],"neow_cost":"NONE","seed_source_timestamp":229190045424762,"circlet_count":0,"master_deck":["Defend_G","Defend_G","Defend_G","Defend_G","Defend_G","Strike_G","Neutralize+1","Die Die Die+1","Infinite Blades+1","Infinite Blades+1","Bullet Time","Finisher+1","Escape Plan","Noxious Fumes+1","Noxious Fumes+1","A Thousand Cuts+1","Blur","Caltrops+1","Escape Plan","Caltrops+1","Noxious Fumes+1","Backflip+1","Storm of Steel+1","Backstab","Noxious Fumes+1","Prepared+1"],"relics":["Ring of the Snake","Golden Idol","Lantern","Smiling Mask","Odd Mushroom","Frozen Egg 2","Empty Cage","Torii","Regal Pillow","Gremlin Horn","Pear","Dream Catcher","Black Star"],"potions_floor_usage":[7,13,18,18,23,25,33,33,41],"damage_taken":[{"damage":0,"enemies":"2 Louse","floor":1,"turns":1},{"damage":10,"enemies":"Lagavulin","floor":7,"turns":10},{"damage":0,"enemies":"Cultist","floor":8,"turns":3},{"damage":0,"floor":11,"turns":3},{"damage":8,"enemies":"3 Sentries","floor":13,"turns":4},{"damage":0,"enemies":"Small Slimes","floor":14,"turns":2},{"damage":20,"enemies":"The Guardian","floor":16,"turns":9},{"damage":12,"enemies":"2 Thieves","floor":18,"turns":3},{"damage":16,"enemies":"Spheric Guardian","floor":19,"turns":4},{"damage":1,"enemies":"Snecko","floor":21,"turns":5},{"damage":11,"enemies":"Centurion and Healer","floor":22,"turns":4},{"damage":0,"enemies":"Gremlin Leader","floor":23,"turns":6},{"damage":47,"enemies":"Slavers","floor":25,"turns":5},{"damage":8,"enemies":"3 Cultists","floor":29,"turns":4},{"damage":31,"enemies":"Automaton","floor":33,"turns":8},{"damage":33,"enemies":"Orb Walker","floor":35,"turns":5},{"damage":30,"enemies":"3 Darklings","floor":38,"turns":4},{"damage":58,"enemies":"2 Orb Walkers","floor":41,"turns":3}],"seed_played":"-4905397699501013604","potions_obtained":[{"floor":1,"key":"Block Potion"},{"floor":8,"key":"Ancient Potion"},{"floor":11,"key":"AttackPotion"},{"floor":14,"key":"Fire Potion"},{"floor":18,"key":"SteroidPotion"},{"floor":19,"key":"SpeedPotion"},{"floor":23,"key":"Weak Potion"},{"floor":25,"key":"LiquidBronze"},{"floor":35,"key":"Poison Potion"},{"floor":38,"key":"Dexterity Potion"}],"is_trial":false,"path_per_floor":["M","$","?","?","?","R","E","M","T","R","?","R","E","M","R","B",null,"M","M","$","M","M","E","R","E","T","R","?","M","$","?","R","B",null,"M","?","?","M","$","R"],"character_chosen":"THE_SILENT","items_purchased":["Infinite Blades","Torii","Noxious Fumes+1","Noxious Fumes+1"],"campfire_rested":4,"item_purchase_floors":[2,20,30,39],"current_hp_per_floor":[70,70,70,70,70,70,60,60,60,60,60,60,52,52,52,32,70,58,42,42,41,30,30,66,19,29,68,68,60,60,60,80,49,80,47,47,47,17,17,56,0],"gold":85,"neow_bonus":"ONE_RANDOM_RARE_CARD","is_prod":false,"is_daily":false,"chose_seed":false,"campfire_upgraded":4,"win_rate":0,"timestamp":1531518400,"path_taken":["M","$","?","?","?","R","E","?","T","R","?","R","E","M","R","BOSS","M","M","$","M","?","E","R","E","T","R","?","M","$","?","R","BOSS","M","?","?","?","$","R","E"],"build_version":"2018-07-12","purchased_purges":2,"victory":false,"max_hp_per_floor":[70,70,70,70,70,70,70,70,70,70,70,70,70,70,70,70,70,70,70,70,70,70,70,70,70,80,80,80,80,80,80,80,80,80,80,80,80,80,80,80,80],"card_choices":[{"not_picked":["Leg Sweep","Sucker Punch"],"picked":"Infinite Blades","floor":1},{"not_picked":["Slice","Choke"],"picked":"Finisher","floor":7},{"not_picked":["Heel Hook","Flechettes","Choke"],"picked":"SKIP","floor":8},{"not_picked":["Flechettes","Prepared"],"picked":"Escape Plan","floor":11},{"not_picked":["Concentrate","Reflex"],"picked":"Noxious Fumes","floor":13},{"not_picked":["Dagger Throw","Heel Hook"],"picked":"Noxious Fumes+1","floor":14},{"not_picked":["Phantasmal Killer","Grand Finale"],"picked":"A Thousand Cuts+1","floor":16},{"not_picked":["Acrobatics","Quick Slash"],"picked":"Blur","floor":18},{"not_picked":["Flying Knee","Distraction","Riddle With Holes"],"picked":"SKIP","floor":19},{"not_picked":["PiercingWail","Distraction"],"picked":"Caltrops+1","floor":21},{"not_picked":["Backflip","Bane","Acrobatics"],"picked":"SKIP","floor":22},{"not_picked":["Flying Knee","Dash","Unload"],"picked":"SKIP","floor":23},{"not_picked":["Concentrate","Flechettes"],"picked":"Escape Plan","floor":25},{"not_picked":["PiercingWail+1","Dagger Throw"],"picked":"Caltrops+1","floor":29},{"not_picked":["Quick Slash","Terror"],"picked":"Backflip+1","floor":32},{"not_picked":["Glass Knife","Bullet Time"],"picked":"Storm of Steel","floor":33},{"not_picked":["Acrobatics","Backflip"],"picked":"Backstab","floor":35},{"not_picked":["Deflect","Bane","Sucker Punch"],"picked":"SKIP","floor":38},{"not_picked":["Dagger Spray+1","Acrobatics+1"],"picked":"Prepared+1","floor":40}],"player_experience":134082,"relics_obtained":[{"floor":7,"key":"Lantern"},{"floor":9,"key":"Smiling Mask"},{"floor":11,"key":"Odd Mushroom"},{"floor":13,"key":"Frozen Egg 2"},{"floor":23,"key":"Regal Pillow"},{"floor":25,"key":"Gremlin Horn"},{"floor":26,"key":"Pear"}],"event_choices":[{"event_name":"Transmorgrifier","player_choice":"Transform","floor":3,"damage_taken":0},{"event_name":"Living Wall","player_choice":"Grow","floor":4,"damage_taken":0},{"event_name":"Golden Idol","player_choice":"Take Wound","floor":5,"damage_taken":0},{"event_name":"Mushrooms","player_choice":"Fought Mushrooms","floor":11,"damage_taken":0},{"event_name":"Wheel of Change","player_choice":"Relic","floor":28,"damage_taken":0},{"event_name":"Ghosts","player_choice":"Ignored","floor":31,"damage_taken":0},{"event_name":"Falling","player_choice":"Removed Skill","floor":36,"damage_taken":0},{"event_name":"Upgrade Shrine","player_choice":"Upgraded","floor":37,"damage_taken":0}],"boss_relics":[{"not_picked":["Philosopher\u0027s Stone","Calling Bell"],"picked":"Empty Cage"},{"not_picked":["Runic Pyramid","Astrolabe"],"picked":"Black Star"}],"items_purged_floors":[20,39],"is_endless":false,"potions_floor_spawned":[1,8,11,14,18,19,23,25,35,38],"killed_by":"2 Orb Walkers","ascension_level":2}