{"gold_per_floor":[113,132,132,150,160,160,190,190,190,215,228,263,263,275,275,349,349,369,369,369,380,399,399,429,429,506,533,533,559,574,590,590,667,667,686,349,349,117,0,0,0,10,10,24,37,37,54,54,54,54],"floor_reached":51,"playtime":2078,"items_purged":[],"score":1235,"play_id":"44ac5c4f-ccdd-4dcc-bbbf-57a1cc7f7c96","local_time":"20181026192943","is_ascension_mode":true,"campfire_choices":[{"data":"Whirlwind","floor":6.0,"key":"SMITH"},{"data":"Clothesline","floor":8.0,"key":"SMITH"},{"data":"Shrug It Off","floor":13.0,"key":"SMITH"},{"data":"Armaments","floor":15.0,"key":"SMITH"},{"data":"Havoc","floor":23.0,"key":"SMITH"},{"floor":25.0,"key":"REST"},{"data":"Power Through","floor":32.0,"key":"SMITH"},{"data":"Feel No Pain","floor":40.0,"key":"SMITH"},{"data":"Demon Form","floor":46,"key":"SMITH"},{"data":"Exhume","floor":49,"key":"SMITH"}],"neow_cost":"NONE","seed_source_timestamp":147304268479263,"circlet_count":0,"master_deck":["Bash+1","AscendersBane","Sword Boomerang","Clothesline+1","Whirlwind+1","Pommel Strike","Shrug It Off+1","Anger","Reaper","Armaments+1","Exhume+1","Blood for Blood","Carnage","Sword Boomerang","Power Through+1","Havoc","Heavy Blade","Twin Strike","Havoc+1","True Grit+1","Iron Wave+1","Burning Pact+1","Flex+1","Headbutt","Fiend Fire","Flame Barrier+1","Feel No Pain+1","Shockwave+1","Flex+1","Demon Form+1","Wild Strike+1"],"special_seed":0,"relics":["Burning Blood","Paper Frog","Mercury Hourglass","Sundial","Lantern","Pandora\u0027s Box","Nilry\u0027s Codex","Toxic Egg 2","Darkstone Periapt","Self Forming Clay","Bag of Preparation","Coffee Dripper","Medical Kit","Centennial Puzzle","Red Mask","Art of War","FaceOfCleric"],"potions_floor_usage":[45,50],"damage_taken":[{"damage":4.0,"enemies":"2 Louse","floor":1.0,"turns":4.0},{"damage":7.0,"enemies":"Jaw Worm","floor":2.0,"turns":3.0},{"damage":6.0,"enemies":"Cultist","floor":4.0,"turns":3.0},{"damage":0.0,"enemies":"Large Slime","floor":5.0,"turns":5.0},{"damage":20.0,"enemies":"3 Sentries","floor":7.0,"turns":4.0},{"damage":15.0,"enemies":"Lagavulin","floor":10.0,"turns":5.0},{"damage":9.0,"enemies":"Exordium Wildlife","floor":11.0,"turns":3.0},{"damage":10.0,"enemies":"3 Sentries","floor":12.0,"turns":4.0},{"damage":0.0,"enemies":"2 Fungi Beasts","floor":14.0,"turns":1.0},{"damage":34.0,"enemies":"Slime Boss","floor":16.0,"turns":10.0},{"damage":10.0,"enemies":"3 Byrds","floor":18.0,"turns":5.0},{"damage":2.0,"enemies":"Spheric Guardian","floor":21.0,"turns":3.0},{"damage":18.0,"enemies":"Snake Plant","floor":22.0,"turns":4.0},{"damage":9.0,"enemies":"Book of Stabbing","floor":24.0,"turns":6.0},{"damage":32.0,"enemies":"Slavers","floor":27.0,"turns":4.0},{"damage":29.0,"enemies":"Book of Stabbing","floor":29.0,"turns":8.0},{"damage":18.0,"enemies":"Shelled Parasite and Fungi","floor":30.0,"turns":7.0},{"damage":3.0,"enemies":"3 Cultists","floor":31.0,"turns":5.0},{"damage":61.0,"enemies":"Collector","floor":33.0,"turns":12.0},{"damage":0.0,"enemies":"3 Darklings","floor":35.0,"turns":1.0},{"damage":0.0,"enemies":"3 Shapes","floor":42.0,"turns":2.0},{"damage":0.0,"enemies":"Jaw Worm Horde","floor":44.0,"turns":1.0},{"damage":4,"enemies":"Writhing Mass","floor":45,"turns":2},{"damage":11,"enemies":"Transient","floor":47,"turns":5},{"damage":84,"enemies":"Awakened One","floor":50,"turns":11}],"seed_played":"-3919662030955453568","potions_obtained":[{"floor":2.0,"key":"Fire Potion"},{"floor":7.0,"key":"Poison Potion"},{"floor":10.0,"key":"Weak Potion"},{"floor":12.0,"key":"Fruit Juice"},{"floor":16.0,"key":"Fire Potion"},{"floor":22.0,"key":"SpeedPotion"},{"floor":29.0,"key":"SteroidPotion"},{"floor":30.0,"key":"Explosive Potion"},{"floor":33.0,"key":"Strength Potion"},{"floor":45,"key":"SteroidPotion"}],"is_trial":false,"path_per_floor":["M","M","?","M","M","R","E","R","T","E","M","E","R","M","R","B",null,"M","?","?","M","M","R","E","R","T","E","?","E","M","M","R","B",null,"M","$","?","$","?","R","$","M","T","M","M","R","M","?","R","B"],"character_chosen":"IRONCLAD","items_purchased":["Medical Kit","Feel No Pain","Shockwave+1","Flex+1","Centennial Puzzle","Block Potion"],"campfire_rested":1,"item_purchase_floors":[36,36,36,38,38,38],"current_hp_per_floor":[70,69,69,69,75,75,61,61,61,52,49,58,58,64,64,36,69,71,71,50,54,42,42,39,63,63,48,48,28,16,64,64,21,65,71,71,71,71,71,71,71,77,77,80,80,80,75,75,75,24],"gold":54,"neow_bonus":"UPGRADE_CARD","is_prod":false,"is_daily":false,"chose_seed":false,"campfire_upgraded":9,"win_rate":0,"timestamp":1540607383,"path_taken":["M","M","?","M","M","R","E","R","T","E","M","E","R","?","R","BOSS","M","?","?","?","M","R","E","R","T","E","?","E","M","M","R","BOSS","M","$","?","$","?","R","?","M","T","?","M","R","M","?","R","BOSS"],"build_version":"2018-10-25v2","purchased_purges":0,"victory":true,"max_hp_per_floor":[75,75,75,75,75,75,75,75,75,75,75,80,80,80,80,80,80,80,80,80,80,80,80,80,80,80,80,80,80,80,80,80,80,80,80,80,80,80,80,80,80,80,80,80,80,80,80,80,80,81],"card_choices":[{"not_picked":["Thunderclap","Perfected Strike"],"picked":"Sword Boomerang","floor":1.0},{"not_picked":["Perfected Strike","Heavy Blade"],"picked":"Clothesline","floor":2.0},{"not_picked":["Flame Barrier","Flex"],"picked":"Whirlwind","floor":4.0},{"not_picked":["Searing Blow","Warcry"],"picked":"Pommel Strike","floor":5.0},{"not_picked":["Heavy Blade","Cleave"],"picked":"Shrug It Off","floor":7.0},{"not_picked":["Metallicize","Iron Wave"],"picked":"Anger","floor":10.0},{"not_picked":["Blood for Blood","Sever Soul"],"picked":"Reaper","floor":11.0},{"not_picked":["Corruption","Sever Soul","Rampage"],"picked":"SKIP","floor":12.0},{"not_picked":["Cleave","Rupture"],"picked":"Armaments","floor":14.0},{"not_picked":["Feed","Immolate"],"picked":"Exhume","floor":16.0},{"not_picked":["Sword Boomerang","Whirlwind"],"picked":"True Grit+1","floor":18.0},{"not_picked":["Thunderclap","Rampage"],"picked":"Iron Wave+1","floor":21.0},{"not_picked":["Sever Soul","Power Through","Heavy Blade"],"picked":"SKIP","floor":22.0},{"not_picked":["Power Through","Armaments","Ghostly Armor"],"picked":"SKIP","floor":24.0},{"not_picked":["Cleave","Rupture","Thunderclap"],"picked":"SKIP","floor":27.0},{"not_picked":["Anger","Clash"],"picked":"Burning Pact+1","floor":29.0},{"not_picked":["Carnage","Metallicize"],"picked":"Flex+1","floor":30.0},{"not_picked":["Carnage","Clothesline"],"picked":"Headbutt","floor":31.0},{"not_picked":["Immolate","Feed"],"picked":"Fiend Fire","floor":33.0},{"not_picked":["Body Slam","Warcry+1"],"picked":"Flame Barrier+1","floor":35.0},{"not_picked":["True Grit+1","Feel No Pain"],"picked":"Demon Form","floor":42.0},{"not_picked":["Flame Barrier+1","Clash"],"picked":"Wild Strike+1","floor":44.0},{"not_picked":["Cleave+1","Perfected Strike","Clash"],"picked":"SKIP","floor":45},{"not_picked":["Dropkick","Cleave","Iron Wave"],"picked":"SKIP","floor":47}],"player_experience":1485673,"relics_obtained":[{"floor":7.0,"key":"Paper Frog"},{"floor":9.0,"key":"Mercury Hourglass"},{"floor":10.0,"key":"Sundial"},{"floor":12.0,"key":"Lantern"},{"floor":20.0,"key":"Nilry\u0027s Codex"},{"floor":24.0,"key":"Toxic Egg 2"},{"floor":26.0,"key":"Darkstone Periapt"},{"floor":27.0,"key":"Self Forming Clay"},{"floor":29.0,"key":"Bag of Preparation"},{"floor":43.0,"key":"Art of War"}],"event_choices":[{"damage_healed":0.0,"max_hp_gain":0.0,"max_hp_loss":0.0,"gold_gain":0.0,"event_name":"Liars Game","player_choice":"Ignored","floor":3.0,"gold_loss":0.0,"damage_taken":0.0},{"damage_healed":0.0,"max_hp_gain":0.0,"max_hp_loss":0.0,"gold_gain":0.0,"event_name":"Ghosts","player_choice":"Ignored","floor":19.0,"gold_loss":0.0,"damage_taken":0.0},{"damage_healed":0.0,"max_hp_gain":0.0,"max_hp_loss":0.0,"gold_gain":0.0,"event_name":"Cursed Tome","player_choice":"Obtained Book","floor":20.0,"gold_loss":0.0,"damage_taken":21.0},{"cards_removed":["Armaments"],"damage_healed":0.0,"max_hp_gain":0.0,"max_hp_loss":0.0,"gold_gain":0.0,"event_name":"Purifier","player_choice":"Purged","floor":28.0,"gold_loss":0.0,"damage_taken":0.0},{"damage_healed":0.0,"max_hp_gain":0.0,"max_hp_loss":0.0,"gold_gain":0.0,"event_name":"Transmorgrifier","player_choice":"Ignored","floor":37.0,"gold_loss":0.0,"damage_taken":0.0},{"damage_healed":0.0,"max_hp_gain":0.0,"max_hp_loss":0.0,"gold_gain":0.0,"event_name":"Tomb of Lord Red Mask","player_choice":"Paid","floor":39.0,"gold_loss":117.0,"damage_taken":0.0,"relics_obtained":["Red Mask"]},{"damage_healed":0,"gold_gain":0,"player_choice":"Trade","damage_taken":0,"relics_obtained":["FaceOfCleric"],"max_hp_gain":0,"max_hp_loss":0,"event_name":"FaceTrader","floor":48,"gold_loss":0}],"is_beta":false,"boss_relics":[{"not_picked":["Runic Pyramid","Runic Cube"],"picked":"Pandora\u0027s Box"},{"not_picked":["Black Star","Empty Cage"],"picked":"Coffee Dripper"}],"items_purged_floors":[],"is_endless":false,"potions_floor_spawned":[2,7,10,12,16,18,22,29,30,33,44,45,47],"ascension_level":15}