{"gold_per_floor":[20,36,36,51,51,51,92,92,92,92,92,108,143,77,77,176,176,200,218,58,73,73,107,107,126,126,126,126,140,140,158,158,251,251,271,286,286,286,286,286,327,327,353,353,353,686,786,43,43,43,43],"floor_reached":52,"playtime":3484,"items_purged":[],"score":1958,"play_id":"22ce1d3d-a346-445d-b6f9-332f76f7dffe","local_time":"20190320054006","is_ascension_mode":true,"campfire_choices":[{"data":"Zap","floor":6.0,"key":"SMITH"},{"floor":10.0,"key":"REST"},{"data":"Sunder","floor":15.0,"key":"SMITH"},{"floor":24.0,"key":"REST"},{"data":"Apotheosis","floor":27.0,"key":"SMITH"},{"data":"Buffer","floor":30.0,"key":"SMITH"},{"data":"BootSequence","floor":32.0,"key":"SMITH"},{"floor":40.0,"key":"REST"},{"floor":42.0,"key":"REST"},{"floor":45.0,"key":"REST"},{"floor":49.0,"key":"REST"}],"neow_cost":"NO_GOLD","seed_source_timestamp":484537256294632,"circlet_count":0,"master_deck":["AscendersBane","Defend_B","Defend_B","Defend_B","Defend_B","Zap+1","Dualcast","Ball Lightning","Ball Lightning","Lockon","Coolheaded","Glacier","Electrodynamics","Leap","Chaos","Sunder+1","Buffer+1","Apotheosis+1","Go for the Eyes+1","Ghostly","Ghostly","Ghostly","BootSequence+1","Creative AI","Conserve Battery","Enlightenment","Redo","Blind","Leap"],"special_seed":0,"relics":["Cracked Core","FossilizedHelix","The Courier","Emotion Chip","Pen Nib","Busted Crown","Incense Burner","Ginger","Empty Cage","Blue Candle","Juzu Bracelet","Calipers","Runic Capacitor","Mummified Hand","Mercury Hourglass"],"potions_floor_usage":[],"damage_taken":[{"damage":2.0,"enemies":"2 Louse","floor":1.0,"turns":2.0},{"damage":12.0,"enemies":"Small Slimes","floor":2.0,"turns":3.0},{"damage":2.0,"enemies":"Jaw Worm","floor":4.0,"turns":2.0},{"damage":24.0,"enemies":"3 Sentries","floor":7.0,"turns":9.0},{"damage":0.0,"enemies":"Large Slime","floor":12.0,"turns":4.0},{"damage":0.0,"enemies":"Gremlin Nob","floor":13.0,"turns":3.0},{"damage":12.0,"enemies":"Slime Boss","floor":16.0,"turns":7.0},{"damage":0.0,"enemies":"Chosen","floor":18.0,"turns":5.0},{"damage":0.0,"enemies":"2 Thieves","floor":19.0,"turns":3.0},{"damage":14.0,"enemies":"3 Cultists","floor":21.0,"turns":6.0},{"damage":31.0,"enemies":"Book of Stabbing","floor":23.0,"turns":7.0},{"damage":0.0,"enemies":"Snake Plant","floor":25.0,"turns":2.0},{"damage":0.0,"enemies":"Centurion and Healer","floor":29.0,"turns":9.0},{"damage":0.0,"enemies":"3 Cultists","floor":31.0,"turns":5.0},{"damage":25.0,"enemies":"Champ","floor":33.0,"turns":17.0},{"damage":0.0,"enemies":"Orb Walker","floor":35.0,"turns":5.0},{"damage":9.0,"enemies":"3 Darklings","floor":36.0,"turns":6.0},{"damage":32.0,"enemies":"Giant Head","floor":41.0,"turns":11.0},{"damage":8.0,"enemies":"Mind Bloom Boss Battle","floor":47.0,"turns":9.0},{"damage":16.0,"enemies":"Awakened One","floor":50.0,"turns":19.0},{"damage":0,"enemies":"Donu and Deca","floor":51,"turns":9}],"seed_played":"-7060219489955384829","potions_obtained":[{"floor":2.0,"key":"SteroidPotion"},{"floor":4.0,"key":"FocusPotion"},{"floor":7.0,"key":"FocusPotion"},{"floor":16.0,"key":"Poison Potion"},{"floor":19.0,"key":"SpeedPotion"},{"floor":25.0,"key":"Weak Potion"},{"floor":33.0,"key":"Swift Potion"},{"floor":41.0,"key":"PowerPotion"},{"floor":47.0,"key":"Explosive Potion"}],"is_trial":false,"path_per_floor":["M","M","?","M","?","R","E","?","T","R","?","M","E","$","R","B",null,"M","M","$","M","?","E","R","M","T","R","?","M","R","M","R","B",null,"M","M","?","?","?","R","E","R","T","?","R","?","?","$","R","B","B",null],"character_chosen":"DEFECT","items_purchased":["Sunder","Apotheosis","Runic Capacitor","Redo","Blind","Leap","Mummified Hand","Mercury Hourglass"],"campfire_rested":6,"item_purchase_floors":[14,20,48,48,48,48,48,48],"current_hp_per_floor":[62,50,50,48,53,53,29,22,22,44,39,39,39,39,39,27,64,64,64,64,50,50,19,41,41,41,41,38,38,38,38,38,13,32,32,23,23,23,23,34,2,13,13,13,24,24,16,16,27,11,11],"gold":43,"neow_bonus":"TRANSFORM_TWO_CARDS","is_prod":false,"is_daily":false,"chose_seed":false,"campfire_upgraded":5,"win_rate":0,"timestamp":1553056806,"path_taken":["M","M","?","M","?","R","E","?","T","R","?","M","E","$","R","BOSS","M","M","$","M","?","E","R","M","T","R","?","M","R","M","R","BOSS","M","M","?","?","?","R","E","R","T","?","R","?","?","$","R","BOSS","BOSS"],"build_version":"2019-01-23","purchased_purges":0,"victory":true,"max_hp_per_floor":[71,71,71,71,76,76,76,76,76,76,76,76,76,76,76,76,76,76,76,76,76,76,76,76,76,76,76,38,38,38,38,38,38,38,38,38,38,38,38,38,38,38,38,38,38,38,38,38,38,38,38],"card_choices":[{"not_picked":["Beam Cell","Steam Power"],"picked":"Lockon","floor":1.0},{"not_picked":["Beam Cell","Hologram"],"picked":"Coolheaded","floor":2.0},{"not_picked":["Gash","Chaos"],"picked":"Glacier","floor":4.0},{"not_picked":["Auto Shields","Conserve Battery"],"picked":"Electrodynamics","floor":7.0},{"not_picked":["Steam Power","Stack"],"picked":"Leap","floor":12.0},{"not_picked":["Compile Driver","Coolheaded"],"picked":"Chaos","floor":13.0},{"not_picked":["Rainbow","Seek"],"picked":"Buffer","floor":16.0},{"not_picked":[],"picked":"Conserve Battery","floor":18.0},{"not_picked":["Turbo+1"],"picked":"SKIP","floor":19.0},{"not_picked":[],"picked":"Go for the Eyes+1","floor":21.0},{"not_picked":["Turbo"],"picked":"SKIP","floor":23.0},{"not_picked":["Rip and Tear"],"picked":"SKIP","floor":25.0},{"not_picked":[],"picked":"BootSequence","floor":29.0},{"not_picked":["Rebound"],"picked":"SKIP","floor":31.0},{"not_picked":[],"picked":"Creative AI","floor":33.0},{"not_picked":["Conserve Battery"],"picked":"SKIP","floor":35.0},{"not_picked":[],"picked":"Conserve Battery","floor":35.0},{"not_picked":["Sweeping Beam"],"picked":"SKIP","floor":36.0},{"not_picked":["Consume+1"],"picked":"SKIP","floor":41.0},{"not_picked":[],"picked":"Enlightenment","floor":44.0}],"player_experience":635620,"relics_obtained":[{"floor":7.0,"key":"FossilizedHelix"},{"floor":9.0,"key":"The Courier"},{"floor":13.0,"key":"Pen Nib"},{"floor":23.0,"key":"Incense Burner"},{"floor":26.0,"key":"Ginger"},{"floor":41.0,"key":"Blue Candle"},{"floor":43.0,"key":"Juzu Bracelet"},{"floor":47.0,"key":"Calipers"}],"event_choices":[{"damage_healed":0.0,"max_hp_gain":0.0,"max_hp_loss":0.0,"gold_gain":0.0,"event_name":"Golden Idol","player_choice":"Take Wound","floor":3.0,"gold_loss":0.0,"damage_taken":0.0,"relics_obtained":["Golden Idol"],"cards_obtained":["Injury"]},{"damage_healed":0.0,"max_hp_gain":5.0,"max_hp_loss":0.0,"gold_gain":0.0,"event_name":"Big Fish","player_choice":"Donut","floor":5.0,"gold_loss":0.0,"damage_taken":0.0},{"cards_removed":["Strike_B"],"damage_healed":0.0,"max_hp_gain":0.0,"max_hp_loss":0.0,"gold_gain":0.0,"event_name":"Golden Wing","player_choice":"Card Removal","floor":8.0,"gold_loss":0.0,"damage_taken":7.0},{"damage_healed":0.0,"max_hp_gain":0.0,"max_hp_loss":0.0,"gold_gain":0.0,"event_name":"Scrap Ooze","player_choice":"Success","floor":11.0,"gold_loss":0.0,"damage_taken":5.0,"relics_obtained":["Emotion Chip"]},{"damage_healed":0.0,"max_hp_gain":0.0,"max_hp_loss":38.0,"gold_gain":0.0,"event_name":"Ghosts","player_choice":"Became a Ghost","floor":28.0,"gold_loss":0.0,"damage_taken":0.0,"cards_obtained":["Ghostly","Ghostly","Ghostly"]},{"damage_healed":0.0,"max_hp_gain":0.0,"max_hp_loss":0.0,"gold_gain":0.0,"event_name":"Mysterious Sphere","player_choice":"Ignored","floor":37.0,"gold_loss":0.0,"damage_taken":0.0},{"cards_removed":["Conserve Battery"],"damage_healed":0.0,"max_hp_gain":0.0,"max_hp_loss":0.0,"gold_gain":0.0,"event_name":"Falling","player_choice":"Removed Skill","floor":38.0,"gold_loss":0.0,"damage_taken":0.0},{"damage_healed":0.0,"max_hp_gain":0.0,"max_hp_loss":0.0,"gold_gain":0.0,"event_name":"Tomb of Lord Red Mask","player_choice":"Ignored","floor":39.0,"gold_loss":0.0,"damage_taken":0.0},{"damage_healed":0.0,"max_hp_gain":0.0,"max_hp_loss":0.0,"gold_gain":0.0,"event_name":"SensoryStone","player_choice":"Memory 1","floor":44.0,"gold_loss":0.0,"damage_taken":0.0},{"damage_healed":0.0,"max_hp_gain":0.0,"max_hp_loss":0.0,"gold_gain":333.0,"event_name":"The Moai Head","player_choice":"Gave Idol","floor":46.0,"relics_lost":["Golden Idol"],"gold_loss":0.0,"damage_taken":0.0},{"damage_healed":0.0,"max_hp_gain":0.0,"max_hp_loss":0.0,"gold_gain":0.0,"event_name":"MindBloom","player_choice":"Fight","floor":47.0,"gold_loss":0.0,"damage_taken":0.0}],"is_beta":false,"boss_relics":[{"not_picked":["Astrolabe","Inserter"],"picked":"Busted Crown"},{"not_picked":["Velvet Choker","Black Star"],"picked":"Empty Cage"}],"items_purged_floors":[],"is_endless":false,"potions_floor_spawned":[2,4,7,16,19,25,31,33,41,47],"ascension_level":20}