{"gold_per_floor":[116,116,81,6,6,22,35,35,87,119,131,148,148,176,176,277,277,290,300,300,225,243,577,588,598,598,598,598],"floor_reached":28,"playtime":2644,"items_purged":["Regret"],"score":275,"play_id":"7cf339ae-7d6f-48e0-adf2-effb2336a862","local_time":"20181207205209","is_ascension_mode":false,"campfire_choices":[{"data":"Backstab","floor":8,"key":"SMITH"},{"data":"Neutralize","floor":13,"key":"SMITH"},{"floor":15,"key":"REST"}],"neow_cost":"NONE","seed_source_timestamp":506254344928207,"circlet_count":0,"master_deck":["Defend_G","Defend_G","Defend_G","Defend_G","Defend_G","Strike_G","Strike_G+1","Strike_G+1","Strike_G","Survivor","Neutralize+1","Caltrops","PiercingWail","Backstab+1","Endless Agony","Dodge and Roll","Tools of the Trade","Glass Knife","PiercingWail","Heel Hook+1","J.A.X.","Finisher","Deadly Poison+1","Flying Knee","Backstab"],"relics":["Ring of the Snake","Strawberry","Matryoshka","Bronze Scales","Whetstone","Vajra","Pear","Regal Pillow","Eternal Feather","Old Coin","Ninja Scroll","Du-Vu Doll"],"potions_floor_usage":[10,16,16,19,28],"damage_taken":[{"damage":0,"enemies":"2 Louse","floor":1,"turns":3},{"damage":5,"enemies":"Small Slimes","floor":6,"turns":4},{"damage":0,"enemies":"Jaw Worm","floor":7,"turns":6},{"damage":12,"enemies":"3 Sentries","floor":10,"turns":10},{"damage":0,"enemies":"3 Louse","floor":11,"turns":3},{"damage":0,"enemies":"Blue Slaver","floor":12,"turns":2},{"damage":22,"enemies":"Lagavulin","floor":14,"turns":5},{"damage":83,"enemies":"Slime Boss","floor":16,"turns":18},{"damage":5,"enemies":"Shell Parasite","floor":18,"turns":6},{"damage":0,"enemies":"Spheric Guardian","floor":19,"turns":3},{"damage":26,"enemies":"Cultist and Chosen","floor":22,"turns":7},{"damage":28,"enemies":"Gremlin Leader","floor":23,"turns":6},{"damage":14,"enemies":"Centurion and Healer","floor":24,"turns":10},{"damage":9,"enemies":"3 Cultists","floor":25,"turns":3},{"damage":7,"enemies":"Snake Plant","floor":28,"turns":1}],"seed_played":"3067092473084701598","potions_obtained":[{"floor":1,"key":"Fruit Juice"},{"floor":6,"key":"Strength Potion"},{"floor":10,"key":"Ancient Potion"},{"floor":12,"key":"Ancient Potion"},{"floor":18,"key":"Explosive Potion"},{"floor":19,"key":"SteroidPotion"}],"is_trial":false,"path_per_floor":["M","?","?","$","?","M","M","R","T","E","M","M","R","E","R","B",null,"M","M","?","?","M","E","M","M","T","?","M"],"character_chosen":"THE_SILENT","items_purchased":[],"campfire_rested":1,"item_purchase_floors":[],"current_hp_per_floor":[77,77,77,77,70,65,65,65,65,68,68,68,68,46,88,5,92,87,87,87,87,61,33,19,10,10,1,0],"gold":598,"neow_bonus":"RANDOM_COMMON_RELIC","is_prod":false,"is_daily":false,"chose_seed":false,"campfire_upgraded":2,"win_rate":0,"timestamp":1544212329,"path_taken":["M","?","?","?","?","?","M","R","T","E","M","M","R","E","R","BOSS","M","M","?","?","M","E","M","M","T","?","M"],"build_version":"2018-12-06","purchased_purges":1,"victory":false,"max_hp_per_floor":[77,77,77,77,77,77,77,77,77,92,92,92,92,92,92,92,92,92,92,92,92,92,92,92,92,92,92,92],"card_choices":[{"not_picked":["Acrobatics","Quick Slash"],"picked":"Caltrops","floor":1},{"not_picked":["Caltrops","Prepared"],"picked":"PiercingWail","floor":6},{"not_picked":["Terror","Bouncing Flask"],"picked":"Backstab","floor":7},{"not_picked":["Envenom","Bouncing Flask"],"picked":"Endless Agony","floor":10},{"not_picked":["Bane","Slice"],"picked":"Dodge and Roll","floor":11},{"not_picked":["Blade Dance","Flechettes","Dagger Spray"],"picked":"SKIP","floor":12},{"not_picked":["Burst","Quick Slash"],"picked":"Tools of the Trade","floor":14},{"not_picked":["Night Terror","Phantasmal Killer"],"picked":"Glass Knife","floor":16},{"not_picked":["Blade Dance+1","Dagger Spray"],"picked":"PiercingWail","floor":18},{"not_picked":["Acrobatics+1","Quick Slash"],"picked":"Heel Hook+1","floor":19},{"not_picked":["Burst","Underhanded Strike"],"picked":"Finisher","floor":22},{"not_picked":["Prepared","Reflex"],"picked":"Deadly Poison+1","floor":23},{"not_picked":["Deadly Poison","Outmaneuver"],"picked":"Flying Knee","floor":24},{"not_picked":["Tactician","Caltrops"],"picked":"Backstab","floor":25}],"player_experience":15804,"relics_obtained":[{"floor":9,"key":"Whetstone"},{"floor":9,"key":"Vajra"},{"floor":10,"key":"Pear"},{"floor":14,"key":"Regal Pillow"},{"floor":23,"key":"Old Coin"},{"floor":26,"key":"Ninja Scroll"},{"floor":26,"key":"Du-Vu Doll"}],"event_choices":[{"damage_healed":0,"gold_gain":0,"player_choice":"Box","damage_taken":0,"relics_obtained":["Matryoshka"],"max_hp_gain":0,"max_hp_loss":0,"event_name":"Big Fish","floor":2,"gold_loss":0,"cards_obtained":["Regret"]},{"damage_healed":0,"gold_gain":0,"player_choice":"Left Gold","damage_taken":0,"max_hp_gain":0,"max_hp_loss":0,"event_name":"World of Goop","floor":3,"gold_loss":35},{"damage_healed":0,"gold_gain":0,"player_choice":"Success","damage_taken":7,"relics_obtained":["Bronze Scales"],"max_hp_gain":0,"max_hp_loss":0,"event_name":"Scrap Ooze","floor":5,"gold_loss":0},{"damage_healed":0,"gold_gain":0,"player_choice":"Obtain J.A.X.","damage_taken":0,"max_hp_gain":0,"max_hp_loss":0,"event_name":"Drug Dealer","floor":20,"gold_loss":0,"cards_obtained":["J.A.X."]},{"cards_removed":["Strike_G"],"damage_healed":0,"gold_gain":0,"player_choice":"Gave Gold","damage_taken":0,"max_hp_gain":0,"max_hp_loss":0,"event_name":"Beggar","floor":21,"gold_loss":75},{"damage_healed":0,"gold_gain":0,"player_choice":"Stopped","damage_taken":9,"max_hp_gain":0,"max_hp_loss":0,"event_name":"Cursed Tome","floor":27,"gold_loss":0}],"is_beta":true,"boss_relics":[{"not_picked":["Calling Bell","Velvet Choker"],"picked":"Eternal Feather"}],"items_purged_floors":[4],"is_endless":false,"potions_floor_spawned":[1,6,10,12,18,19],"killed_by":"Snake Plant","ascension_level":0}