{"gold_per_floor":[18,32,32,32,43,68,79,90,90,116,116,116,136,146,146,243,243,260,34,64,64,80,80],"floor_reached":23,"playtime":654,"items_purged":["Strike_R"],"score":316,"play_id":"c4feb1ad-2846-4395-87cb-bd36c7834867","local_time":"25610726000325","is_ascension_mode":true,"campfire_choices":[{"floor":15,"key":"REST"}],"neow_cost":"NO_GOLD","seed_source_timestamp":40985589516034,"circlet_count":0,"master_deck":["Strike_R","Strike_R","Strike_R","Strike_R","Defend_R","Defend_R","Defend_R","Defend_R","Bash","Thunderclap","Pummel","Sword Boomerang","Limit Break","Headbutt","Seeing Red","Offering","Fire Breathing+1","Normality","Immolate","Spot Weakness"],"special_seed":0,"relics":["Burning Blood","Boot","Prayer Wheel","Singing Bowl","Pantograph","Lantern","Odd Mushroom","Mark of Pain","Vajra","Tiny Chest","SsserpentHead"],"potions_floor_usage":[16,16,16,16,16,16],"damage_taken":[{"damage":11.0,"enemies":"Cultist","floor":1.0,"turns":4.0},{"damage":1.0,"enemies":"2 Louse","floor":2.0,"turns":2.0},{"damage":10.0,"enemies":"Small Slimes","floor":5.0,"turns":3.0},{"damage":31.0,"enemies":"Gremlin Nob","floor":6.0,"turns":4.0},{"damage":1.0,"enemies":"Looter","floor":7.0,"turns":2.0},{"damage":8,"enemies":"Blue Slaver","floor":8,"turns":2},{"damage":42,"enemies":"Lagavulin","floor":10,"turns":5},{"damage":11,"floor":13,"turns":3},{"damage":0,"enemies":"2 Fungi Beasts","floor":14,"turns":1},{"damage":69,"enemies":"Hexaghost","floor":16,"turns":9},{"damage":30,"enemies":"Shell Parasite","floor":18,"turns":4},{"damage":53,"enemies":"2 Thieves","floor":22,"turns":4},{"damage":19,"enemies":"Book of Stabbing","floor":23,"turns":1}],"seed_played":"-4143704643150170251","potions_obtained":[{"floor":5.0,"key":"Explosive Potion"},{"floor":6.0,"key":"BloodPotion"},{"floor":10,"key":"Weak Potion"},{"floor":13,"key":"EntropicBrew"}],"is_trial":false,"path_per_floor":["M","M","?","?","M","E","M","M","T","E","?","?","?","M","R","B",null,"M","$","?","?","M"],"character_chosen":"IRONCLAD","items_purchased":["Vajra"],"campfire_rested":1,"item_purchase_floors":[19],"current_hp_per_floor":[67,72,90,90,86,61,66,64,64,30,23,23,20,30,59,30,81,59,59,59,59,12,0],"gold":80,"neow_bonus":"THREE_RARE_CARDS","is_prod":false,"is_daily":false,"chose_seed":false,"campfire_upgraded":0,"win_rate":0,"timestamp":1532538205,"path_taken":["M","M","?","?","M","E","M","M","T","E","?","?","?","?","R","BOSS","M","$","?","?","M","E"],"build_version":"2018-07-19v2","purchased_purges":1,"victory":false,"max_hp_per_floor":[80,80,90,90,90,90,90,90,90,92,92,92,94,98,98,98,98,100,100,100,100,100,100],"card_choices":[{"not_picked":["Offering","Reaper"],"picked":"Limit Break","floor":0.0},{"not_picked":["Heavy Blade","Warcry"],"picked":"Thunderclap","floor":1.0},{"not_picked":["Body Slam","Thunderclap"],"picked":"Pummel","floor":2.0},{"not_picked":["Entrench","Havoc","Heavy Blade"],"picked":"SKIP","floor":5.0},{"not_picked":["Iron Wave","Carnage"],"picked":"Sword Boomerang","floor":6.0},{"not_picked":["Wild Strike","Headbutt"],"picked":"Limit Break","floor":7.0},{"not_picked":["Feel No Pain","Burning Pact"],"picked":"Headbutt","floor":7.0},{"not_picked":["Body Slam","Flex"],"picked":"Seeing Red","floor":8},{"not_picked":["Cleave","Reckless Charge","Clash"],"picked":"SKIP","floor":8},{"not_picked":["Anger","Wild Strike","Clash"],"picked":"Singing Bowl","floor":10},{"not_picked":["Twin Strike","Headbutt","Flex"],"picked":"Singing Bowl","floor":13},{"not_picked":["Burning Pact","Bludgeon","Armaments"],"picked":"Singing Bowl","floor":14},{"not_picked":["Dropkick","Cleave","Flex"],"picked":"Singing Bowl","floor":14},{"not_picked":["Exhume","Reaper"],"picked":"Offering","floor":16},{"not_picked":["Shrug It Off","Thunderclap"],"picked":"Fire Breathing+1","floor":18},{"not_picked":["Bloodletting+1","True Grit","Flex"],"picked":"Singing Bowl","floor":18},{"not_picked":["Armaments","Clothesline"],"picked":"Immolate","floor":22},{"not_picked":["Warcry","Bloodletting"],"picked":"Spot Weakness","floor":22}],"player_experience":162159,"relics_obtained":[{"floor":6.0,"key":"Prayer Wheel"},{"floor":9,"key":"Singing Bowl"},{"floor":10,"key":"Pantograph"},{"floor":13,"key":"Odd Mushroom"}],"event_choices":[{"event_name":"Bonfire Elementals","player_choice":"RARE","floor":3.0,"damage_taken":0.0},{"event_name":"Big Fish","player_choice":"Box","floor":4.0,"damage_taken":0.0},{"event_name":"Golden Wing","player_choice":"Card Removal","floor":11,"damage_taken":0},{"event_name":"Dead Adventurer","player_choice":"Searched \u00271\u0027 times","floor":12,"damage_taken":0},{"event_name":"Mushrooms","player_choice":"Fought Mushrooms","floor":13,"damage_taken":0},{"event_name":"Accursed Blacksmith","player_choice":"Rummage","floor":20,"damage_taken":0},{"event_name":"FaceTrader","player_choice":"Trade","floor":21,"damage_taken":0}],"is_beta":false,"boss_relics":[{"not_picked":["Runic Cube","Busted Crown"],"picked":"Mark of Pain"}],"items_purged_floors":[19],"is_endless":false,"potions_floor_spawned":[5,6,10,13],"killed_by":"Book of Stabbing","ascension_level":9}