{"gold_per_floor":[118,128,144,31,31,31,56,71,71,71,90,14,14,14,14,91,91,110,110,110,10,28,28,28,28,28,28,92,110,25,25],"floor_reached":31,"playtime":1230,"items_purged":["Strike_R"],"score":489,"play_id":"994f1268-ba5c-416a-8f5e-9a3cf1cd7a87","local_time":"20190505195945","is_ascension_mode":true,"campfire_choices":[{"data":"Barricade","floor":6.0,"key":"SMITH"},{"data":"Whirlwind","floor":10.0,"key":"SMITH"},{"data":"Body Slam","floor":13.0,"key":"SMITH"},{"data":"Fiend Fire","floor":15.0,"key":"SMITH"},{"data":"True Grit","floor":23.0,"key":"SMITH"},{"data":"Impervious","floor":25.0,"key":"SMITH"},{"data":"Limit Break","floor":27.0,"key":"SMITH"}],"neow_cost":"NONE","seed_source_timestamp":0,"circlet_count":0,"master_deck":["AscendersBane","Strike_R","Strike_R","Strike_R","Strike_R","Defend_R","Defend_R","Defend_R","Defend_R","Bash","Barricade+1","Iron Wave","Cleave","Flame Barrier","Uppercut","Inflame","Reaper","Fiend Fire+1","Whirlwind+1","Body Slam+1","Limit Break+1","Impervious+1","True Grit+1","Shrug It Off+1"],"special_seed":0,"relics":["Burning Blood","Darkstone Periapt","Blue Candle","Velvet Choker","Du-Vu Doll","Tiny Chest","Calipers"],"potions_floor_usage":[31],"damage_taken":[{"damage":7.0,"enemies":"Cultist","floor":1.0,"turns":4.0},{"damage":9.0,"enemies":"2 Louse","floor":2.0,"turns":3.0},{"damage":9.0,"enemies":"Jaw Worm","floor":3.0,"turns":3.0},{"damage":20.0,"enemies":"Lagavulin","floor":7.0,"turns":8.0},{"damage":10.0,"enemies":"2 Fungi Beasts","floor":8.0,"turns":3.0},{"damage":16.0,"enemies":"3 Louse","floor":11.0,"turns":2.0},{"damage":44.0,"enemies":"The Guardian","floor":16.0,"turns":13.0},{"damage":18.0,"enemies":"Shell Parasite","floor":18.0,"turns":6.0},{"damage":28.0,"enemies":"Spheric Guardian","floor":22.0,"turns":5.0},{"damage":41.0,"enemies":"Slavers","floor":28.0,"turns":5.0},{"damage":7.0,"enemies":"Snecko","floor":29.0,"turns":6.0},{"damage":42,"enemies":"Shelled Parasite and Fungi","floor":31,"turns":3}],"seed_played":"4175732140367350296","potions_obtained":[{"floor":2.0,"key":"Block Potion"},{"floor":7.0,"key":"Block Potion"},{"floor":11.0,"key":"AttackPotion"},{"floor":22.0,"key":"SkillPotion"},{"floor":29.0,"key":"Energy Potion"}],"is_trial":false,"path_per_floor":["M","M","M","$","?","R","E","M","T","R","M","$","R","?","R","B",null,"M","?","?","$","M","R","?","R","T","R","E","M","?","M"],"character_chosen":"IRONCLAD","items_purchased":["Flame Barrier","Uppercut","Limit Break","True Grit"],"campfire_rested":0,"item_purchase_floors":[4,4,12,21],"current_hp_per_floor":[67,64,61,61,61,61,47,55,55,55,63,63,63,63,63,33,65,53,53,53,53,31,31,46,46,46,46,26,32,32,0],"gold":25,"neow_bonus":"ONE_RANDOM_RARE_CARD","is_prod":false,"is_daily":false,"chose_seed":false,"campfire_upgraded":7,"win_rate":0,"timestamp":1557075585,"path_taken":["M","M","M","?","?","R","E","?","T","R","M","$","R","?","R","BOSS","M","?","?","$","M","R","?","R","T","R","E","?","?","M"],"build_version":"2019-01-23","purchased_purges":1,"victory":false,"max_hp_per_floor":[75,75,75,75,75,75,75,75,75,75,75,75,75,75,75,75,75,75,75,75,75,75,75,75,75,75,75,75,75,75,75],"card_choices":[{"not_picked":["Perfected Strike","Sword Boomerang"],"picked":"Iron Wave","floor":1.0},{"not_picked":["Sword Boomerang","Body Slam"],"picked":"Cleave","floor":2.0},{"not_picked":["Heavy Blade","Blood for Blood","Clash"],"picked":"SKIP","floor":3.0},{"not_picked":["Iron Wave","Twin Strike"],"picked":"Fiend Fire","floor":7.0},{"not_picked":["Rupture","Clash"],"picked":"Whirlwind","floor":8.0},{"not_picked":["Anger","Sword Boomerang"],"picked":"Body Slam","floor":11.0},{"not_picked":["Limit Break","Exhume"],"picked":"Impervious","floor":16.0},{"not_picked":["Reckless Charge","Bloodletting","Flex"],"picked":"SKIP","floor":18.0},{"not_picked":["Sword Boomerang","Cleave","Wild Strike"],"picked":"SKIP","floor":22.0},{"not_picked":["Inflame","Warcry","Twin Strike"],"picked":"SKIP","floor":28.0},{"not_picked":["Wild Strike","Sentinel"],"picked":"Shrug It Off+1","floor":29.0}],"player_experience":374561,"relics_obtained":[{"floor":7.0,"key":"Darkstone Periapt"},{"floor":9.0,"key":"Blue Candle"},{"floor":26.0,"key":"Du-Vu Doll"},{"floor":28.0,"key":"Tiny Chest"}],"event_choices":[{"damage_healed":0.0,"max_hp_gain":0.0,"max_hp_loss":0.0,"gold_gain":0.0,"event_name":"Match and Keep!","player_choice":"2 cards matched","floor":5.0,"gold_loss":0.0,"damage_taken":0.0,"cards_obtained":["Inflame","Reaper"]},{"damage_healed":0.0,"max_hp_gain":0.0,"max_hp_loss":0.0,"gold_gain":0.0,"event_name":"Dead Adventurer","player_choice":"Searched \u00270\u0027 times","floor":14.0,"gold_loss":0.0,"damage_taken":0.0},{"damage_healed":0.0,"max_hp_gain":0.0,"max_hp_loss":0.0,"gold_gain":0.0,"event_name":"Vampires","player_choice":"Ignored","floor":19.0,"gold_loss":0.0,"damage_taken":0.0},{"damage_healed":0.0,"max_hp_gain":0.0,"max_hp_loss":0.0,"gold_gain":0.0,"event_name":"Ghosts","player_choice":"Ignored","floor":20.0,"gold_loss":0.0,"damage_taken":0.0},{"damage_healed":15.0,"max_hp_gain":0.0,"max_hp_loss":0.0,"gold_gain":0.0,"event_name":"The Library","player_choice":"Heal","floor":24.0,"gold_loss":0.0,"damage_taken":0.0},{"damage_healed":0.0,"max_hp_gain":0.0,"max_hp_loss":0.0,"gold_gain":0.0,"event_name":"Addict","player_choice":"Obtained Relic","floor":30.0,"gold_loss":85.0,"damage_taken":0.0,"relics_obtained":["Calipers"]}],"is_beta":false,"boss_relics":[{"not_picked":["Philosopher\u0027s Stone","Astrolabe"],"picked":"Velvet Choker"}],"items_purged_floors":[21],"is_endless":false,"potions_floor_spawned":[2,7,11,22,29],"killed_by":"Shelled Parasite and Fungi","ascension_level":19}