{"gold_per_floor":[117,117,117,117,97,97,137,150,231,565,580,603,603,642,642,741,741,759,774,67,67,92,92,126,126,126,161,211,249,25,25,25,102,102,120,120,166,180,180,211,240,271,297,324,324,287,287,312,312,312,312,312,312,45,75,75],"floor_reached":57,"playtime":3018,"items_purged":["Hyperbeam+1"],"score":4061,"play_id":"b9827657-35cc-46c9-8347-7540e3be313f","local_time":"20190321200028","is_ascension_mode":true,"campfire_choices":[{"data":"Melter","floor":6.0,"key":"SMITH"},{"data":"Hyperbeam","floor":13.0,"key":"SMITH"},{"data":"Beam Cell","floor":15.0,"key":"SMITH"},{"data":"Sunder","floor":23.0,"key":"SMITH"},{"data":"Fission","floor":32.0,"key":"SMITH"},{"floor":49.0,"key":"RECALL"},{"data":"Seek","floor":53,"key":"SMITH"}],"neow_cost":"NONE","seed_source_timestamp":16837911160299,"circlet_count":0,"master_deck":["AscendersBane","Zap","Dualcast","Melter+1","Beam Cell+1","Skim","Glacier","Electrodynamics","Seek+1","Reprogram","Biased Cognition","Sunder+1","Compile Driver","Conserve Battery","Hologram","Go for the Eyes+1","Chill","White Noise+1","Coolheaded","Fission+1","Turbo","Echo Form","Recycle","Heatsinks","Core Surge"],"special_seed":0,"relics":["Cracked Core","NeowsBlessing","Bloody Idol","Letter Opener","Mummified Hand","Old Coin","Singing Bowl","Pandora\u0027s Box","DataDisk","Ancient Tea Set","Strange Spoon","Dead Branch","Gremlin Horn","PreservedInsect","WingedGreaves","Lizard Tail","Ice Cream","Prayer Wheel","Juzu Bracelet","Vajra","Dodecahedron","Strawberry","OrangePellets","Centennial Puzzle"],"potions_floor_usage":[50,56,56],"damage_taken":[{"damage":0.0,"enemies":"Small Slimes","floor":1.0,"turns":1.0},{"damage":0.0,"enemies":"3 Sentries","floor":7.0,"turns":1.0},{"damage":0.0,"enemies":"2 Louse","floor":8.0,"turns":1.0},{"damage":20.0,"enemies":"Lagavulin","floor":10.0,"turns":7.0},{"damage":7.0,"enemies":"Jaw Worm","floor":11.0,"turns":2.0},{"damage":0.0,"enemies":"3 Louse","floor":12.0,"turns":1.0},{"damage":0.0,"enemies":"3 Sentries","floor":14.0,"turns":3.0},{"damage":0.0,"enemies":"Slime Boss","floor":16.0,"turns":5.0},{"damage":11.0,"enemies":"2 Thieves","floor":18.0,"turns":3.0},{"damage":0.0,"enemies":"Spheric Guardian","floor":19.0,"turns":1.0},{"damage":0.0,"enemies":"Snecko","floor":22.0,"turns":5.0},{"damage":0.0,"enemies":"Gremlin Leader","floor":24.0,"turns":3.0},{"damage":0.0,"enemies":"Book of Stabbing","floor":27.0,"turns":3.0},{"damage":0.0,"enemies":"Slavers","floor":29.0,"turns":3.0},{"damage":0.0,"enemies":"Automaton","floor":33.0,"turns":4.0},{"damage":0.0,"enemies":"3 Darklings","floor":35.0,"turns":1.0},{"damage":12.0,"enemies":"2 Orb Walkers","floor":37.0,"turns":2.0},{"damage":0.0,"enemies":"Orb Walker","floor":38.0,"turns":3.0},{"damage":0.0,"enemies":"Giant Head","floor":40.0,"turns":4.0},{"damage":0.0,"enemies":"Nemesis","floor":41.0,"turns":5.0},{"damage":0.0,"enemies":"Reptomancer","floor":42.0,"turns":2.0},{"damage":0.0,"enemies":"Nemesis","floor":44.0,"turns":5.0},{"damage":0.0,"enemies":"Reptomancer","floor":48.0,"turns":2.0},{"damage":0,"enemies":"Time Eater","floor":50,"turns":9},{"damage":43,"enemies":"Awakened One","floor":51,"turns":6},{"damage":0,"enemies":"Shield and Spear","floor":55,"turns":2},{"damage":88,"enemies":"The Heart","floor":56,"turns":8}],"seed_played":"-8381725561709089345","potions_obtained":[{"floor":1.0,"key":"PowerPotion"},{"floor":5.0,"key":"Energy Potion"},{"floor":11.0,"key":"Ancient Potion"},{"floor":16.0,"key":"Swift Potion"},{"floor":18.0,"key":"Explosive Potion"},{"floor":22.0,"key":"Weak Potion"},{"floor":29.0,"key":"Block Potion"},{"floor":37.0,"key":"LiquidBronze"}],"is_trial":false,"path_per_floor":["M","?","?","?","?","R","E","M","T","E","M","M","R","E","R","B",null,"M","M","$","?","M","R","E","?","T","E","?","E","$","?","R","B",null,"M","?","?","M","?","E","E","E","T","E","?","$","?","E","R","B","B",null,"R","$","E","B",null],"character_chosen":"DEFECT","items_purchased":["DataDisk","Ancient Tea Set","Strange Spoon","Chill","Fission","Turbo","Heatsinks","OrangePellets","Weak Potion"],"campfire_rested":0,"item_purchase_floors":[20,20,20,20,30,30,46,54,54],"current_hp_per_floor":[64,69,62,62,62,62,62,62,62,42,35,35,35,35,35,35,61,52,52,52,52,52,52,54,54,54,56,56,56,56,56,56,61,72,77,73,68,73,73,77,79,81,81,83,83,83,83,92,92,92,49,81,81,81,88,47],"gold":75,"neow_bonus":"THREE_ENEMY_KILL","is_prod":false,"is_daily":false,"chose_seed":false,"campfire_upgraded":6,"win_rate":0,"timestamp":1553169628,"path_taken":["M","?","?","?","?","R","E","M","T","E","M","M","R","E","R","BOSS","M","M","$","?","M","R","E","?","T","E","?","E","$","?","R","BOSS","M","?","?","M","?","E","E","E","T","E","?","$","?","E","R","BOSS","BOSS","R","$","E","BOSS"],"build_version":"2019-01-23","purchased_purges":1,"victory":true,"max_hp_per_floor":[71,76,76,69,69,69,69,69,69,69,69,69,69,69,69,69,69,71,71,71,71,71,71,73,73,73,75,75,75,75,75,75,75,75,77,73,75,75,75,77,79,81,81,83,83,83,83,92,92,92,92,92,92,92,94,94],"card_choices":[{"not_picked":["Redo","Stack"],"picked":"Melter","floor":1.0},{"not_picked":["Doom and Gloom","Hologram"],"picked":"Hyperbeam","floor":7.0},{"not_picked":["Go for the Eyes","Darkness"],"picked":"Beam Cell","floor":8.0},{"not_picked":["Aggregate","Compile Driver"],"picked":"Skim","floor":10.0},{"not_picked":["Steam","Cold Snap","Auto Shields"],"picked":"SKIP","floor":11.0},{"not_picked":["Chaos","Go for the Eyes"],"picked":"Glacier","floor":12.0},{"not_picked":["Coolheaded","Double Energy"],"picked":"Electrodynamics","floor":14.0},{"not_picked":["Rainbow","Buffer"],"picked":"Seek","floor":16.0},{"not_picked":["Hologram","Stack","Sunder"],"picked":"Singing Bowl","floor":18.0},{"not_picked":["Skim","Sunder"],"picked":"Go for the Eyes+1","floor":19.0},{"not_picked":["Recycle","Barrage"],"picked":"White Noise+1","floor":22.0},{"not_picked":["Hologram","Steam","Rebound"],"picked":"Singing Bowl","floor":24.0},{"not_picked":["Genetic Algorithm","Hologram","Compile Driver"],"picked":"Singing Bowl","floor":27.0},{"not_picked":["Electrodynamics","Leap"],"picked":"Coolheaded","floor":29.0},{"not_picked":["Hyperbeam","Fission"],"picked":"Echo Form","floor":33.0},{"not_picked":["Turbo","Streamline","Genetic Algorithm"],"picked":"Singing Bowl","floor":35.0},{"not_picked":["Rip and Tear","BootSequence","Go for the Eyes"],"picked":"Singing Bowl","floor":37.0},{"not_picked":["BootSequence","Defragment"],"picked":"Recycle","floor":38.0},{"not_picked":["Beam Cell","Compile Driver","Recycle"],"picked":"Singing Bowl","floor":40.0},{"not_picked":["Melter","FTL+1","Coolheaded"],"picked":"Singing Bowl","floor":41.0},{"not_picked":["Leap+1","Hello World","Skim+1"],"picked":"Singing Bowl","floor":42.0},{"not_picked":["Consume","Doom and Gloom","Go for the Eyes"],"picked":"Singing Bowl","floor":44.0},{"not_picked":["Streamline+1","Coolheaded","Chill"],"picked":"Singing Bowl","floor":48.0},{"not_picked":["Ball Lightning","Machine Learning","Steam"],"picked":"Singing Bowl","floor":55}],"player_experience":2867979,"relics_obtained":[{"floor":7.0,"key":"Letter Opener"},{"floor":9.0,"key":"Mummified Hand"},{"floor":10.0,"key":"Old Coin"},{"floor":14.0,"key":"Singing Bowl"},{"floor":24.0,"key":"Dead Branch"},{"floor":26.0,"key":"Gremlin Horn"},{"floor":27.0,"key":"PreservedInsect"},{"floor":29.0,"key":"WingedGreaves"},{"floor":37.0,"key":"Ice Cream"},{"floor":40.0,"key":"Prayer Wheel"},{"floor":41.0,"key":"Juzu Bracelet"},{"floor":42.0,"key":"Vajra"},{"floor":44.0,"key":"Dodecahedron"},{"floor":48.0,"key":"Strawberry"},{"floor":55,"key":"Centennial Puzzle"}],"event_choices":[{"damage_healed":0.0,"max_hp_gain":5.0,"max_hp_loss":0.0,"gold_gain":0.0,"event_name":"Big Fish","player_choice":"Donut","floor":2.0,"gold_loss":0.0,"damage_taken":0.0},{"cards_removed":["Strike_B"],"damage_healed":0.0,"max_hp_gain":0.0,"max_hp_loss":0.0,"gold_gain":0.0,"event_name":"Golden Wing","player_choice":"Card Removal","floor":3.0,"gold_loss":0.0,"damage_taken":7.0},{"damage_healed":0.0,"max_hp_gain":0.0,"max_hp_loss":7.0,"gold_gain":0.0,"event_name":"Golden Idol","player_choice":"Lose Max HP","floor":4.0,"gold_loss":0.0,"damage_taken":0.0,"relics_obtained":["Golden Idol"]},{"damage_healed":0.0,"max_hp_gain":0.0,"max_hp_loss":0.0,"gold_gain":0.0,"event_name":"The Woman in Blue","player_choice":"Bought 1 Potion","floor":5.0,"gold_loss":0.0,"damage_taken":0.0},{"damage_healed":0.0,"max_hp_gain":0.0,"max_hp_loss":0.0,"gold_gain":0.0,"event_name":"Beggar","player_choice":"Ignored","floor":21.0,"gold_loss":0.0,"damage_taken":0.0},{"damage_healed":0.0,"max_hp_gain":0.0,"max_hp_loss":0.0,"gold_gain":0.0,"event_name":"The Mausoleum","player_choice":"Ignored","floor":25.0,"gold_loss":0.0,"damage_taken":0.0},{"damage_healed":0.0,"max_hp_gain":0.0,"max_hp_loss":0.0,"gold_gain":50.0,"event_name":"Nest","player_choice":"Stole From Cult","floor":28.0,"gold_loss":0.0,"damage_taken":0.0},{"damage_healed":0.0,"max_hp_gain":0.0,"max_hp_loss":0.0,"gold_gain":0.0,"event_name":"Forgotten Altar","player_choice":"Gave Idol","floor":31.0,"relics_lost":["Golden Idol"],"gold_loss":0.0,"damage_taken":0.0,"relics_obtained":["Bloody Idol"]},{"damage_healed":0.0,"max_hp_gain":0.0,"max_hp_loss":4.0,"gold_gain":0.0,"event_name":"Winding Halls","player_choice":"Max HP","floor":36.0,"gold_loss":0.0,"damage_taken":0.0},{"damage_healed":0.0,"max_hp_gain":0.0,"max_hp_loss":0.0,"gold_gain":0.0,"event_name":"Mysterious Sphere","player_choice":"Fight","floor":37.0,"gold_loss":0.0,"damage_taken":0.0},{"damage_healed":0.0,"max_hp_gain":0.0,"max_hp_loss":0.0,"gold_gain":0.0,"event_name":"Tomb of Lord Red Mask","player_choice":"Ignored","floor":39.0,"gold_loss":0.0,"damage_taken":0.0},{"cards_removed":["White Noise"],"damage_healed":0.0,"max_hp_gain":0.0,"max_hp_loss":0.0,"gold_gain":0.0,"event_name":"Falling","player_choice":"Removed Skill","floor":45.0,"gold_loss":0.0,"damage_taken":0.0},{"damage_healed":0.0,"max_hp_gain":0.0,"max_hp_loss":0.0,"gold_gain":0.0,"event_name":"Match and Keep!","player_choice":"1 cards matched","floor":47.0,"gold_loss":0.0,"damage_taken":0.0,"cards_obtained":["Core Surge"]}],"is_beta":false,"boss_relics":[{"not_picked":["Fusion Hammer","Cursed Key"],"picked":"Pandora\u0027s Box"},{"not_picked":["White Beast Statue","Velvet Choker"],"picked":"Lizard Tail"}],"items_purged_floors":[20],"is_endless":false,"potions_floor_spawned":[1,11,12,16,18,22,29,33,35,37,40],"ascension_level":20}