{"gold_per_floor":[119,130,149,224,9,9,27,27,54,54,65,91,91,118,118,118],"floor_reached":16,"playtime":674,"items_purged":[],"score":187,"play_id":"83efc00e-6217-404e-822a-8c2a5b6ba385","local_time":"20190419231519","is_ascension_mode":true,"campfire_choices":[{"data":"Body Slam","floor":6,"key":"SMITH"},{"data":"True Grit","floor":8,"key":"SMITH"},{"data":"Uppercut","floor":10,"key":"SMITH"},{"data":"Whirlwind","floor":13,"key":"SMITH"},{"floor":15,"key":"REST"}],"neow_cost":"NONE","seed_source_timestamp":655525368780900,"circlet_count":0,"master_deck":["AscendersBane","Strike_R","Strike_R","Strike_R","Strike_R","Strike_R","Defend_R","Defend_R","Defend_R","Defend_R","Bash","True Grit+1","Uppercut+1","Body Slam+1","Hemokinesis","Shrug It Off","Whirlwind+1"],"relics":["Burning Blood","Membership Card","Boot","WingedGreaves"],"potions_floor_usage":[14,14,16],"damage_taken":[{"damage":3,"enemies":"Jaw Worm","floor":1,"turns":5},{"damage":1,"enemies":"Small Slimes","floor":2,"turns":5},{"damage":4,"enemies":"Cultist","floor":3,"turns":3},{"damage":7,"enemies":"2 Fungi Beasts","floor":7,"turns":3},{"damage":6,"enemies":"Looter","floor":11,"turns":2},{"damage":33,"enemies":"Gremlin Nob","floor":12,"turns":4},{"damage":45,"enemies":"Lagavulin","floor":14,"turns":8},{"damage":39,"enemies":"Slime Boss","floor":16,"turns":10}],"seed_played":"7652803873822406025","potions_obtained":[{"floor":1,"key":"Ancient Potion"},{"floor":12,"key":"Fruit Juice"},{"floor":14,"key":"SpeedPotion"}],"is_trial":false,"path_per_floor":["M","M","M","?","$","R","M","R","T","R","M","E","R","E","R","B"],"character_chosen":"IRONCLAD","items_purchased":["Membership Card","Hemokinesis"],"campfire_rested":1,"item_purchase_floors":[5,5],"current_hp_per_floor":[78,82,82,71,71,71,70,70,70,70,70,43,43,9,35,0],"gold":118,"neow_bonus":"TEN_PERCENT_HP_BONUS","is_prod":false,"is_daily":false,"chose_seed":false,"campfire_upgraded":4,"win_rate":0,"timestamp":1555704919,"path_taken":["M","M","M","?","$","R","M","R","T","R","M","E","R","E","R","BOSS"],"build_version":"2019-01-23","purchased_purges":0,"victory":false,"max_hp_per_floor":[82,82,82,82,82,82,82,82,82,82,82,82,82,87,87,87],"card_choices":[{"not_picked":["Metallicize","Reckless Charge"],"picked":"True Grit","floor":1},{"not_picked":["Iron Wave","Reckless Charge"],"picked":"Uppercut","floor":2},{"not_picked":["Battle Trance","Anger"],"picked":"Body Slam","floor":3},{"not_picked":["Infernal Blade","Headbutt","Perfected Strike"],"picked":"SKIP","floor":7},{"not_picked":["Limit Break","Clash"],"picked":"Shrug It Off","floor":11},{"not_picked":["Dual Wield","Disarm"],"picked":"Whirlwind","floor":12},{"not_picked":["Combust","Body Slam","Anger"],"picked":"SKIP","floor":14}],"player_experience":310599,"relics_obtained":[{"floor":12,"key":"Boot"},{"floor":14,"key":"WingedGreaves"}],"event_choices":[{"damage_healed":0,"gold_gain":75,"player_choice":"Gather Gold","damage_taken":11,"max_hp_gain":0,"max_hp_loss":0,"event_name":"World of Goop","floor":4,"gold_loss":0}],"is_beta":false,"boss_relics":[],"items_purged_floors":[],"is_endless":false,"potions_floor_spawned":[1,12,14],"killed_by":"Slime Boss","ascension_level":14}