{"gold_per_floor":[118,118,193,205,205,205,232,232,232,288,139,162,162,180,180,252,252,271,371,98,13,13,13,29,29,29,44,91,107,137,150,150,225,225,242,50,70,292,115,133,133,167,191,224,224,28,38,55,55,55],"floor_reached":51,"playtime":2034,"items_purged":["Strike_G","Strike_G"],"score":1301,"play_id":"467eae4a-6f0f-4f23-8fd7-1af091e4f28f","local_time":"20190228151922","is_ascension_mode":true,"campfire_choices":[{"data":"Dagger Spray","floor":6.0,"key":"SMITH"},{"data":"Cloak And Dagger","floor":8.0,"key":"SMITH"},{"data":"Noxious Fumes","floor":13.0,"key":"SMITH"},{"data":"Finisher","floor":15.0,"key":"SMITH"},{"data":"1","floor":23.0,"key":"LIFT"},{"data":"2","floor":25.0,"key":"LIFT"},{"floor":32.0,"key":"REST"},{"floor":41,"key":"REST"},{"data":"Apotheosis","floor":45,"key":"SMITH"},{"floor":49,"key":"REST"}],"neow_cost":"NONE","seed_source_timestamp":25907431180874,"circlet_count":0,"master_deck":["AscendersBane","Defend_G","Defend_G","Defend_G","Defend_G","Defend_G","Strike_G","Strike_G","Strike_G","Survivor","Neutralize+1","Cloak And Dagger+1","Dagger Spray+1","Finisher+1","Noxious Fumes+1","Infinite Blades","Backstab","Malaise","PiercingWail","Calculated Gamble","Footwork","Cloak And Dagger","Dagger Spray","Adrenaline","Dagger Spray","Leg Sweep","Blur","Glass Knife","Backflip+1","Apotheosis+1","Deflect","Well Laid Plans","Backflip","Cloak And Dagger+1","Backstab","Accuracy","Footwork","Terror+1","Terror+1"],"special_seed":0,"relics":["Ring of the Serpent","Art of War","Dream Catcher","Ornamental Fan","Tiny Chest","Orichalcum","Sozu","Girya","Question Card","Bag of Preparation","Bag of Marbles","Dodecahedron","Blood Vial","Red Mask","Smiling Mask","Oddly Smooth Stone","Bronze Scales","DollysMirror"],"potions_floor_usage":[],"damage_taken":[{"damage":2.0,"enemies":"2 Louse","floor":1.0,"turns":5.0},{"damage":5.0,"enemies":"Jaw Worm","floor":4.0,"turns":7.0},{"damage":18.0,"enemies":"Lagavulin","floor":7.0,"turns":9.0},{"damage":0.0,"enemies":"3 Sentries","floor":10.0,"turns":5.0},{"damage":0.0,"enemies":"Cultist","floor":14.0,"turns":2.0},{"damage":16.0,"enemies":"The Guardian","floor":16.0,"turns":11.0},{"damage":15.0,"enemies":"2 Thieves","floor":18.0,"turns":5.0},{"damage":22.0,"enemies":"Colosseum Slavers","floor":19.0,"turns":5.0},{"damage":1.0,"enemies":"Colosseum Nobs","floor":19.0,"turns":4.0},{"damage":0.0,"enemies":"Chosen","floor":24.0,"turns":2.0},{"damage":0.0,"enemies":"Shelled Parasite and Fungi","floor":27.0,"turns":2.0},{"damage":9.0,"enemies":"Sentry and Sphere","floor":29.0,"turns":4.0},{"damage":0.0,"enemies":"Masked Bandits","floor":30.0,"turns":1.0},{"damage":0.0,"enemies":"Snecko","floor":31.0,"turns":4.0},{"damage":23.0,"enemies":"Collector","floor":33.0,"turns":11.0},{"damage":7.0,"enemies":"3 Darklings","floor":35.0,"turns":4.0},{"damage":0.0,"enemies":"Orb Walker","floor":37.0,"turns":2.0},{"damage":15,"enemies":"3 Darklings","floor":40,"turns":4},{"damage":6,"enemies":"Giant Head","floor":42,"turns":7},{"damage":2,"enemies":"Reptomancer","floor":44,"turns":4},{"damage":18,"enemies":"Transient","floor":47,"turns":5},{"damage":0,"enemies":"Jaw Worm Horde","floor":48,"turns":4},{"damage":41,"enemies":"Time Eater","floor":50,"turns":14}],"seed_played":"4673386841254193366","potions_obtained":[{"floor":1.0,"key":"SteroidPotion"},{"floor":4.0,"key":"Energy Potion"},{"floor":7.0,"key":"Explosive Potion"},{"floor":16.0,"key":"AttackPotion"}],"is_trial":false,"path_per_floor":["M","?","?","M","?","R","E","R","T","E","$","T","R","M","R","B",null,"M","?","$","?","$","R","M","R","T","M","T","M","?","M","R","B",null,"M","$","M","?","$","M","R","E","T","E","R","$","M","M","R","B",null],"character_chosen":"THE_SILENT","items_purchased":["Infinite Blades","Footwork","Cloak And Dagger","Bag of Preparation","Apotheosis","Well Laid Plans","DollysMirror"],"campfire_rested":3,"item_purchase_floors":[11,20,20,20,36,39,46],"current_hp_per_floor":[57,57,46,41,41,41,23,23,23,23,23,23,23,23,23,7,51,36,13,13,13,13,13,13,13,13,13,13,6,8,10,29,8,52,47,47,49,49,49,36,55,51,51,51,51,51,35,37,56,17],"gold":55,"neow_bonus":"RANDOM_COMMON_RELIC","is_prod":false,"is_daily":false,"chose_seed":false,"campfire_upgraded":5,"win_rate":0,"timestamp":1551395962,"path_taken":["M","?","?","M","?","R","E","R","T","E","$","?","R","?","R","BOSS","M","?","$","?","?","R","M","R","T","?","?","M","?","M","R","BOSS","M","$","M","?","$","M","R","E","T","E","R","$","M","M","R","BOSS"],"build_version":"2019-01-23","purchased_purges":2,"victory":true,"max_hp_per_floor":[66,66,66,66,66,66,66,66,66,66,66,66,66,66,66,66,66,66,66,66,66,66,66,66,66,66,66,66,66,66,66,66,66,66,66,66,66,66,66,66,66,66,66,66,66,66,66,66,66,66],"card_choices":[{"not_picked":["Catalyst","Deflect"],"picked":"Cloak And Dagger","floor":1.0},{"not_picked":["Endless Agony","Accuracy"],"picked":"Dagger Spray","floor":4.0},{"not_picked":["Underhanded Strike","Outmaneuver"],"picked":"Finisher","floor":7.0},{"not_picked":["Dash","Eviscerate"],"picked":"Noxious Fumes","floor":10.0},{"not_picked":["Deflect","Eviscerate"],"picked":"Backstab","floor":14.0},{"not_picked":["Doppelganger","Corpse Explosion"],"picked":"Malaise","floor":16.0},{"not_picked":["Reflex","Bouncing Flask"],"picked":"PiercingWail","floor":18.0},{"not_picked":["Bane","Skewer"],"picked":"Calculated Gamble","floor":19.0},{"not_picked":["Escape Plan","Bane","Quick Slash"],"picked":"Dagger Spray","floor":24.0},{"not_picked":["Quick Slash","Well Laid Plans","Poisoned Stab"],"picked":"Adrenaline","floor":27.0},{"not_picked":["Acrobatics","Deadly Poison","Dash","Flying Knee"],"picked":"SKIP","floor":29.0},{"not_picked":["Escape Plan","Prepared","Noxious Fumes"],"picked":"Dagger Spray","floor":30.0},{"not_picked":["Setup","Riddle With Holes","Caltrops"],"picked":"Leg Sweep","floor":31.0},{"not_picked":["Bane","Prepared","Dodge and Roll"],"picked":"Blur","floor":32.0},{"not_picked":["Venomology","Die Die Die","Grand Finale"],"picked":"Glass Knife","floor":33.0},{"not_picked":["Slice","Dash","Quick Slash"],"picked":"Backflip+1","floor":35.0},{"not_picked":["Outmaneuver","Dagger Spray","Bouncing Flask"],"picked":"Deflect","floor":37.0},{"not_picked":["Heel Hook","Underhanded Strike","Flying Knee"],"picked":"Backflip","floor":40},{"not_picked":["Dagger Throw","Backflip","Acrobatics"],"picked":"Cloak And Dagger+1","floor":41},{"not_picked":["Flying Knee","Sucker Punch","Calculated Gamble+1"],"picked":"Backstab","floor":42},{"not_picked":["Eviscerate+1","Concentrate","Flying Knee+1"],"picked":"Accuracy","floor":44},{"not_picked":["Quick Slash","Blade Dance","Flying Knee","Bane"],"picked":"SKIP","floor":47},{"not_picked":["Noxious Fumes","Deflect+1","A Thousand Cuts"],"picked":"Terror+1","floor":48},{"not_picked":["Prepared","Outmaneuver","Flying Knee"],"picked":"Terror+1","floor":49}],"player_experience":2289970,"relics_obtained":[{"floor":7.0,"key":"Dream Catcher"},{"floor":9.0,"key":"Ornamental Fan"},{"floor":10.0,"key":"Tiny Chest"},{"floor":12.0,"key":"Orichalcum"},{"floor":19.0,"key":"Girya"},{"floor":19.0,"key":"Question Card"},{"floor":26.0,"key":"Dodecahedron"},{"floor":28.0,"key":"Blood Vial"},{"floor":30.0,"key":"Red Mask"},{"floor":42,"key":"Smiling Mask"},{"floor":43,"key":"Oddly Smooth Stone"},{"floor":44,"key":"Bronze Scales"}],"event_choices":[{"damage_healed":0.0,"max_hp_gain":0.0,"max_hp_loss":0.0,"gold_gain":0.0,"event_name":"The Cleric","player_choice":"Leave","floor":2.0,"gold_loss":0.0,"damage_taken":0.0},{"damage_healed":0.0,"max_hp_gain":0.0,"max_hp_loss":0.0,"gold_gain":75.0,"event_name":"World of Goop","player_choice":"Gather Gold","floor":3.0,"gold_loss":0.0,"damage_taken":11.0},{"damage_healed":0.0,"max_hp_gain":0.0,"max_hp_loss":0.0,"gold_gain":0.0,"event_name":"Living Wall","player_choice":"Grow","floor":5.0,"gold_loss":0.0,"damage_taken":0.0,"cards_upgraded":["Neutralize"]},{"damage_healed":0.0,"max_hp_gain":0.0,"max_hp_loss":0.0,"gold_gain":0.0,"event_name":"Colosseum","player_choice":"Fight","floor":19.0,"gold_loss":0.0,"damage_taken":0.0},{"damage_healed":0.0,"max_hp_gain":0.0,"max_hp_loss":0.0,"gold_gain":0.0,"event_name":"Colosseum","player_choice":"Fought Nobs","floor":19.0,"gold_loss":0.0,"damage_taken":0.0},{"damage_healed":0.0,"max_hp_gain":0.0,"max_hp_loss":0.0,"gold_gain":0.0,"event_name":"Addict","player_choice":"Obtained Relic","floor":21.0,"gold_loss":85.0,"damage_taken":0.0,"relics_obtained":["Bag of Marbles"]},{"damage_healed":0.0,"max_hp_gain":0.0,"max_hp_loss":0.0,"gold_gain":0.0,"event_name":"Masked Bandits","player_choice":"Fought Bandits","floor":30.0,"gold_loss":0.0,"damage_taken":0.0},{"damage_healed":0.0,"max_hp_gain":0.0,"max_hp_loss":0.0,"gold_gain":222.0,"event_name":"Tomb of Lord Red Mask","player_choice":"Wore Mask","floor":38.0,"gold_loss":0.0,"damage_taken":0.0}],"is_beta":false,"boss_relics":[{"not_picked":["Orrery","Ectoplasm"],"picked":"Sozu"},{"not_picked":["Runic Pyramid","Lizard Tail"],"picked":"Ring of the Serpent"}],"items_purged_floors":[11,39],"is_endless":false,"potions_floor_spawned":[1,4,7,16,19,24,29,31,33,35,37,44,47],"ascension_level":15}