{"gold_per_floor":[109,128,203,203,216,216,232,251,251,251,263,296,296,370,370,370],"floor_reached":16,"playtime":459,"items_purged":[],"score":179,"play_id":"2de72ed8-b61f-47ee-9f7e-46b7928bce94","local_time":"20181019204209","is_ascension_mode":true,"campfire_choices":[{"data":"True Grit","floor":6.0,"key":"SMITH"},{"data":"Dark Embrace","floor":10.0,"key":"SMITH"},{"data":"Armaments","floor":13.0,"key":"SMITH"},{"data":"Wild Strike","floor":15.0,"key":"SMITH"}],"neow_cost":"NONE","seed_source_timestamp":45042797233310,"circlet_count":0,"master_deck":["Strike_R","Strike_R","Strike_R","Strike_R","Strike_R","Defend_R","Defend_R","Defend_R","Defend_R","Bash+1","AscendersBane","Clothesline","True Grit+1","Headbutt","Sword Boomerang","Dark Embrace+1","Armaments+1","Wild Strike+1"],"special_seed":0,"relics":["Burning Blood","Art of War","Bag of Marbles"],"potions_floor_usage":[16],"damage_taken":[{"damage":0.0,"enemies":"Small Slimes","floor":1.0,"turns":3.0},{"damage":0.0,"enemies":"Cultist","floor":2.0,"turns":3.0},{"damage":9.0,"enemies":"2 Louse","floor":5.0,"turns":3.0},{"damage":8.0,"enemies":"Looter","floor":7.0,"turns":4.0},{"damage":1.0,"enemies":"2 Fungi Beasts","floor":8.0,"turns":4.0},{"damage":30.0,"enemies":"Exordium Wildlife","floor":11.0,"turns":5.0},{"damage":29.0,"enemies":"Gremlin Nob","floor":12.0,"turns":5.0},{"damage":37,"enemies":"Hexaghost","floor":16,"turns":9}],"seed_played":"3442141031646188104","potions_obtained":[{"floor":5.0,"key":"AttackPotion"},{"floor":8.0,"key":"Regen Potion"},{"floor":11.0,"key":"Fruit Juice"}],"is_trial":false,"path_per_floor":["M","M","?","?","M","R","M","M","T","R","M","E","R","?","R"],"character_chosen":"IRONCLAD","items_purchased":[],"campfire_rested":0,"item_purchase_floors":[],"current_hp_per_floor":[74,75,64,64,61,61,59,64,64,64,45,22,22,22,22,0],"gold":370,"neow_bonus":"UPGRADE_CARD","is_prod":false,"is_daily":false,"chose_seed":false,"campfire_upgraded":4,"win_rate":0,"timestamp":1540006929,"path_taken":["M","M","?","?","M","R","M","M","T","R","M","E","R","?","R","BOSS"],"build_version":"2018-10-18","purchased_purges":0,"victory":false,"max_hp_per_floor":[75,75,75,75,75,75,75,75,75,75,80,80,80,80,80,80],"card_choices":[{"not_picked":["Iron Wave","Shockwave"],"picked":"Clothesline","floor":1.0},{"not_picked":["Shockwave","Bludgeon"],"picked":"True Grit","floor":2.0},{"not_picked":["Carnage","Armaments"],"picked":"Headbutt","floor":5.0},{"not_picked":["Ghostly Armor","Perfected Strike"],"picked":"Sword Boomerang","floor":7.0},{"not_picked":["Sword Boomerang","Perfected Strike"],"picked":"Dark Embrace","floor":8.0},{"not_picked":["Clothesline","Warcry"],"picked":"Armaments","floor":11.0},{"not_picked":["Sever Soul","Clothesline"],"picked":"Wild Strike","floor":12.0}],"player_experience":1398731,"relics_obtained":[{"floor":9.0,"key":"Art of War"},{"floor":12.0,"key":"Bag of Marbles"}],"event_choices":[{"damage_healed":0.0,"max_hp_gain":0.0,"max_hp_loss":0.0,"gold_gain":75.0,"event_name":"World of Goop","player_choice":"Gather Gold","floor":3.0,"gold_loss":0.0,"damage_taken":11.0},{"damage_healed":0.0,"max_hp_gain":0.0,"max_hp_loss":0.0,"gold_gain":0.0,"event_name":"Liars Game","player_choice":"Ignored","floor":4.0,"gold_loss":0.0,"damage_taken":0.0},{"damage_healed":0.0,"max_hp_gain":0.0,"max_hp_loss":0.0,"gold_gain":74.0,"event_name":"Golden Wing","player_choice":"Gained Gold","floor":14.0,"gold_loss":0.0,"damage_taken":0.0}],"is_beta":false,"boss_relics":[],"items_purged_floors":[],"is_endless":false,"potions_floor_spawned":[5,8,11],"killed_by":"Hexaghost","ascension_level":15}