{"gold_per_floor":[114,114,131,131,144,175,194,222,222,255,255,255,255,269,269,346,346,363,276,276,307,319,319,337,372,372,372,372,397,413,446,446,523,523,535,757,770,787,887,887,915,926,926,764,775,203,229,241,241,241,241],"floor_reached":52,"playtime":2889,"items_purged":[],"score":2105,"play_id":"3ef96675-dfa9-488d-b1c9-0216b6e07194","local_time":"20181109203118","daily_mods":["SealedDeck"],"is_ascension_mode":true,"campfire_choices":[{"data":"Cloak And Dagger","floor":11.0,"key":"SMITH"},{"data":"Blade Dance","floor":13.0,"key":"SMITH"},{"floor":15.0,"key":"REST"},{"floor":23.0,"key":"REST"},{"floor":27.0,"key":"REST"},{"floor":28.0,"key":"REST"},{"floor":32.0,"key":"REST"},{"data":"Envenom","floor":40.0,"key":"SMITH"},{"floor":49,"key":"REST"}],"neow_cost":"","seed_source_timestamp":0,"circlet_count":0,"master_deck":["AscendersBane","Sucker Punch","Dagger Throw","Dodge and Roll","Escape Plan","Dagger Throw+1","Sucker Punch","Dodge and Roll+1","Deflect+1","Backstab","Blur","Blur","Blade Dance+1","Cloak And Dagger+1","Envenom+1","Terror+1","Finisher","Backflip","Leg Sweep+1","A Thousand Cuts+1","Backflip","Cloak And Dagger+1","Choke","Accuracy+1","Dodge and Roll"],"special_seed":0,"relics":["Ring of the Snake","Bronze Scales","Dream Catcher","Matryoshka","WingedGreaves","Philosopher\u0027s Stone","Red Mask","Thread and Needle","Strawberry","Frozen Egg 2","War Paint","Happy Flower","Busted Crown","Calipers","Oddly Smooth Stone","Snake Skull","Darkstone Periapt","Vajra","DollysMirror","Regal Pillow","Dead Branch"],"potions_floor_usage":[50,51],"damage_taken":[{"damage":0.0,"enemies":"Cultist","floor":1.0,"turns":3.0},{"damage":0.0,"enemies":"Small Slimes","floor":3.0,"turns":2.0},{"damage":0.0,"enemies":"2 Louse","floor":5.0,"turns":2.0},{"damage":20.0,"enemies":"Gremlin Nob","floor":6.0,"turns":4.0},{"damage":0.0,"enemies":"2 Fungi Beasts","floor":7.0,"turns":3.0},{"damage":0.0,"enemies":"3 Sentries","floor":8.0,"turns":9.0},{"damage":1.0,"enemies":"Gremlin Nob","floor":10.0,"turns":4.0},{"damage":0.0,"enemies":"Looter","floor":14.0,"turns":2.0},{"damage":14.0,"enemies":"Slime Boss","floor":16.0,"turns":9.0},{"damage":2.0,"enemies":"3 Byrds","floor":18.0,"turns":4.0},{"damage":27.0,"enemies":"Masked Bandits","floor":21.0,"turns":5.0},{"damage":0.0,"enemies":"Chosen","floor":22.0,"turns":3.0},{"damage":0.0,"enemies":"3 Cultists","floor":24.0,"turns":5.0},{"damage":40.0,"enemies":"Gremlin Leader","floor":25.0,"turns":5.0},{"damage":26.0,"enemies":"Slavers","floor":29.0,"turns":8.0},{"damage":6.0,"enemies":"Shelled Parasite and Fungi","floor":30.0,"turns":5.0},{"damage":9.0,"enemies":"Book of Stabbing","floor":31.0,"turns":3.0},{"damage":9.0,"enemies":"Champ","floor":33.0,"turns":12.0},{"damage":0.0,"enemies":"Orb Walker","floor":35.0,"turns":3.0},{"damage":0.0,"enemies":"3 Shapes","floor":37.0,"turns":3.0},{"damage":12.0,"enemies":"Spire Growth","floor":38.0,"turns":3.0},{"damage":0.0,"enemies":"Mind Bloom Boss Battle","floor":39.0,"turns":5.0},{"damage":1.0,"enemies":"Nemesis","floor":41.0,"turns":5.0},{"damage":0.0,"enemies":"Jaw Worm Horde","floor":42.0,"turns":3.0},{"damage":2.0,"enemies":"Transient","floor":45.0,"turns":6.0},{"damage":0.0,"enemies":"Giant Head","floor":47.0,"turns":6.0},{"damage":0,"enemies":"Spire Growth","floor":48,"turns":3},{"damage":0,"enemies":"Awakened One","floor":50,"turns":15},{"damage":30,"enemies":"Time Eater","floor":51,"turns":12}],"seed_played":"-917123939114335066","potions_obtained":[{"floor":1.0,"key":"Dexterity Potion"},{"floor":3.0,"key":"Poison Potion"},{"floor":10.0,"key":"Fire Potion"},{"floor":14.0,"key":"FearPotion"},{"floor":21.0,"key":"Fire Potion"},{"floor":22.0,"key":"FearPotion"},{"floor":31.0,"key":"AttackPotion"},{"floor":39.0,"key":"Dexterity Potion"},{"floor":41.0,"key":"GamblersBrew"},{"floor":42.0,"key":"Dexterity Potion"}],"is_trial":true,"path_per_floor":["M","?","M","?","M","E","M","E","T","E","R","$","R","M","R","B",null,"M","$","?","?","?","M","R","M","E","T","R","R","E","M","E","R","B",null,"M","?","M","M","?","R","E","M","T","$","M","$","E","E","M","R","B","B",null],"character_chosen":"THE_SILENT","items_purchased":["Terror","Vajra","DollysMirror","Regal Pillow","Choke","Accuracy+1","Dodge and Roll"],"campfire_rested":6,"item_purchase_floors":[19,44,46,46,46,46,46],"current_hp_per_floor":[59,39,39,39,39,19,19,19,19,18,18,18,18,18,37,23,55,53,53,53,26,26,45,45,5,12,33,54,28,22,13,34,25,61,61,61,61,49,49,49,48,48,48,48,46,46,46,46,73,73,43],"gold":241,"neow_bonus":"","is_prod":false,"is_daily":false,"chose_seed":true,"campfire_upgraded":3,"win_rate":0,"timestamp":1541824278,"path_taken":["M","?","M","?","M","E","M","E","T","E","R","$","R","?","R","BOSS","M","$","?","?","M","R","M","E","T","R","R","E","?","E","R","BOSS","M","?","M","M","?","R","E","M","T","$","M","$","E","M","R","BOSS","BOSS"],"build_version":"2018-11-08","purchased_purges":0,"victory":true,"max_hp_per_floor":[66,66,66,66,66,66,66,66,66,66,66,66,66,66,66,66,66,66,66,66,66,66,66,66,66,73,73,73,73,73,73,73,73,73,73,73,73,73,73,73,73,73,73,73,73,73,73,73,73,73,73],"card_choices":[{"not_picked":["Tactician","Slice","Outmaneuver"],"picked":"SKIP","floor":1.0},{"not_picked":["Riddle With Holes","Noxious Fumes","Tactician"],"picked":"SKIP","floor":3.0},{"not_picked":["Backstab","PiercingWail"],"picked":"Blur","floor":5.0},{"not_picked":["Acrobatics","PiercingWail","Tactician"],"picked":"SKIP","floor":6.0},{"not_picked":["Deadly Poison","Bane"],"picked":"Blade Dance","floor":7.0},{"not_picked":["Backflip","PiercingWail","Catalyst"],"picked":"SKIP","floor":8.0},{"not_picked":["All Out Attack","Backflip"],"picked":"Cloak And Dagger","floor":10.0},{"not_picked":["Endless Agony","Underhanded Strike","Skewer"],"picked":"SKIP","floor":14.0},{"not_picked":["Tools of the Trade","Glass Knife"],"picked":"Envenom","floor":16.0},{"not_picked":["Escape Plan","Blade Dance","Deflect"],"picked":"SKIP","floor":18.0},{"not_picked":["Backstab","Poisoned Stab"],"picked":"Backflip","floor":21.0},{"not_picked":["Prepared","Crippling Poison","Dodge and Roll"],"picked":"SKIP","floor":22.0},{"not_picked":["Choke+1","After Image"],"picked":"Leg Sweep+1","floor":24.0},{"not_picked":["Slice+1","Quick Slash","Dash"],"picked":"SKIP","floor":25.0},{"not_picked":["Infinite Blades+1","Quick Slash","Heel Hook"],"picked":"SKIP","floor":29.0},{"not_picked":["Choke","Dodge and Roll","Envenom+1"],"picked":"SKIP","floor":30.0},{"not_picked":["Flying Knee","Acrobatics","Finisher"],"picked":"SKIP","floor":31.0},{"not_picked":["Storm of Steel","Phantasmal Killer"],"picked":"A Thousand Cuts+1","floor":33.0},{"not_picked":[],"picked":"Backflip","floor":35.0},{"not_picked":["Prepared"],"picked":"SKIP","floor":37.0},{"not_picked":["Quick Slash"],"picked":"SKIP","floor":38.0},{"not_picked":["Setup"],"picked":"SKIP","floor":41.0},{"not_picked":["Dodge and Roll"],"picked":"SKIP","floor":42.0},{"not_picked":["Flying Knee+1"],"picked":"SKIP","floor":45.0},{"not_picked":["Acrobatics"],"picked":"SKIP","floor":47},{"not_picked":["Envenom+1"],"picked":"SKIP","floor":48}],"player_experience":1616901,"relics_obtained":[{"floor":6.0,"key":"Bronze Scales"},{"floor":8.0,"key":"Dream Catcher"},{"floor":9.0,"key":"Matryoshka"},{"floor":10.0,"key":"WingedGreaves"},{"floor":21.0,"key":"Red Mask"},{"floor":25.0,"key":"Thread and Needle"},{"floor":26.0,"key":"Strawberry"},{"floor":26.0,"key":"Frozen Egg 2"},{"floor":29.0,"key":"War Paint"},{"floor":31.0,"key":"Happy Flower"},{"floor":39.0,"key":"Calipers"},{"floor":41.0,"key":"Oddly Smooth Stone"},{"floor":43.0,"key":"Snake Skull"},{"floor":43.0,"key":"Darkstone Periapt"},{"floor":47,"key":"Dead Branch"}],"event_choices":[{"damage_healed":0.0,"max_hp_gain":0.0,"max_hp_loss":0.0,"gold_gain":0.0,"event_name":"Shining Light","player_choice":"Entered Light","floor":2.0,"gold_loss":0.0,"damage_taken":20.0,"cards_upgraded":["Dodge and Roll","Dagger Throw"]},{"damage_healed":0.0,"max_hp_gain":0.0,"max_hp_loss":0.0,"gold_gain":0.0,"event_name":"FaceTrader","player_choice":"Leave","floor":4.0,"gold_loss":0.0,"damage_taken":0.0},{"damage_healed":0.0,"max_hp_gain":0.0,"max_hp_loss":0.0,"gold_gain":0.0,"event_name":"The Library","player_choice":"Read","floor":20.0,"gold_loss":0.0,"damage_taken":0.0,"cards_obtained":["Finisher"]},{"damage_healed":0.0,"max_hp_gain":0.0,"max_hp_loss":0.0,"gold_gain":0.0,"event_name":"Masked Bandits","player_choice":"Fought Bandits","floor":21.0,"gold_loss":0.0,"damage_taken":0.0},{"damage_healed":0.0,"max_hp_gain":0.0,"max_hp_loss":0.0,"gold_gain":0.0,"event_name":"Beggar","player_choice":"Ignored","floor":21.0,"gold_loss":0.0,"damage_taken":0.0},{"damage_healed":0.0,"max_hp_gain":0.0,"max_hp_loss":0.0,"gold_gain":222.0,"event_name":"Tomb of Lord Red Mask","player_choice":"Wore Mask","floor":36.0,"gold_loss":0.0,"damage_taken":0.0},{"damage_healed":0.0,"max_hp_gain":0.0,"max_hp_loss":0.0,"gold_gain":0.0,"event_name":"MindBloom","player_choice":"Fight","floor":39.0,"gold_loss":0.0,"damage_taken":0.0}],"is_beta":false,"boss_relics":[{"not_picked":["Cursed Key","Snecko Eye"],"picked":"Philosopher\u0027s Stone"},{"not_picked":["Calling Bell","Runic Dome"],"picked":"Busted Crown"}],"items_purged_floors":[],"is_endless":false,"potions_floor_spawned":[1,3,5,10,14,21,22,31,39,41,42,45],"ascension_level":20}