{"gold_per_floor":[116,132,132,146,68,99,99,99,122,122,38,38,63,77,77,154,154,172,184,211,211,227,227,242,242,242,242],"floor_reached":27,"playtime":1649,"items_purged":[],"score":387,"play_id":"4f76a5e7-f558-419e-855e-2631ea1e4734","local_time":"20180718130944","is_ascension_mode":true,"campfire_choices":[{"data":"Dualcast","floor":8,"key":"SMITH"},{"data":"Glacier","floor":10,"key":"SMITH"},{"data":"Go for the Eyes","floor":12,"key":"SMITH"},{"data":"Gash","floor":15,"key":"SMITH"},{"floor":23,"key":"REST"}],"neow_cost":"NONE","seed_source_timestamp":17367634080410,"circlet_count":0,"master_deck":["Strike_B+1","Strike_B+1","Defend_B","Defend_B","Defend_B","Zap+1","Dualcast+1","AscendersBane","Cold Snap","Glacier+1","Leap","Go for the Eyes+1","Sweeping Beam","Scrape","Gash+1","Conserve Battery","Machine Learning","Streamline+1","Coolheaded+1","Redo+1","Capacitor","Recycle","Leap+1","Darkness","Gash"],"special_seed":0,"relics":["Cracked Core","Whetstone","Lantern","Potion Belt","Oddly Smooth Stone","Astrolabe","Red Mask","Bottled Flame","Peace Pipe"],"potions_floor_usage":[6,16,20,20,22,22],"damage_taken":[{"damage":0.0,"enemies":"Small Slimes","floor":1.0,"turns":3.0},{"damage":4.0,"enemies":"2 Louse","floor":2.0,"turns":3.0},{"damage":6,"enemies":"Jaw Worm","floor":4,"turns":4},{"damage":5,"enemies":"Gremlin Nob","floor":6,"turns":4},{"damage":4,"enemies":"Lagavulin","floor":13,"turns":7},{"damage":8,"enemies":"Looter","floor":14,"turns":3},{"damage":40,"enemies":"Slime Boss","floor":16,"turns":14},{"damage":0,"enemies":"Spheric Guardian","floor":18,"turns":3},{"damage":12,"enemies":"2 Thieves","floor":19,"turns":4},{"damage":20,"floor":20,"turns":6},{"damage":19,"enemies":"Cultist and Chosen","floor":22,"turns":10},{"damage":38,"enemies":"Chosen and Byrds","floor":24,"turns":7},{"damage":6,"enemies":"Snake Plant","floor":27,"turns":1}],"seed_played":"-6098996724527827356","potions_obtained":[{"floor":1.0,"key":"AttackPotion"},{"floor":13,"key":"GamblersBrew"},{"floor":14,"key":"Regen Potion"},{"floor":16,"key":"PowerPotion"},{"floor":19,"key":"Weak Potion"},{"floor":20,"key":"Weak Potion"},{"floor":24,"key":"Energy Potion"}],"is_trial":false,"path_per_floor":["M","M","?","M","$","E","?","R","T","R","$","R","E","M","R","B",null,"M","M","?","?","M","R","M","T","T"],"character_chosen":"DEFECT","items_purchased":["Go for the Eyes","Sweeping Beam","Scrape","Gash"],"campfire_rested":1,"item_purchase_floors":[5,5,11,11],"current_hp_per_floor":[64,60,60,54,54,49,49,49,49,49,49,49,45,37,37,12,56,56,44,24,38,19,40,2,2,2,0],"gold":242,"neow_bonus":"RANDOM_COMMON_RELIC","is_prod":false,"is_daily":false,"chose_seed":false,"campfire_upgraded":4,"win_rate":0,"timestamp":1531944584,"path_taken":["M","M","?","M","$","E","?","R","T","R","$","R","E","M","R","BOSS","M","?","?","?","M","R","M","?","T","M"],"build_version":"2018-07-12","purchased_purges":0,"victory":false,"max_hp_per_floor":[71,71,71,71,71,71,71,71,71,71,71,71,71,71,71,71,71,71,71,71,71,71,71,71,71,71,71],"card_choices":[{"not_picked":["Self Repair","FTL"],"picked":"Cold Snap","floor":1.0},{"not_picked":["Rebound","Coolheaded"],"picked":"Glacier","floor":2.0},{"not_picked":["Tempest","Ball Lightning"],"picked":"Leap","floor":4},{"not_picked":["Hello World","Coolheaded","Doom and Gloom"],"picked":"SKIP","floor":6},{"not_picked":["Sweeping Beam","Compile Driver","Rip and Tear"],"picked":"SKIP","floor":13},{"not_picked":["Doom and Gloom","Beam Cell"],"picked":"Conserve Battery","floor":14},{"not_picked":["Seek","Buffer"],"picked":"Machine Learning","floor":16},{"not_picked":["Compile Driver","Stack"],"picked":"Capacitor","floor":18},{"not_picked":["Recycle","Streamline+1","Ball Lightning"],"picked":"SKIP","floor":19},{"not_picked":["Streamline+1","Ball Lightning"],"picked":"Recycle","floor":19},{"not_picked":["Barrage","Sunder"],"picked":"Leap+1","floor":20},{"not_picked":["Self Repair","Core Surge"],"picked":"Darkness","floor":22},{"not_picked":["Capacitor","Sweeping Beam"],"picked":"Gash","floor":24}],"player_experience":790314,"relics_obtained":[{"floor":6,"key":"Lantern"},{"floor":9,"key":"Potion Belt"},{"floor":13,"key":"Oddly Smooth Stone"},{"floor":20,"key":"Red Mask"},{"floor":25,"key":"Bottled Flame"},{"floor":26,"key":"Peace Pipe"}],"event_choices":[{"event_name":"Scrap Ooze","player_choice":"unsuccessful","floor":3,"damage_taken":0},{"event_name":"Living Wall","player_choice":"Grow","floor":7,"damage_taken":0},{"event_name":"Masked Bandits","player_choice":"Fought over 184 gold","floor":20,"damage_taken":0},{"event_name":"The Library","player_choice":"Heal","floor":21,"damage_taken":0}],"boss_relics":[{"not_picked":["Eternal Feather","Black Star"],"picked":"Astrolabe"}],"items_purged_floors":[],"is_endless":false,"potions_floor_spawned":[1,13,14,16,19,20,24],"killed_by":"Snake Plant","ascension_level":15}