{"gold_per_floor":[117,117,130,205,225,225,50,50,76,89,107,107,139,139,139,139],"floor_reached":16,"playtime":367,"items_purged":[],"score":100,"play_id":"5f96008c-db1f-4ee2-99f9-44a5a92e21aa","local_time":"25610715034218","is_ascension_mode":false,"campfire_choices":[{"floor":6,"key":"REST"},{"data":"Defend_R","floor":8,"key":"PURGE"},{"data":"Strike_R","floor":12,"key":"PURGE"},{"data":"Defend_R","floor":15,"key":"PURGE"}],"neow_cost":"FIFTY_PERCENT_DAMAGE","seed_source_timestamp":63529055166985,"circlet_count":0,"master_deck":["Strike_R","Strike_R","Strike_R","Defend_R","Defend_R","Bash","Whirlwind","Burning Pact","Perfected Strike","Spot Weakness","Good Instincts","Armaments","Reckless Charge","Battle Trance"],"relics":["Burning Blood","Peace Pipe","Regal Pillow","Anchor","Bronze Scales"],"potions_floor_usage":[13,13,16],"damage_taken":[{"damage":11,"enemies":"2 Louse","floor":1,"turns":3},{"damage":0,"enemies":"Small Slimes","floor":3,"turns":2},{"damage":15,"enemies":"Jaw Worm","floor":5,"turns":5},{"damage":0,"enemies":"Gremlin Gang","floor":10,"turns":2},{"damage":9,"enemies":"Large Slime","floor":11,"turns":4},{"damage":25,"enemies":"Lagavulin","floor":13,"turns":9},{"damage":35,"enemies":"Slime Boss","floor":16,"turns":3}],"seed_played":"4573069382993321281","potions_obtained":[{"floor":10,"key":"AttackPotion"},{"floor":11,"key":"SkillPotion"},{"floor":13,"key":"GamblersBrew"}],"is_trial":false,"path_per_floor":["M","?","M","?","M","R","$","R","T","M","M","R","E","?","R"],"character_chosen":"IRONCLAD","items_purchased":["Spot Weakness","Good Instincts"],"campfire_rested":1,"item_purchase_floors":[7,7],"current_hp_per_floor":[35,23,29,18,9,48,48,48,48,54,51,51,32,32,32,0],"gold":139,"neow_bonus":"ONE_RARE_RELIC","is_prod":false,"is_daily":false,"chose_seed":false,"campfire_upgraded":0,"win_rate":0.0,"timestamp":1531600938,"path_taken":["M","?","?","?","M","R","$","R","T","M","M","R","E","?","R","BOSS"],"build_version":"2018-07-12","purchased_purges":0,"victory":false,"max_hp_per_floor":[80,80,80,80,80,80,80,80,80,80,80,80,80,80,80,80],"card_choices":[{"not_picked":["Armaments","Pommel Strike"],"picked":"Whirlwind","floor":1},{"not_picked":["Whirlwind","Thunderclap"],"picked":"Burning Pact","floor":3},{"not_picked":["Burning Pact","Rampage"],"picked":"Perfected Strike","floor":5},{"not_picked":["Burning Pact","Shrug It Off"],"picked":"Armaments","floor":10},{"not_picked":["Shrug It Off","Clothesline"],"picked":"Reckless Charge","floor":11},{"not_picked":["Feel No Pain","Clash"],"picked":"Battle Trance","floor":13}],"player_experience":18087,"relics_obtained":[{"floor":9,"key":"Anchor"},{"floor":13,"key":"Bronze Scales"}],"event_choices":[{"event_name":"Scrap Ooze","player_choice":"success","floor":2,"damage_taken":12},{"event_name":"World of Goop","player_choice":"Gather Gold","floor":4,"damage_taken":0},{"event_name":"Living Wall","player_choice":"Forget","floor":14,"damage_taken":0}],"boss_relics":[],"items_purged_floors":[],"is_endless":false,"potions_floor_spawned":[10,11,13],"killed_by":"Slime Boss","ascension_level":0}