{"gold_per_floor":[18,28,39,39,39,39,113,142,169,169,184,199,199,231,231,305,305,315,325,355,405,405,405,28,59,86,100,128,128,228,247,247,321,321,338,338,354,402,30,63,63,88,114,114,26,55,55,68,68,68],"floor_reached":51,"playtime":2311,"items_purged":["Strike_R","Strike_R"],"score":1438,"play_id":"67e1b6df-0c97-45fb-86ad-d30a1f563cd8","local_time":"20190408190216","is_ascension_mode":true,"campfire_choices":[{"data":"Bash","floor":6.0,"key":"SMITH"},{"data":"Uppercut","floor":10.0,"key":"SMITH"},{"data":"Pommel Strike","floor":13.0,"key":"SMITH"},{"data":"Shrug It Off","floor":15.0,"key":"SMITH"},{"data":"Cleave","floor":23.0,"key":"SMITH"},{"data":"Armaments","floor":32,"key":"SMITH"},{"data":"Impervious","floor":41,"key":"SMITH"},{"data":"Disarm","floor":44,"key":"SMITH"},{"data":"True Grit","floor":49,"key":"SMITH"}],"neow_cost":"NO_GOLD","seed_source_timestamp":0,"circlet_count":0,"master_deck":["AscendersBane","Defend_R","Defend_R","Defend_R","Defend_R","Bash+1","Shrug It Off+1","Pommel Strike+1","Cleave+1","Uppercut+1","Ghostly Armor","Headbutt","Juggernaut+1","Evolve+1","Clothesline+1","Shrug It Off","Barricade+1","Disarm+1","Iron Wave","Armaments+1","Havoc+1","Corruption+1","Clothesline","Shockwave","Impervious+1","Heavy Blade","Shrug It Off+1","Second Wind+1","Inflame+1","Metallicize+1","Feel No Pain+1","True Grit+1","Disarm","Panacea"],"special_seed":0,"relics":["Burning Blood","Champion Belt","Vajra","Dream Catcher","Frozen Egg 2","Snecko Eye","Red Mask","Bag of Marbles","Bronze Scales","Pocketwatch","Peace Pipe","Question Card","Empty Cage","Mango","Medical Kit","Singing Bowl","Bag of Preparation","War Paint","Dodecahedron"],"potions_floor_usage":[33,50,50],"damage_taken":[{"damage":7.0,"enemies":"Jaw Worm","floor":1.0,"turns":4.0},{"damage":7.0,"enemies":"Small Slimes","floor":2.0,"turns":6.0},{"damage":6.0,"enemies":"2 Louse","floor":3.0,"turns":3.0},{"damage":10.0,"enemies":"Gremlin Nob","floor":8.0,"turns":4.0},{"damage":0.0,"enemies":"Large Slime","floor":11.0,"turns":3.0},{"damage":0.0,"enemies":"2 Fungi Beasts","floor":12.0,"turns":3.0},{"damage":10.0,"enemies":"Lagavulin","floor":14.0,"turns":8.0},{"damage":19.0,"enemies":"The Guardian","floor":16.0,"turns":11.0},{"damage":1.0,"enemies":"Spheric Guardian","floor":18.0,"turns":3.0},{"damage":13.0,"enemies":"Shell Parasite","floor":19.0,"turns":4.0},{"damage":0.0,"enemies":"Masked Bandits","floor":20.0,"turns":3.0},{"damage":29.0,"enemies":"Book of Stabbing","floor":25.0,"turns":7.0},{"damage":4.0,"enemies":"Shelled Parasite and Fungi","floor":27.0,"turns":5.0},{"damage":1.0,"enemies":"Slavers","floor":28.0,"turns":3.0},{"damage":4.0,"enemies":"Colosseum Slavers","floor":30.0,"turns":4.0},{"damage":0.0,"enemies":"Colosseum Nobs","floor":30.0,"turns":4.0},{"damage":0.0,"enemies":"Snake Plant","floor":31.0,"turns":3.0},{"damage":0,"enemies":"Automaton","floor":33,"turns":8},{"damage":3,"enemies":"3 Darklings","floor":35,"turns":4},{"damage":0,"enemies":"3 Shapes","floor":37,"turns":4},{"damage":11,"enemies":"2 Orb Walkers","floor":38,"turns":5},{"damage":2,"enemies":"Nemesis","floor":40,"turns":9},{"damage":4,"enemies":"Giant Head","floor":42,"turns":9},{"damage":1,"enemies":"Reptomancer","floor":46,"turns":5},{"damage":0,"enemies":"Transient","floor":48,"turns":5},{"damage":11,"enemies":"Time Eater","floor":50,"turns":12}],"seed_played":"-5359844655896792155","potions_obtained":[{"floor":2.0,"key":"Block Potion"},{"floor":3.0,"key":"Block Potion"},{"floor":8.0,"key":"EntropicBrew"},{"floor":28.0,"key":"LiquidBronze"},{"floor":33,"key":"GamblersBrew"},{"floor":37,"key":"SpeedPotion"}],"is_trial":false,"path_per_floor":["M","M","M","?","$","R","?","E","T","R","M","M","R","E","R","B",null,"M","M","?","?","?","R","$","E","T","M","E","?","?","M","R","B",null,"M","?","M","?","$","E","R","E","T","R","$","E","?","M","R","B",null],"character_chosen":"IRONCLAD","items_purchased":["Shrug It Off","Barricade+1","Disarm","PowerPotion","Iron Wave","Inflame+1","Medical Kit","Feel No Pain+1","True Grit"],"campfire_rested":0,"item_purchase_floors":[24,24,24,24,24,39,39,45,45],"current_hp_per_floor":[67,66,66,71,71,71,71,67,67,67,73,79,79,75,75,62,76,80,73,79,79,56,56,56,33,33,35,40,40,48,54,54,60,79,82,81,81,90,90,96,96,97,97,97,97,97,97,99,99,94],"gold":68,"neow_bonus":"ONE_RARE_RELIC","is_prod":false,"is_daily":false,"chose_seed":false,"campfire_upgraded":9,"win_rate":0,"timestamp":1554775336,"path_taken":["M","M","M","?","$","R","?","E","T","R","M","M","R","E","R","BOSS","M","M","?","?","?","R","$","E","T","M","E","?","?","M","R","BOSS","M","?","M","?","?","E","R","E","T","R","$","E","?","M","R","BOSS"],"build_version":"2019-01-23","purchased_purges":2,"victory":true,"max_hp_per_floor":[75,75,75,80,80,80,80,80,80,80,80,80,80,80,80,80,80,80,80,80,80,85,85,85,85,85,85,85,85,85,85,85,85,85,85,81,81,95,95,97,97,97,97,97,97,97,97,99,99,99],"card_choices":[{"not_picked":["Flex","Fire Breathing"],"picked":"Shrug It Off","floor":1.0},{"not_picked":["Shrug It Off","Body Slam"],"picked":"Pommel Strike","floor":2.0},{"not_picked":["Seeing Red","Entrench"],"picked":"Cleave","floor":3.0},{"not_picked":["Feel No Pain","Warcry"],"picked":"Uppercut","floor":8.0},{"not_picked":["Perfected Strike","Flex"],"picked":"Ghostly Armor","floor":11.0},{"not_picked":["Burning Pact","Warcry"],"picked":"Headbutt","floor":12.0},{"not_picked":["Heavy Blade","Sword Boomerang"],"picked":"Anger","floor":14.0},{"not_picked":["Feed","Dark Embrace+1"],"picked":"Juggernaut+1","floor":16.0},{"not_picked":["Havoc+1","Body Slam","Cleave"],"picked":"SKIP","floor":18.0},{"not_picked":["Headbutt","Seeing Red"],"picked":"Evolve+1","floor":19.0},{"not_picked":["Thunderclap","Iron Wave"],"picked":"Clothesline+1","floor":20.0},{"not_picked":["Clash","Disarm"],"picked":"Armaments","floor":25.0},{"not_picked":["Iron Wave","Anger"],"picked":"Havoc","floor":27.0},{"not_picked":["Wild Strike","Searing Blow","Perfected Strike"],"picked":"SKIP","floor":28.0},{"not_picked":["Burning Pact","Warcry+1","Fire Breathing+1"],"picked":"Shockwave","floor":31.0},{"not_picked":["Fiend Fire","Offering","Reaper"],"picked":"Impervious","floor":33},{"not_picked":["Power Through","Anger+1","Sword Boomerang"],"picked":"Heavy Blade","floor":35},{"not_picked":["Headbutt","Clothesline+1","Spot Weakness"],"picked":"Shrug It Off+1","floor":37},{"not_picked":["Armaments","Sever Soul","Twin Strike"],"picked":"Second Wind","floor":38},{"not_picked":["Fire Breathing+1","Sword Boomerang+1","Reckless Charge","Brutality+1"],"picked":"Singing Bowl","floor":40},{"not_picked":["Rampage+1","Blood for Blood","Rage"],"picked":"Metallicize+1","floor":42},{"not_picked":["Double Tap","Anger","Clash"],"picked":"Disarm","floor":46},{"not_picked":["Flash of Steel","Forethought","Good Instincts"],"picked":"Panacea","floor":47},{"not_picked":["Sword Boomerang","Thunderclap","Flex","Headbutt"],"picked":"Singing Bowl","floor":48}],"player_experience":2431312,"relics_obtained":[{"floor":8.0,"key":"Vajra"},{"floor":9.0,"key":"Dream Catcher"},{"floor":14.0,"key":"Frozen Egg 2"},{"floor":20.0,"key":"Red Mask"},{"floor":25.0,"key":"Bag of Marbles"},{"floor":26.0,"key":"Bronze Scales"},{"floor":28.0,"key":"Pocketwatch"},{"floor":30.0,"key":"Peace Pipe"},{"floor":30.0,"key":"Question Card"},{"floor":38,"key":"Mango"},{"floor":40,"key":"Singing Bowl"},{"floor":42,"key":"Bag of Preparation"},{"floor":43,"key":"War Paint"},{"floor":46,"key":"Dodecahedron"}],"event_choices":[{"damage_healed":0.0,"max_hp_gain":5.0,"max_hp_loss":0.0,"gold_gain":0.0,"event_name":"Big Fish","player_choice":"Donut","floor":4.0,"gold_loss":0.0,"damage_taken":0.0},{"damage_healed":0.0,"max_hp_gain":0.0,"max_hp_loss":0.0,"gold_gain":74.0,"event_name":"Golden Wing","player_choice":"Gained Gold","floor":7.0,"gold_loss":0.0,"damage_taken":0.0},{"damage_healed":0.0,"max_hp_gain":0.0,"max_hp_loss":0.0,"gold_gain":0.0,"event_name":"Masked Bandits","player_choice":"Fought Bandits","floor":20.0,"gold_loss":0.0,"damage_taken":0.0},{"damage_healed":0.0,"max_hp_gain":0.0,"max_hp_loss":0.0,"gold_gain":50.0,"event_name":"Nest","player_choice":"Stole From Cult","floor":21.0,"gold_loss":0.0,"damage_taken":0.0},{"damage_healed":0.0,"max_hp_gain":5.0,"max_hp_loss":0.0,"gold_gain":0.0,"event_name":"Forgotten Altar","player_choice":"Shed Blood","floor":22.0,"gold_loss":0.0,"damage_taken":28.0},{"damage_healed":0.0,"max_hp_gain":0.0,"max_hp_loss":0.0,"gold_gain":0.0,"cards_transformed":["Strike_R","Anger"],"event_name":"Drug Dealer","player_choice":"Became Test Subject","floor":29.0,"gold_loss":0.0,"damage_taken":0.0,"cards_obtained":["Corruption","Clothesline"]},{"damage_healed":0.0,"max_hp_gain":0.0,"max_hp_loss":0.0,"gold_gain":0.0,"event_name":"Colosseum","player_choice":"Fight","floor":30.0,"gold_loss":0.0,"damage_taken":0.0},{"damage_healed":0.0,"max_hp_gain":0.0,"max_hp_loss":0.0,"gold_gain":0.0,"event_name":"Colosseum","player_choice":"Fought Nobs","floor":30.0,"gold_loss":0.0,"damage_taken":0.0},{"damage_healed":0,"gold_gain":0,"player_choice":"Max HP","damage_taken":0,"max_hp_gain":0,"max_hp_loss":4,"event_name":"Winding Halls","floor":36,"gold_loss":0},{"damage_healed":0,"gold_gain":0,"player_choice":"Fight","damage_taken":0,"max_hp_gain":0,"max_hp_loss":0,"event_name":"Mysterious Sphere","floor":38,"gold_loss":0},{"damage_healed":0,"gold_gain":0,"player_choice":"Memory 1","damage_taken":0,"max_hp_gain":0,"max_hp_loss":0,"event_name":"SensoryStone","floor":47,"gold_loss":0}],"is_beta":false,"boss_relics":[{"not_picked":["Fusion Hammer","Black Star"],"picked":"Snecko Eye"},{"not_picked":["Runic Cube","White Beast Statue"],"picked":"Empty Cage"}],"items_purged_floors":[24,39],"is_endless":false,"potions_floor_spawned":[2,3,8,11,18,25,27,28,30,33,37,40,46,48],"ascension_level":15}