{"gold_per_floor":[109,109,133,150,164,164,174,34,58,58,76,76,76,94,94,197,197,209,209,157,167,178,178,190,190],"floor_reached":25,"playtime":12227,"items_purged":[],"score":234,"play_id":"280507a0-4e02-4271-b01f-67572535d8d0","local_time":"20190416222038","is_ascension_mode":true,"campfire_choices":[{"floor":6.0,"key":"REST"},{"data":"Catalyst","floor":10.0,"key":"SMITH"},{"floor":12.0,"key":"REST"},{"floor":15.0,"key":"REST"},{"floor":23,"key":"REST"}],"neow_cost":"NONE","seed_source_timestamp":28346700440157,"circlet_count":0,"master_deck":["Defend_G","Defend_G","Defend_G","Defend_G","Defend_G","Strike_G","Strike_G","Strike_G","Strike_G","Survivor","Neutralize","Noxious Fumes","Bouncing Flask","Footwork","Catalyst+1","Noxious Fumes","Infinite Blades","Die Die Die","Deadly Poison+1","Blade Dance","Prepared","Bane+1","Underhanded Strike+1"],"special_seed":0,"relics":["WristBlade","Dead Branch","Orichalcum","Potion Belt","Lizard Tail","Calipers"],"potions_floor_usage":[],"damage_taken":[{"damage":5.0,"enemies":"2 Louse","floor":1.0,"turns":3.0},{"damage":4.0,"enemies":"Jaw Worm","floor":4.0,"turns":4.0},{"damage":0.0,"enemies":"Cultist","floor":5.0,"turns":3.0},{"damage":9.0,"enemies":"Exordium Wildlife","floor":7.0,"turns":4.0},{"damage":21.0,"enemies":"Exordium Thugs","floor":11.0,"turns":4.0},{"damage":4.0,"enemies":"Lots of Slimes","floor":14.0,"turns":5.0},{"damage":18.0,"enemies":"Slime Boss","floor":16.0,"turns":8.0},{"damage":43,"enemies":"3 Byrds","floor":18,"turns":5},{"damage":16,"enemies":"Spheric Guardian","floor":21,"turns":5},{"damage":54,"enemies":"Shelled Parasite and Fungi","floor":22,"turns":7},{"damage":12,"enemies":"Snecko","floor":24,"turns":3},{"damage":29,"enemies":"Sentry and Sphere","floor":25,"turns":3}],"seed_played":"-2204652676795598563","potions_obtained":[{"floor":4.0,"key":"PowerPotion"},{"floor":18,"key":"FearPotion"},{"floor":24,"key":"Poison Potion"}],"is_trial":false,"path_per_floor":["M","?","T","M","M","R","M","$","T","R","M","R","?","M","R","B",null,"M","?","$","M","M","R","M","M"],"character_chosen":"THE_SILENT","items_purchased":["Catalyst","Noxious Fumes","Blade Dance"],"campfire_rested":4,"item_purchase_floors":[8,8,20],"current_hp_per_floor":[65,58,58,54,54,70,61,61,61,61,40,61,61,57,70,52,70,27,27,27,11,11,32,20,0],"gold":190,"neow_bonus":"BOSS_RELIC","is_prod":false,"is_daily":false,"chose_seed":false,"campfire_upgraded":1,"win_rate":0,"timestamp":1555449638,"path_taken":["M","?","?","M","?","R","M","$","T","R","M","R","?","?","R","BOSS","M","?","$","M","?","R","M","M"],"build_version":"2019-01-23","purchased_purges":0,"victory":false,"max_hp_per_floor":[70,70,70,70,70,70,70,70,70,70,70,70,70,70,70,70,70,70,70,70,70,70,70,70,70],"card_choices":[{"not_picked":["Cloak And Dagger","Deflect"],"picked":"Noxious Fumes","floor":1.0},{"not_picked":["Distraction","Backflip"],"picked":"Bouncing Flask","floor":4.0},{"not_picked":["Dagger Spray","Tools of the Trade","Slice"],"picked":"SKIP","floor":5.0},{"not_picked":["Acrobatics","Dodge and Roll"],"picked":"Footwork","floor":7.0},{"not_picked":["Acrobatics","Masterful Stab"],"picked":"Infinite Blades","floor":11.0},{"not_picked":["Deflect","Calculated Gamble","Heel Hook"],"picked":"SKIP","floor":14.0},{"not_picked":["Bullet Time","Unload"],"picked":"Die Die Die","floor":16.0},{"not_picked":["PiercingWail","Dagger Spray+1"],"picked":"Deadly Poison+1","floor":18},{"not_picked":["Blur+1","All Out Attack"],"picked":"Prepared","floor":21},{"not_picked":["Eviscerate","Deflect+1"],"picked":"Bane+1","floor":22},{"not_picked":["All Out Attack","Flying Knee"],"picked":"Underhanded Strike+1","floor":24}],"player_experience":650290,"relics_obtained":[{"floor":3.0,"key":"Orichalcum"},{"floor":9.0,"key":"Potion Belt"}],"event_choices":[{"damage_healed":0.0,"max_hp_gain":0.0,"max_hp_loss":0.0,"gold_gain":0.0,"event_name":"Scrap Ooze","player_choice":"Success","floor":2.0,"gold_loss":0.0,"damage_taken":7.0,"relics_obtained":["Dead Branch"]},{"cards_removed":["Strike_G"],"damage_healed":0.0,"max_hp_gain":0.0,"max_hp_loss":0.0,"gold_gain":0.0,"event_name":"Bonfire Elementals","player_choice":"Offered Basic","floor":13.0,"gold_loss":0.0,"damage_taken":0.0},{"damage_healed":0,"gold_gain":0,"player_choice":"Gave Potion","damage_taken":0,"relics_obtained":["Calipers"],"max_hp_gain":0,"max_hp_loss":0,"event_name":"WeMeetAgain","floor":19,"gold_loss":0}],"is_beta":false,"boss_relics":[{"not_picked":["HoveringKite","Coffee Dripper"],"picked":"Lizard Tail"}],"items_purged_floors":[],"is_endless":false,"potions_floor_spawned":[4,18,24],"killed_by":"Sentry and Sphere","ascension_level":4}