{"gold_per_floor":[113,124,274,118,180,180,197,223,250,267,267,279,311,322,322,397,397,411,427,427,445,456,456,488,488,488,523],"floor_reached":27,"playtime":1540,"items_purged":["Doubt"],"score":464,"play_id":"fc78cdfc-0993-41fa-8fd3-b3d1837d3793","local_time":"20190101192658","is_ascension_mode":true,"campfire_choices":[{"data":"Bash","floor":6.0,"key":"SMITH"},{"data":"Corruption","floor":11.0,"key":"SMITH"},{"data":"Armaments","floor":15.0,"key":"SMITH"},{"floor":23.0,"key":"REST"},{"data":"Demon Form","floor":25.0,"key":"SMITH"}],"neow_cost":"TEN_PERCENT_HP_LOSS","seed_source_timestamp":0,"circlet_count":0,"master_deck":["AscendersBane","Strike_R","Strike_R","Strike_R","Strike_R","Strike_R","Defend_R","Defend_R","Defend_R","Defend_R","Bash+1","Pommel Strike","Clothesline","Feel No Pain","Corruption+1","Spot Weakness","Cleave","Flame Barrier","Armaments+1","Shrug It Off","Demon Form+1","Headbutt+1","Heavy Blade+1","Shrug It Off","Body Slam","Limit Break","Heavy Blade"],"special_seed":0,"relics":["Burning Blood","Pocketwatch","Regal Pillow","Dream Catcher","Darkstone Periapt","Mark of Pain","Ornamental Fan","PreservedInsect","FossilizedHelix"],"potions_floor_usage":[],"damage_taken":[{"damage":6.0,"enemies":"Cultist","floor":1.0,"turns":3.0},{"damage":0.0,"enemies":"Small Slimes","floor":2.0,"turns":3.0},{"damage":4.0,"enemies":"2 Louse","floor":7.0,"turns":3.0},{"damage":7.0,"enemies":"3 Sentries","floor":8.0,"turns":9.0},{"damage":20.0,"enemies":"Gremlin Gang","floor":10.0,"turns":5.0},{"damage":2.0,"enemies":"2 Fungi Beasts","floor":12.0,"turns":3.0},{"damage":6.0,"enemies":"Lagavulin","floor":13.0,"turns":5.0},{"damage":4.0,"enemies":"Exordium Thugs","floor":14.0,"turns":5.0},{"damage":11.0,"enemies":"Slime Boss","floor":16.0,"turns":10.0},{"damage":0.0,"enemies":"3 Byrds","floor":18.0,"turns":5.0},{"damage":14.0,"enemies":"Shell Parasite","floor":19.0,"turns":8.0},{"damage":26.0,"enemies":"Shelled Parasite and Fungi","floor":21.0,"turns":4.0},{"damage":8.0,"enemies":"Centurion and Healer","floor":22.0,"turns":6.0},{"damage":26.0,"enemies":"Gremlin Leader","floor":24.0,"turns":9.0},{"damage":7.0,"enemies":"Slavers","floor":27.0,"turns":3.0}],"seed_played":"2553854913957095919","potions_obtained":[{"floor":2.0,"key":"Energy Potion"},{"floor":10.0,"key":"Block Potion"},{"floor":12.0,"key":"Energy Potion"},{"floor":22.0,"key":"PowerPotion"},{"floor":24.0,"key":"AttackPotion"}],"is_trial":false,"path_per_floor":["M","M","?","$","?","R","M","E","T","M","R","M","E","M","R","B",null,"M","M","?","M","M","R","E","R","T","E","E"],"character_chosen":"IRONCLAD","items_purchased":["Feel No Pain"],"campfire_rested":1,"item_purchase_floors":[4],"current_hp_per_floor":[68,68,68,68,68,68,68,67,67,53,53,57,57,59,59,54,65,68,60,60,40,38,68,48,48,48,47],"gold":523,"neow_bonus":"ONE_RARE_RELIC","is_prod":false,"is_daily":false,"chose_seed":false,"campfire_upgraded":4,"win_rate":0,"timestamp":1546399618,"path_taken":["M","M","?","$","?","R","M","E","T","M","R","M","E","M","R","BOSS","M","M","?","M","M","R","E","R","T","E"],"build_version":"2018-12-20","purchased_purges":1,"victory":false,"max_hp_per_floor":[68,68,68,68,68,68,68,68,68,68,68,68,68,68,68,68,68,68,68,68,68,68,68,68,68,68,68],"card_choices":[{"not_picked":["Disarm","Shrug It Off"],"picked":"Pommel Strike","floor":1.0},{"not_picked":["Body Slam","Battle Trance"],"picked":"Clothesline","floor":2.0},{"not_picked":["Intimidate","Flex"],"picked":"Corruption","floor":7.0},{"not_picked":["Seeing Red","Bloodletting"],"picked":"Spot Weakness","floor":8.0},{"not_picked":["Blood for Blood","Iron Wave"],"picked":"Cleave","floor":10.0},{"not_picked":["Disarm","Shockwave"],"picked":"Flame Barrier","floor":12.0},{"not_picked":["Heavy Blade","Metallicize"],"picked":"Armaments","floor":13.0},{"not_picked":["Flame Barrier","Clothesline"],"picked":"Shrug It Off","floor":14.0},{"not_picked":["Double Tap","Impervious"],"picked":"Demon Form","floor":16.0},{"not_picked":["Flex+1","Cleave"],"picked":"Headbutt+1","floor":18.0},{"not_picked":["Havoc+1","Thunderclap"],"picked":"Heavy Blade+1","floor":19.0},{"not_picked":["Sword Boomerang","Anger","Combust"],"picked":"SKIP","floor":21.0},{"not_picked":["Sword Boomerang","Metallicize"],"picked":"Shrug It Off","floor":22.0},{"not_picked":["Wild Strike","Clothesline"],"picked":"Body Slam","floor":23.0},{"not_picked":["Clash","Searing Blow"],"picked":"Limit Break","floor":24.0},{"not_picked":["Power Through","Pommel Strike"],"picked":"Heavy Blade","floor":27}],"player_experience":1919153,"relics_obtained":[{"floor":8.0,"key":"Regal Pillow"},{"floor":9.0,"key":"Dream Catcher"},{"floor":13.0,"key":"Darkstone Periapt"},{"floor":24.0,"key":"Ornamental Fan"},{"floor":26.0,"key":"PreservedInsect"},{"floor":27,"key":"FossilizedHelix"}],"event_choices":[{"damage_healed":0.0,"max_hp_gain":0.0,"max_hp_loss":0.0,"gold_gain":150.0,"event_name":"Liars Game","player_choice":"AGREE","floor":3.0,"gold_loss":0.0,"damage_taken":0.0,"cards_obtained":["Doubt"]},{"damage_healed":0.0,"max_hp_gain":0.0,"max_hp_loss":0.0,"gold_gain":62.0,"event_name":"Golden Wing","player_choice":"Gained Gold","floor":5.0,"gold_loss":0.0,"damage_taken":0.0},{"damage_healed":0.0,"max_hp_gain":0.0,"max_hp_loss":0.0,"gold_gain":0.0,"event_name":"N\u0027loth","player_choice":"Ignored","floor":20.0,"gold_loss":0.0,"damage_taken":0.0}],"is_beta":false,"boss_relics":[{"not_picked":["Philosopher\u0027s Stone","Runic Cube"],"picked":"Mark of Pain"}],"items_purged_floors":[4],"is_endless":false,"potions_floor_spawned":[2,10,12,13,16,18,19,22,24],"killed_by":"Slavers","ascension_level":15}