{"gold_per_floor":[112,112,126,8,21,21,48,48,48,48,61,12,25,41,41,41],"floor_reached":16,"playtime":292,"items_purged":[],"score":179,"play_id":"9e352df8-6e17-47de-9976-a964aa8511eb","local_time":"25620320182357","is_ascension_mode":true,"campfire_choices":[{"data":"Fission","floor":6.0,"key":"SMITH"},{"data":"Doom and Gloom","floor":8,"key":"SMITH"},{"data":"Defragment","floor":10,"key":"SMITH"},{"data":"Buffer","floor":15,"key":"SMITH"}],"neow_cost":"CURSE","seed_source_timestamp":7553076305388,"circlet_count":0,"master_deck":["AscendersBane","Strike_B","Strike_B","Strike_B","Strike_B","Defend_B","Defend_B","Defend_B","Defend_B","Zap","Dualcast","Coolheaded","Defragment+1","Doom and Gloom+1","Fission+1","Beam Cell","Sweeping Beam","BootSequence","Buffer+1"],"special_seed":0,"relics":["Cracked Core","Turnip","Ginger","Du-Vu Doll"],"potions_floor_usage":[7,13],"damage_taken":[{"damage":3.0,"enemies":"2 Louse","floor":1.0,"turns":2.0},{"damage":0.0,"enemies":"Cultist","floor":3.0,"turns":3.0},{"damage":0.0,"enemies":"Small Slimes","floor":5.0,"turns":2.0},{"damage":32,"enemies":"Gremlin Nob","floor":7,"turns":4},{"damage":9,"enemies":"Red Slaver","floor":11,"turns":3},{"damage":0,"enemies":"Gremlin Gang","floor":13,"turns":2},{"damage":0,"enemies":"Looter","floor":14,"turns":2},{"damage":20,"enemies":"Hexaghost","floor":16,"turns":4}],"seed_played":"-5500379650547367182","potions_obtained":[{"floor":5.0,"key":"LiquidBronze"},{"floor":13,"key":"Ancient Potion"},{"floor":14,"key":"Fire Potion"}],"is_trial":false,"path_per_floor":["M","?","M","$","M","R","E","R","T","R","M","$","M","M","R","B"],"character_chosen":"DEFECT","items_purchased":["Defragment","Doom and Gloom","SkillPotion"],"campfire_rested":0,"item_purchase_floors":[4,4,12],"current_hp_per_floor":[61,61,61,61,61,61,29,29,29,29,20,20,20,20,20,0],"gold":41,"neow_bonus":"ONE_RARE_RELIC","is_prod":false,"is_daily":false,"chose_seed":false,"campfire_upgraded":4,"win_rate":0,"timestamp":1553081037,"path_taken":["M","?","M","$","M","R","E","R","T","R","M","$","M","M","R","BOSS"],"build_version":"2019-01-23","purchased_purges":0,"victory":false,"max_hp_per_floor":[71,71,71,71,71,71,71,71,71,71,71,71,71,71,71,71],"card_choices":[{"not_picked":["Compile Driver","Stack"],"picked":"Coolheaded","floor":1.0},{"not_picked":["Stack","Rebound","Compile Driver"],"picked":"SKIP","floor":3.0},{"not_picked":["Consume","Steam"],"picked":"Fission","floor":5.0},{"not_picked":["Barrage","Redo"],"picked":"Beam Cell","floor":7},{"not_picked":["Steam","Turbo"],"picked":"Sweeping Beam","floor":11},{"not_picked":["Turbo","Rebound"],"picked":"BootSequence","floor":13},{"not_picked":["Skim","Barrage"],"picked":"Buffer","floor":14}],"player_experience":330490,"relics_obtained":[{"floor":7,"key":"Ginger"},{"floor":9,"key":"Du-Vu Doll"}],"event_choices":[{"cards_removed":["Doubt"],"damage_healed":0.0,"max_hp_gain":0.0,"max_hp_loss":0.0,"gold_gain":0.0,"event_name":"Fountain of Cleansing","player_choice":"Removed Curses","floor":2.0,"gold_loss":0.0,"damage_taken":0.0}],"is_beta":false,"boss_relics":[],"items_purged_floors":[],"is_endless":false,"potions_floor_spawned":[5,13,14],"killed_by":"Hexaghost","ascension_level":15}