{"gold_per_floor":[119,132,157,157,232,232,262,49,103,137,18,38,49,60,60,134,134,153,203,4,23,23,23,58,58,112,139,149,167,178,138,138,138],"floor_reached":33,"playtime":1132,"items_purged":["Strike_R","Strike_R"],"score":608,"play_id":"7775524a-5cab-4f6b-ace6-d5866ed49ad4","local_time":"20190427103217","is_ascension_mode":true,"campfire_choices":[{"data":"Bash","floor":6,"key":"SMITH"},{"data":"Shockwave","floor":15,"key":"SMITH"},{"data":"Madness","floor":23,"key":"SMITH"},{"floor":25,"key":"REST"},{"floor":32,"key":"REST"}],"neow_cost":"NONE","seed_source_timestamp":72113254480600,"circlet_count":0,"master_deck":["AscendersBane","Strike_R","Strike_R","Defend_R","Defend_R","Defend_R","Defend_R","Bash+1","Twin Strike","Body Slam","Heavy Blade","Shockwave+1","Inflame","Headbutt","Battle Trance","Reaper","Burning Pact+1","Madness+1","Pommel Strike+1","Shrug It Off","Heavy Blade+1"],"relics":["Burning Blood","NeowsBlessing","Anchor","Matryoshka","HandDrill","Pear","Tiny Chest","Bronze Scales","Runic Dome","Vajra","Potion Belt","Regal Pillow","Letter Opener"],"potions_floor_usage":[10,16,16,27,33,33,33,33],"damage_taken":[{"damage":0,"enemies":"Cultist","floor":1,"turns":1},{"damage":0,"enemies":"Small Slimes","floor":2,"turns":1},{"damage":0,"enemies":"3 Sentries","floor":7,"turns":2},{"damage":20,"enemies":"Lagavulin","floor":10,"turns":7},{"damage":0,"enemies":"2 Louse","floor":12,"turns":2},{"damage":1,"enemies":"Looter","floor":13,"turns":2},{"damage":9,"enemies":"Blue Slaver","floor":14,"turns":3},{"damage":52,"enemies":"Hexaghost","floor":16,"turns":6},{"damage":13,"enemies":"3 Byrds","floor":18,"turns":3},{"damage":18,"enemies":"Chosen","floor":21,"turns":4},{"damage":52,"enemies":"Book of Stabbing","floor":24,"turns":5},{"damage":50,"enemies":"Gremlin Leader","floor":27,"turns":6},{"damage":14,"enemies":"Snake Plant","floor":28,"turns":2},{"damage":21,"enemies":"Snecko","floor":29,"turns":4},{"damage":10,"enemies":"Cultist and Chosen","floor":30,"turns":5},{"damage":93,"enemies":"Champ","floor":33,"turns":9}],"seed_played":"-3289398241092823610","potions_obtained":[{"floor":7,"key":"PowerPotion"},{"floor":13,"key":"PowerPotion"},{"floor":14,"key":"PowerPotion"},{"floor":24,"key":"Regen Potion"},{"floor":29,"key":"Weak Potion"},{"floor":31,"key":"Block Potion"},{"floor":31,"key":"Block Potion"},{"floor":31,"key":"Block Potion"}],"is_trial":false,"path_per_floor":["M","M","T","?","?","R","E","$","T","E","$","M","M","M","R","B",null,"M","?","$","M","$","R","E","R","T","E","M","M","M","?","R","B"],"character_chosen":"IRONCLAD","items_purchased":["HandDrill","Shockwave","Madness"],"campfire_rested":2,"item_purchase_floors":[8,11,20],"current_hp_per_floor":[74,75,75,75,64,64,70,70,80,66,66,72,77,74,74,28,71,73,73,73,70,70,70,24,49,49,44,36,31,34,34,74,0],"gold":138,"neow_bonus":"THREE_ENEMY_KILL","is_prod":false,"is_daily":false,"chose_seed":false,"campfire_upgraded":3,"win_rate":0,"timestamp":1556350337,"path_taken":["M","?","?","?","?","R","E","?","T","E","$","M","M","?","R","BOSS","M","?","$","M","?","R","E","R","T","E","M","?","M","?","R","BOSS"],"build_version":"2019-01-23","purchased_purges":2,"victory":false,"max_hp_per_floor":[75,75,75,75,75,75,75,75,85,85,85,85,85,85,85,85,85,85,85,85,85,85,85,85,85,85,85,85,85,85,85,85,85],"card_choices":[{"not_picked":["Corruption","Anger"],"picked":"Twin Strike","floor":1},{"not_picked":["Anger","Blood for Blood","Flex"],"picked":"SKIP","floor":2},{"not_picked":["Havoc","Twin Strike"],"picked":"Body Slam","floor":7},{"not_picked":["Sword Boomerang","Clash"],"picked":"Heavy Blade","floor":10},{"not_picked":["Warcry","Armaments"],"picked":"Inflame","floor":12},{"not_picked":["Clash","Rage"],"picked":"Headbutt","floor":13},{"not_picked":["Juggernaut","Havoc"],"picked":"Battle Trance","floor":14},{"not_picked":["Immolate","Offering"],"picked":"Reaper","floor":16},{"not_picked":["Anger","Havoc"],"picked":"Burning Pact+1","floor":18},{"not_picked":["Wild Strike","Headbutt+1"],"picked":"Pommel Strike+1","floor":21},{"not_picked":["Shockwave","Iron Wave","Heavy Blade"],"picked":"SKIP","floor":24},{"not_picked":["Dropkick","Iron Wave","Blood for Blood"],"picked":"SKIP","floor":27},{"not_picked":["Blood for Blood","Feel No Pain","Rampage"],"picked":"SKIP","floor":28},{"not_picked":["Anger","Armaments"],"picked":"Shrug It Off","floor":29},{"not_picked":["Havoc","Seeing Red"],"picked":"Heavy Blade+1","floor":30}],"player_experience":339278,"relics_obtained":[{"floor":3,"key":"Anchor"},{"floor":7,"key":"Matryoshka"},{"floor":9,"key":"Pear"},{"floor":9,"key":"Tiny Chest"},{"floor":10,"key":"Bronze Scales"},{"floor":24,"key":"Vajra"},{"floor":26,"key":"Potion Belt"},{"floor":26,"key":"Regal Pillow"},{"floor":27,"key":"Letter Opener"}],"event_choices":[{"cards_removed":["Strike_R"],"damage_healed":0,"gold_gain":0,"player_choice":"Forget","damage_taken":0,"max_hp_gain":0,"max_hp_loss":0,"event_name":"Living Wall","floor":4,"gold_loss":0},{"damage_healed":0,"gold_gain":75,"player_choice":"Gather Gold","damage_taken":11,"max_hp_gain":0,"max_hp_loss":0,"event_name":"World of Goop","floor":5,"gold_loss":0},{"damage_healed":0,"gold_gain":50,"player_choice":"Stole From Cult","damage_taken":0,"max_hp_gain":0,"max_hp_loss":0,"event_name":"Nest","floor":19,"gold_loss":0},{"damage_healed":0,"gold_gain":0,"player_choice":"Bought 3 Potions","damage_taken":0,"max_hp_gain":0,"max_hp_loss":0,"event_name":"The Woman in Blue","floor":31,"gold_loss":0}],"is_beta":false,"boss_relics":[{"not_picked":["Lizard Tail","Calling Bell"],"picked":"Runic Dome"}],"items_purged_floors":[11,20],"is_endless":false,"potions_floor_spawned":[7,13,14,24,29],"killed_by":"Champ","ascension_level":18}