{"gold_per_floor":[111,111,6,19,94,94,135,3,3,43,59,59,82,125,125,216,216,234,259,275,288,288,288],"floor_reached":23,"playtime":934,"items_purged":["Strike_G"],"score":572,"play_id":"c768d5d2-c365-49e3-b8b2-009d5f64f815","local_time":"20190401010819","is_ascension_mode":true,"campfire_choices":[{"data":"Blade Dance","floor":6.0,"key":"SMITH"},{"data":"Accuracy","floor":12.0,"key":"SMITH"},{"data":"Masterful Stab","floor":15.0,"key":"SMITH"}],"neow_cost":"NONE","seed_source_timestamp":6438037981500,"circlet_count":0,"master_deck":["AscendersBane","Defend_G","Defend_G","Defend_G","Defend_G","Defend_G","Strike_G","Strike_G","Strike_G","Strike_G","Survivor","Neutralize","Poisoned Stab","Blade Dance+1","Masterful Stab+1","Well Laid Plans","Accuracy+1","After Image","Dodge and Roll+1","Crippling Poison","Ghostly","Ghostly","Ghostly"],"special_seed":0,"relics":["Ring of the Snake","NeowsBlessing","Golden Idol","PreservedInsect","Sundial","Oddly Smooth Stone","Dream Catcher","Runic Pyramid"],"potions_floor_usage":[20],"damage_taken":[{"damage":0.0,"enemies":"2 Louse","floor":1.0,"turns":1.0},{"damage":0.0,"enemies":"Small Slimes","floor":4.0,"turns":1.0},{"damage":0.0,"enemies":"Gremlin Nob","floor":7.0,"turns":1.0},{"damage":5.0,"enemies":"3 Sentries","floor":10.0,"turns":7.0},{"damage":0.0,"enemies":"Cultist","floor":11.0,"turns":3.0},{"damage":7.0,"enemies":"Blue Slaver","floor":13.0,"turns":3.0},{"damage":7.0,"enemies":"Gremlin Nob","floor":14.0,"turns":3.0},{"damage":0.0,"enemies":"Slime Boss","floor":16.0,"turns":5.0},{"damage":20,"enemies":"Shell Parasite","floor":18,"turns":6},{"damage":11,"enemies":"3 Byrds","floor":19,"turns":8},{"damage":1,"enemies":"Snecko","floor":20,"turns":7},{"damage":14,"enemies":"Snake Plant","floor":21,"turns":9},{"damage":10,"enemies":"Gremlin Leader","floor":23,"turns":7}],"seed_played":"6284658587320047219","potions_obtained":[{"floor":7.0,"key":"Ancient Potion"},{"floor":18,"key":"Ancient Potion"}],"is_trial":false,"path_per_floor":["M","?","$","M","?","R","E","$","T","E","M","R","M","E","R","B",null,"M","M","M","M","?","E"],"character_chosen":"THE_SILENT","items_purchased":["Blade Dance","SteroidPotion","Well Laid Plans"],"campfire_rested":0,"item_purchase_floors":[3,8,8],"current_hp_per_floor":[59,59,59,59,48,48,48,48,48,43,43,43,36,29,29,29,52,32,21,20,6,6,0],"gold":288,"neow_bonus":"THREE_ENEMY_KILL","is_prod":false,"is_daily":false,"chose_seed":false,"campfire_upgraded":3,"win_rate":0,"timestamp":1554052099,"path_taken":["M","?","$","M","?","R","E","$","T","E","M","R","M","E","R","BOSS","M","M","M","M","?","E"],"build_version":"2019-03-15","purchased_purges":1,"victory":false,"max_hp_per_floor":[66,60,60,60,60,60,60,60,60,60,60,60,60,60,60,60,60,60,60,60,60,30,30],"card_choices":[{"not_picked":["Sucker Punch","Outmaneuver"],"picked":"Poisoned Stab","floor":1.0},{"not_picked":["PiercingWail","Quick Slash","Dodge and Roll"],"picked":"SKIP","floor":4.0},{"not_picked":["Dash","Setup"],"picked":"Masterful Stab","floor":7.0},{"not_picked":["Unload","Quick Slash"],"picked":"Accuracy","floor":10.0},{"not_picked":["All Out Attack","Poisoned Stab","Distraction"],"picked":"SKIP","floor":11.0},{"not_picked":["Deadly Poison","Endless Agony","Bane"],"picked":"SKIP","floor":13.0},{"not_picked":["Deadly Poison","Endless Agony","Bane"],"picked":"SKIP","floor":13.0},{"not_picked":["Expertise","Deflect","Quick Slash"],"picked":"SKIP","floor":14.0},{"not_picked":["Glass Knife","Adrenaline"],"picked":"After Image","floor":16.0},{"not_picked":["Skewer","Sucker Punch","Well Laid Plans"],"picked":"SKIP","floor":18},{"not_picked":["Acrobatics","Quick Slash","Dagger Throw"],"picked":"SKIP","floor":19},{"not_picked":["PiercingWail","Slice"],"picked":"Dodge and Roll+1","floor":20},{"not_picked":["Caltrops","Well Laid Plans"],"picked":"Crippling Poison","floor":21}],"player_experience":1312572,"relics_obtained":[{"floor":7.0,"key":"PreservedInsect"},{"floor":9.0,"key":"Sundial"},{"floor":10.0,"key":"Oddly Smooth Stone"},{"floor":14.0,"key":"Dream Catcher"}],"event_choices":[{"damage_healed":0.0,"max_hp_gain":0.0,"max_hp_loss":6.0,"gold_gain":0.0,"event_name":"Golden Idol","player_choice":"Lose Max HP","floor":2.0,"gold_loss":0.0,"damage_taken":0.0,"relics_obtained":["Golden Idol"]},{"damage_healed":0.0,"max_hp_gain":0.0,"max_hp_loss":0.0,"gold_gain":75.0,"event_name":"World of Goop","player_choice":"Gather Gold","floor":5.0,"gold_loss":0.0,"damage_taken":11.0},{"damage_healed":0,"gold_gain":0,"player_choice":"Became a Ghost","damage_taken":0,"max_hp_gain":0,"max_hp_loss":30,"event_name":"Ghosts","floor":22,"gold_loss":0,"cards_obtained":["Ghostly","Ghostly","Ghostly"]}],"is_beta":true,"boss_relics":[{"not_picked":["Orrery","Lizard Tail"],"picked":"Runic Pyramid"}],"items_purged_floors":[3],"is_endless":false,"potions_floor_spawned":[7,13,14,18],"killed_by":"Gremlin Leader","ascension_level":20}