{"gold_per_floor":[145,155,230,74,74,104,115,130,130,130],"floor_reached":10,"playtime":252,"items_purged":[],"score":95,"play_id":"23cd39e1-3c42-41d5-9f66-cf7ea2760fb0","local_time":"25610725202319","is_ascension_mode":true,"campfire_choices":[],"neow_cost":"NONE","seed_source_timestamp":28214195395586,"circlet_count":0,"master_deck":["Strike_R","Strike_R","Strike_R","Strike_R","Strike_R+1","Defend_R","Defend_R","Defend_R","Defend_R","Bash","Shockwave+1","Perfected Strike","Demon Form"],"relics":["Burning Blood","Tiny Chest","Bronze Scales","Art of War","Blue Candle"],"potions_floor_usage":[6,10,10],"damage_taken":[{"damage":6,"enemies":"Cultist","floor":1,"turns":3},{"damage":6,"enemies":"2 Louse","floor":2,"turns":3},{"damage":16,"enemies":"Gremlin Nob","floor":6,"turns":4},{"damage":8,"enemies":"Jaw Worm","floor":7,"turns":4},{"damage":25,"enemies":"Exordium Thugs","floor":8,"turns":4},{"damage":14,"enemies":"3 Sentries","floor":10,"turns":4}],"seed_played":"1782491443631965481","potions_obtained":[{"floor":1,"key":"Block Potion"},{"floor":7,"key":"Weak Potion"},{"floor":8,"key":"LiquidBronze"}],"is_trial":false,"path_per_floor":["M","M","?","$","?","E","M","M","T"],"character_chosen":"IRONCLAD","items_purchased":["Bronze Scales"],"campfire_rested":0,"item_purchase_floors":[4],"current_hp_per_floor":[72,72,61,61,45,35,33,14,14,0],"gold":130,"neow_bonus":"RANDOM_COMMON_RELIC","is_prod":false,"is_daily":false,"chose_seed":false,"campfire_upgraded":0,"win_rate":0,"timestamp":1532524999,"path_taken":["M","?","?","$","?","E","M","?","T","?"],"build_version":"2018-07-19v2","purchased_purges":0,"victory":false,"max_hp_per_floor":[80,80,80,80,80,80,80,80,80,80],"card_choices":[{"not_picked":["Inflame","Pummel"],"picked":"Shockwave","floor":1},{"not_picked":["Feel No Pain","Pommel Strike"],"picked":"Perfected Strike","floor":2},{"not_picked":["Rupture","Combust"],"picked":"Demon Form","floor":6},{"not_picked":["Body Slam","Headbutt","Warcry"],"picked":"SKIP","floor":7},{"not_picked":["Warcry","Pommel Strike","Wild Strike"],"picked":"SKIP","floor":8}],"player_experience":154961,"relics_obtained":[{"floor":6,"key":"Art of War"},{"floor":9,"key":"Blue Candle"}],"event_choices":[{"event_name":"World of Goop","player_choice":"Gather Gold","floor":3,"damage_taken":0},{"event_name":"Shining Light","player_choice":"Entered Light","floor":5,"damage_taken":0},{"event_name":"Dead Adventurer","player_choice":"Searched \u00271\u0027 times","floor":10,"damage_taken":0}],"is_beta":false,"boss_relics":[],"items_purged_floors":[],"is_endless":false,"potions_floor_spawned":[1,7,8],"killed_by":"3 Sentries","ascension_level":8}