{"gold_per_floor":[214,224,237,312,302,331,342,342,342,131,156,156,180,180,180,255,255,271,271,284,284,31,31,44,44,44,55,55,83,83,95,95,169,169,189,238,238,248,13,46,46,73,73,90,90,90,121,141,141,141],"floor_reached":51,"playtime":1880,"items_purged":["Strike_R","Strike_R+1","Bash"],"score":1333,"play_id":"6d112629-3246-4e5b-9013-3de5f07a4ec6","local_time":"25611214011304","is_ascension_mode":true,"campfire_choices":[{"floor":8.0,"key":"REST"},{"floor":12.0,"key":"REST"},{"floor":15.0,"key":"REST"},{"floor":23.0,"key":"REST"},{"data":"Shockwave","floor":25.0,"key":"SMITH"},{"data":"Anger","floor":28.0,"key":"SMITH"},{"data":"Uppercut","floor":30.0,"key":"SMITH"},{"floor":32.0,"key":"REST"},{"data":"Shrug It Off","floor":41.0,"key":"SMITH"},{"floor":46.0,"key":"REST"},{"data":"Rage","floor":49.0,"key":"SMITH"}],"neow_cost":"NONE","seed_source_timestamp":42843039339323,"circlet_count":0,"master_deck":["AscendersBane","Strike_R+1","Strike_R+1","Strike_R+1","Defend_R+1","Defend_R+1","Defend_R+1","Thunderclap","Anger+1","Shockwave+1","Shrug It Off+1","Uppercut+1","Immolate+1","Iron Wave+1","Iron Wave+1","Body Slam+1","Dramatic Entrance+1","Immolate+1","Reaper+1","Flash of Steel+1","Pommel Strike+1","Juggernaut","Rage+1","Disarm+1","Intimidate"],"special_seed":0,"relics":["Burning Blood","Kunai","Oddly Smooth Stone","Bronze Scales","Odd Mushroom","Molten Egg 2","Mark of Pain","Enchiridion","Shuriken","Bottled Lightning","Black Star","Bird Faced Urn","Blue Candle","Singing Bowl","Question Card","Torii","Calipers","Ginger","Pantograph"],"potions_floor_usage":[50],"damage_taken":[{"damage":9.0,"enemies":"Small Slimes","floor":1.0,"turns":4.0},{"damage":8.0,"enemies":"Jaw Worm","floor":2.0,"turns":4.0},{"damage":7.0,"enemies":"2 Louse","floor":3.0,"turns":3.0},{"damage":16.0,"enemies":"Exordium Thugs","floor":5.0,"turns":4.0},{"damage":35.0,"enemies":"3 Sentries","floor":6.0,"turns":9.0},{"damage":7.0,"enemies":"2 Fungi Beasts","floor":7.0,"turns":4.0},{"damage":4.0,"enemies":"Lagavulin","floor":11.0,"turns":9.0},{"damage":25.0,"enemies":"The Mushroom Lair","floor":13.0,"turns":5.0},{"damage":51.0,"enemies":"The Guardian","floor":16.0,"turns":12.0},{"damage":29.0,"enemies":"Shell Parasite","floor":18.0,"turns":6.0},{"damage":0.0,"enemies":"Chosen","floor":20.0,"turns":5.0},{"damage":0.0,"enemies":"Snecko","floor":24.0,"turns":4.0},{"damage":0.0,"enemies":"Cultist and Chosen","floor":27.0,"turns":4.0},{"damage":8.0,"enemies":"Slavers","floor":29.0,"turns":5.0},{"damage":10.0,"enemies":"Centurion and Healer","floor":31.0,"turns":4.0},{"damage":27.0,"enemies":"Collector","floor":33.0,"turns":7.0},{"damage":3.0,"enemies":"Orb Walker","floor":35.0,"turns":3.0},{"damage":12.0,"enemies":"2 Orb Walkers","floor":36.0,"turns":2.0},{"damage":2.0,"enemies":"3 Shapes","floor":38.0,"turns":4.0},{"damage":7.0,"enemies":"Reptomancer","floor":40.0,"turns":4.0},{"damage":50.0,"enemies":"Giant Head","floor":42.0,"turns":8.0},{"damage":0.0,"enemies":"Jaw Worm Horde","floor":44.0,"turns":1.0},{"damage":1.0,"enemies":"Reptomancer","floor":47.0,"turns":4.0},{"damage":27.0,"enemies":"Spire Growth","floor":48.0,"turns":4.0},{"damage":88,"enemies":"Donu and Deca","floor":50,"turns":10}],"seed_played":"-2775523114122800538","potions_obtained":[{"floor":3.0,"key":"Block Potion"},{"floor":5.0,"key":"Poison Potion"},{"floor":11.0,"key":"Ancient Potion"},{"floor":13.0,"key":"SpeedPotion"},{"floor":16.0,"key":"Energy Potion"},{"floor":24.0,"key":"SkillPotion"},{"floor":27.0,"key":"PowerPotion"},{"floor":36.0,"key":"SneckoOil"}],"is_trial":false,"path_per_floor":["M","M","M","?","M","E","M","R","T","$","E","R","?","T","R","B",null,"M","?","M","?","$","R","M","R","T","M","R","E","R","M","R","B",null,"M","?","?","M","$","E","R","E","T","M","?","R","E","M","R","B",null],"character_chosen":"IRONCLAD","items_purchased":["Dexterity Potion","Uppercut","Body Slam+1","Dramatic Entrance+1","Pommel Strike+1","Fire Potion"],"campfire_rested":6,"item_purchase_floors":[10,10,22,22,39,39],"current_hp_per_floor":[65,63,62,51,41,12,11,33,33,33,35,57,38,38,60,15,60,37,37,43,22,22,44,50,50,50,56,56,54,54,50,72,51,69,72,66,66,75,75,76,76,34,34,42,42,65,72,55,55,15],"gold":141,"neow_bonus":"HUNDRED_GOLD","is_prod":false,"is_daily":false,"chose_seed":false,"campfire_upgraded":5,"win_rate":0,"timestamp":1544724784,"path_taken":["M","M","M","?","M","E","M","R","T","$","E","R","?","?","R","BOSS","M","?","M","?","$","R","?","R","T","M","R","E","R","M","R","BOSS","M","?","?","M","$","E","R","E","T","?","?","R","E","M","R","BOSS"],"build_version":"2018-12-06","purchased_purges":3,"victory":true,"max_hp_per_floor":[75,75,75,75,75,75,75,75,75,75,75,75,75,75,75,75,75,75,75,75,75,75,75,75,75,75,75,75,75,75,75,75,75,75,75,75,75,75,75,77,77,77,77,77,77,77,77,77,77,77],"card_choices":[{"not_picked":["Reckless Charge","Shrug It Off"],"picked":"Thunderclap","floor":1.0},{"not_picked":["Pommel Strike","Clash","Twin Strike"],"picked":"SKIP","floor":2.0},{"not_picked":["Pommel Strike","Cleave","Perfected Strike"],"picked":"SKIP","floor":3.0},{"not_picked":["Pommel Strike","Perfected Strike"],"picked":"Anger","floor":5.0},{"not_picked":["Pummel","Dark Embrace"],"picked":"Shockwave","floor":6.0},{"not_picked":["Sword Boomerang","Entrench","Shrug It Off"],"picked":"SKIP","floor":7.0},{"not_picked":["Sword Boomerang","Entrench"],"picked":"Shrug It Off","floor":7.0},{"not_picked":["Heavy Blade","Feel No Pain","Hemokinesis"],"picked":"SKIP","floor":11.0},{"not_picked":["Offering","Bludgeon+1"],"picked":"Immolate+1","floor":16.0},{"not_picked":["Headbutt+1","Flex"],"picked":"Iron Wave+1","floor":18.0},{"not_picked":["Clash+1","Wild Strike+1"],"picked":"Iron Wave+1","floor":20.0},{"not_picked":["Havoc","Perfected Strike+1","Shockwave"],"picked":"SKIP","floor":24.0},{"not_picked":["Pommel Strike+1","Evolve","Warcry"],"picked":"SKIP","floor":27.0},{"not_picked":["Rupture","Armaments","Evolve"],"picked":"SKIP","floor":29.0},{"not_picked":["True Grit","Pommel Strike+1"],"picked":"Immolate+1","floor":31.0},{"not_picked":["Dark Embrace","Brutality"],"picked":"Reaper+1","floor":33.0},{"not_picked":["Sword Boomerang+1","Headbutt+1","Flex"],"picked":"SKIP","floor":35.0},{"not_picked":["Madness","Finesse"],"picked":"Flash of Steel+1","floor":37.0},{"not_picked":["Thunderclap+1","Armaments","Perfected Strike+1"],"picked":"SKIP","floor":38.0},{"not_picked":["Anger+1","Dark Embrace","Clothesline+1"],"picked":"Singing Bowl","floor":40.0},{"not_picked":["Sentinel+1","Warcry+1"],"picked":"Juggernaut","floor":42.0},{"not_picked":["Sentinel+1","Clash+1","Rupture+1"],"picked":"Rage","floor":44.0},{"not_picked":["Sword Boomerang+1","Havoc","Pommel Strike+1"],"picked":"Disarm+1","floor":47.0},{"not_picked":["Carnage+1","Havoc","Warcry"],"picked":"Intimidate","floor":48.0}],"player_experience":203583,"relics_obtained":[{"floor":6.0,"key":"Kunai"},{"floor":9.0,"key":"Oddly Smooth Stone"},{"floor":11.0,"key":"Bronze Scales"},{"floor":13.0,"key":"Odd Mushroom"},{"floor":14.0,"key":"Molten Egg 2"},{"floor":21.0,"key":"Enchiridion"},{"floor":26.0,"key":"Shuriken"},{"floor":29.0,"key":"Bottled Lightning"},{"floor":36.0,"key":"Bird Faced Urn"},{"floor":40.0,"key":"Blue Candle"},{"floor":40.0,"key":"Singing Bowl"},{"floor":42.0,"key":"Question Card"},{"floor":42.0,"key":"Torii"},{"floor":43.0,"key":"Calipers"},{"floor":47.0,"key":"Ginger"},{"floor":47.0,"key":"Pantograph"}],"event_choices":[{"damage_healed":0.0,"max_hp_gain":0.0,"max_hp_loss":0.0,"gold_gain":75.0,"event_name":"World of Goop","player_choice":"Gather Gold","floor":4.0,"gold_loss":0.0,"damage_taken":11.0},{"damage_healed":0.0,"max_hp_gain":0.0,"max_hp_loss":0.0,"gold_gain":0.0,"event_name":"Mushrooms","player_choice":"Fought Mushrooms","floor":13.0,"gold_loss":0.0,"damage_taken":0.0},{"damage_healed":0.0,"max_hp_gain":0.0,"max_hp_loss":0.0,"gold_gain":0.0,"event_name":"Back to Basics","player_choice":"Simplicity","floor":19.0,"gold_loss":0.0,"damage_taken":0.0,"cards_upgraded":["Strike_R","Strike_R","Strike_R","Strike_R","Defend_R","Defend_R","Defend_R","Defend_R"]},{"damage_healed":0.0,"max_hp_gain":0.0,"max_hp_loss":0.0,"gold_gain":0.0,"event_name":"Cursed Tome","player_choice":"Obtained Book","floor":21.0,"gold_loss":0.0,"damage_taken":21.0},{"damage_healed":0.0,"max_hp_gain":0.0,"max_hp_loss":0.0,"gold_gain":0.0,"event_name":"Mysterious Sphere","player_choice":"Fight","floor":36.0,"gold_loss":0.0,"damage_taken":0.0},{"damage_healed":0.0,"max_hp_gain":0.0,"max_hp_loss":0.0,"gold_gain":0.0,"event_name":"SensoryStone","player_choice":"Memory 1","floor":37.0,"gold_loss":0.0,"damage_taken":0.0},{"cards_removed":["Defend_R"],"damage_healed":0.0,"max_hp_gain":0.0,"max_hp_loss":0.0,"gold_gain":0.0,"event_name":"Falling","player_choice":"Removed Skill","floor":45.0,"gold_loss":0.0,"damage_taken":0.0}],"is_beta":false,"boss_relics":[{"not_picked":["Black Blood","Tiny House"],"picked":"Mark of Pain"},{"not_picked":["Snecko Eye","Cursed Key"],"picked":"Black Star"}],"items_purged_floors":[10,22,39],"is_endless":false,"potions_floor_spawned":[3,5,11,13,16,18,24,27,36,44,47],"ascension_level":16}