{"gold_per_floor":[112,112,124,138,88,115,115,132,132,162,162,175,175,207,219,332,344,369,395,419,431,461,473,504,542,578,590,37,50,80,80,80,80],"floor_reached":33,"playtime":2998,"items_purged":["Strike_R"],"score":415,"play_id":"321c5669-5494-4cfb-a7c8-14a56112671d","local_time":"20190120145430","is_ascension_mode":true,"campfire_choices":[{"data":"Armaments","floor":7.0,"key":"SMITH"},{"data":"Bash","floor":15.0,"key":"SMITH"},{"data":"1","floor":23,"key":"LIFT"},{"data":"2","floor":27,"key":"LIFT"},{"floor":32,"key":"RECALL"}],"neow_cost":"NONE","seed_source_timestamp":0,"circlet_count":0,"master_deck":["Strike_R+1","Strike_R","Strike_R+1","Defend_R+1","Defend_R","Defend_R","Defend_R+1","Bash+1","Headbutt","Iron Wave+1","Armaments+1","Perfected Strike+1","Cleave+1","Bludgeon+1","Perfected Strike+1","Pummel+1","Feed+1","Writhe","Shame","Clumsy","Inflame+1","Iron Wave+1","Cleave+1","Clash+1","Heavy Blade+1","Feed+1","RitualDagger+1"],"special_seed":0,"relics":["Burning Blood","Molten Egg 2","Bag of Marbles","Ornamental Fan","Red Skull","MawBank","Calling Bell","Potion Belt","Dodecahedron","Girya","War Paint","Anchor","Lee\u0027s Waffle","Regal Pillow","Blood Vial","Whetstone"],"potions_floor_usage":[22,24],"damage_taken":[{"damage":6.0,"enemies":"Jaw Worm","floor":1.0,"turns":5.0},{"damage":4.0,"enemies":"Small Slimes","floor":3.0,"turns":3.0},{"damage":0.0,"enemies":"2 Louse","floor":4.0,"turns":2.0},{"damage":22.0,"enemies":"Gremlin Nob","floor":6.0,"turns":5.0},{"damage":6.0,"enemies":"Looter","floor":8.0,"turns":3.0},{"damage":0.0,"enemies":"3 Sentries","floor":10.0,"turns":4.0},{"damage":0.0,"enemies":"Gremlin Gang","floor":12.0,"turns":3.0},{"damage":12.0,"enemies":"Gremlin Nob","floor":14.0,"turns":4.0},{"damage":42.0,"enemies":"Hexaghost","floor":16.0,"turns":7.0},{"damage":7,"enemies":"Chosen","floor":18,"turns":3},{"damage":14,"enemies":"3 Byrds","floor":19,"turns":6},{"damage":7,"enemies":"Snecko","floor":20,"turns":3},{"damage":20,"enemies":"3 Cultists","floor":22,"turns":4},{"damage":19,"enemies":"Snake Plant","floor":24,"turns":2},{"damage":49,"enemies":"Slavers","floor":25,"turns":4},{"damage":10,"enemies":"Centurion and Healer","floor":29,"turns":4},{"damage":46,"enemies":"Gremlin Leader","floor":30,"turns":7},{"damage":79,"enemies":"Automaton","floor":33,"turns":8}],"seed_played":"2702262950015735622","potions_obtained":[{"floor":1.0,"key":"GamblersBrew"},{"floor":3.0,"key":"SkillPotion"},{"floor":8.0,"key":"Fire Potion"},{"floor":10.0,"key":"Fire Potion"},{"floor":12.0,"key":"BloodPotion"},{"floor":18,"key":"BloodPotion"},{"floor":20,"key":"Swift Potion"},{"floor":22,"key":"Dexterity Potion"},{"floor":29,"key":"FairyPotion"}],"is_trial":false,"path_per_floor":["M","?","M","M","?","E","R","M","T","E","?","M","?","E","R","B",null,"M","M","M","?","M","R","M","E","T","R","$","M","E","?","R","B"],"character_chosen":"IRONCLAD","items_purchased":["Lee\u0027s Waffle","Regal Pillow","Blood Vial"],"campfire_rested":0,"item_purchase_floors":[28,28,28],"current_hp_per_floor":[88,70,72,78,78,62,62,62,62,68,73,79,79,73,73,37,93,96,92,91,91,77,77,64,21,21,21,108,108,70,64,64,0],"gold":80,"neow_bonus":"TEN_PERCENT_HP_BONUS","is_prod":false,"is_daily":false,"chose_seed":false,"campfire_upgraded":2,"win_rate":0,"timestamp":1548003270,"path_taken":["M","?","M","M","?","E","R","M","T","E","?","M","?","E","R","BOSS","M","?","M","?","M","R","?","E","T","R","$","M","E","?","R","BOSS"],"build_version":"2019-01-17v2","purchased_purges":1,"victory":false,"max_hp_per_floor":[88,88,88,88,88,88,88,88,88,88,93,93,93,93,93,93,93,97,101,101,101,101,101,101,101,101,101,108,112,112,112,112,112],"card_choices":[{"not_picked":["Shockwave","Heavy Blade"],"picked":"Headbutt","floor":1.0},{"not_picked":["Burning Pact","Armaments"],"picked":"Iron Wave+1","floor":3.0},{"not_picked":["Juggernaut","True Grit"],"picked":"Armaments","floor":4.0},{"not_picked":["Sentinel","Wild Strike+1"],"picked":"Perfected Strike+1","floor":6.0},{"not_picked":["Clash+1","Wild Strike+1"],"picked":"Cleave+1","floor":8.0},{"not_picked":["Feel No Pain","Cleave+1"],"picked":"Bludgeon+1","floor":10.0},{"not_picked":["Uppercut+1","Sword Boomerang+1"],"picked":"Perfected Strike+1","floor":12.0},{"not_picked":["Heavy Blade+1","Armaments"],"picked":"Pummel+1","floor":14.0},{"not_picked":["Juggernaut","Immolate+1"],"picked":"Feed+1","floor":16.0},{"not_picked":["Seeing Red","Disarm"],"picked":"Inflame","floor":18},{"not_picked":["Shrug It Off","Warcry","Combust"],"picked":"SKIP","floor":19},{"not_picked":["Wild Strike+1","Warcry"],"picked":"Iron Wave+1","floor":20},{"not_picked":["Clothesline+1","Thunderclap+1","Intimidate"],"picked":"SKIP","floor":22},{"not_picked":["Fiend Fire+1","Battle Trance+1"],"picked":"Cleave+1","floor":24},{"not_picked":["Inflame","Power Through"],"picked":"Clash+1","floor":25},{"not_picked":["Headbutt+1","Flame Barrier"],"picked":"Heavy Blade+1","floor":29},{"not_picked":["Flex","Pommel Strike+1"],"picked":"Feed+1","floor":30}],"player_experience":102729,"relics_obtained":[{"floor":6.0,"key":"Bag of Marbles"},{"floor":9.0,"key":"Ornamental Fan"},{"floor":10.0,"key":"Red Skull"},{"floor":14.0,"key":"MawBank"},{"floor":17,"key":"Potion Belt"},{"floor":17,"key":"Dodecahedron"},{"floor":17,"key":"Girya"},{"floor":25,"key":"War Paint"},{"floor":26,"key":"Anchor"},{"floor":30,"key":"Whetstone"}],"event_choices":[{"damage_healed":0.0,"max_hp_gain":0.0,"max_hp_loss":0.0,"gold_gain":0.0,"event_name":"Scrap Ooze","player_choice":"Success","floor":2.0,"gold_loss":0.0,"damage_taken":18.0,"relics_obtained":["Molten Egg 2"]},{"cards_removed":["Strike_R"],"damage_healed":0.0,"max_hp_gain":0.0,"max_hp_loss":0.0,"gold_gain":0.0,"event_name":"The Cleric","player_choice":"Card Removal","floor":5.0,"gold_loss":50.0,"damage_taken":0.0},{"damage_healed":0.0,"max_hp_gain":5.0,"max_hp_loss":0.0,"gold_gain":0.0,"event_name":"Big Fish","player_choice":"Donut","floor":11.0,"gold_loss":0.0,"damage_taken":0.0},{"damage_healed":0.0,"max_hp_gain":0.0,"max_hp_loss":0.0,"gold_gain":0.0,"event_name":"The Woman in Blue","player_choice":"Bought 0 Potions","floor":13.0,"gold_loss":0.0,"damage_taken":0.0},{"damage_healed":0,"gold_gain":0,"player_choice":"Upgraded","damage_taken":0,"max_hp_gain":0,"max_hp_loss":0,"event_name":"Upgrade Shrine","floor":21,"gold_loss":0,"cards_upgraded":["Inflame"]},{"damage_healed":0,"gold_gain":0,"player_choice":"Joined the Cult","damage_taken":6,"max_hp_gain":0,"max_hp_loss":0,"event_name":"Nest","floor":31,"gold_loss":0,"cards_obtained":["RitualDagger"]}],"is_beta":false,"boss_relics":[{"not_picked":["White Beast Statue","Philosopher\u0027s Stone"],"picked":"Calling Bell"}],"items_purged_floors":[28],"is_endless":false,"potions_floor_spawned":[1,3,8,10,12,18,20,22,29],"killed_by":"Automaton","ascension_level":2}