{"gold_per_floor":[216,233,183,108,127,155,155,183,210,285,285,79,96,113,113,209,209,226,258,258,258,270,270],"floor_reached":23,"playtime":1018,"items_purged":["Defend_G"],"score":239,"play_id":"e116cae5-cd12-4f8a-b7ae-fc2674e8f488","local_time":"25610805152733","is_ascension_mode":true,"campfire_choices":[{"data":"Neutralize","floor":7.0,"key":"SMITH"},{"floor":11.0,"key":"REST"},{"floor":15.0,"key":"REST"}],"neow_cost":"NONE","seed_source_timestamp":16474811591618,"circlet_count":0,"master_deck":["Defend_G+1","Defend_G+1","Defend_G+1","Defend_G+1","Strike_G+1","Strike_G+1","Strike_G+1","Strike_G+1","Survivor","Neutralize+1","Footwork","Dagger Throw","Backflip","Accuracy","Blade Dance","Glass Knife","Phantasmal Killer","Dodge and Roll","A Thousand Cuts","Flying Knee","Dagger Spray"],"special_seed":0,"relics":["Ring of the Snake","Ancient Tea Set","Vajra","Oddly Smooth Stone","Runic Pyramid","Red Mask"],"potions_floor_usage":[19,23,23],"damage_taken":[{"damage":4.0,"enemies":"Small Slimes","floor":1.0,"turns":4.0},{"damage":3.0,"enemies":"2 Louse","floor":2.0,"turns":3.0},{"damage":0.0,"enemies":"Cultist","floor":5.0,"turns":3.0},{"damage":10.0,"enemies":"3 Sentries","floor":6.0,"turns":12.0},{"damage":39.0,"enemies":"Lagavulin","floor":8.0,"turns":9.0},{"damage":0.0,"enemies":"Large Slime","floor":13.0,"turns":5.0},{"damage":3.0,"enemies":"Red Slaver","floor":14.0,"turns":3.0},{"damage":14.0,"enemies":"Hexaghost","floor":16.0,"turns":9.0},{"damage":6,"enemies":"Chosen","floor":18,"turns":3},{"damage":19,"floor":19,"turns":5},{"damage":16,"enemies":"Shell Parasite","floor":22,"turns":5},{"damage":33,"enemies":"Gremlin Leader","floor":23,"turns":5}],"seed_played":"5859907687693620997","potions_obtained":[{"floor":1.0,"key":"Dexterity Potion"},{"floor":14.0,"key":"Strength Potion"},{"floor":16.0,"key":"SteroidPotion"},{"floor":18,"key":"Weak Potion"}],"is_trial":false,"path_per_floor":["M","M","?","$","M","E","R","E","T","?","R","$","M","M","R","B",null,"M","?","?","?","M"],"character_chosen":"THE_SILENT","items_purchased":["Glass Knife","Block Potion"],"campfire_rested":2,"item_purchase_floors":[12,12],"current_hp_per_floor":[66,63,63,63,63,53,53,14,14,7,28,28,28,25,46,32,70,64,45,45,45,29,0],"gold":270,"neow_bonus":"HUNDRED_GOLD","is_prod":false,"is_daily":false,"chose_seed":false,"campfire_upgraded":1,"win_rate":0,"timestamp":1533457653,"path_taken":["M","M","?","$","?","E","R","E","T","?","R","$","M","M","R","BOSS","M","?","?","?","M","E"],"build_version":"2018-08-02","purchased_purges":1,"victory":false,"max_hp_per_floor":[70,70,70,70,70,70,70,70,70,70,70,70,70,70,70,70,70,70,70,70,70,70,70],"card_choices":[{"not_picked":["Slice","Deflect"],"picked":"Footwork","floor":1.0},{"not_picked":["Backflip","Bane"],"picked":"Dagger Throw","floor":2.0},{"not_picked":["Dodge and Roll","Dash"],"picked":"Backflip","floor":5.0},{"not_picked":["Cloak And Dagger","Flying Knee"],"picked":"Accuracy","floor":6.0},{"not_picked":["Prepared","Backflip"],"picked":"Blade Dance","floor":8.0},{"not_picked":["Dash","Blade Dance"],"picked":"Phantasmal Killer","floor":13.0},{"not_picked":["Dash","Acrobatics"],"picked":"Dodge and Roll","floor":14.0},{"not_picked":["Die Die Die","Grand Finale"],"picked":"A Thousand Cuts","floor":16.0},{"not_picked":["Slice","Backflip"],"picked":"Flying Knee","floor":18},{"not_picked":["Quick Slash","Flying Knee"],"picked":"Dagger Spray","floor":19},{"not_picked":["Sucker Punch","Dodge and Roll","Backflip"],"picked":"SKIP","floor":22}],"player_experience":204139,"relics_obtained":[{"floor":6.0,"key":"Ancient Tea Set"},{"floor":8.0,"key":"Vajra"},{"floor":9.0,"key":"Oddly Smooth Stone"},{"floor":19,"key":"Red Mask"}],"event_choices":[{"event_name":"The Cleric","player_choice":"Card Removal","floor":3.0,"damage_taken":0.0},{"event_name":"FaceTrader","player_choice":"Touch","floor":10.0,"damage_taken":0.0},{"event_name":"Masked Bandits","player_choice":"Fought over 226 gold","floor":19,"damage_taken":0},{"event_name":"Back to Basics","player_choice":"Simplicity","floor":20,"damage_taken":0},{"event_name":"Ghosts","player_choice":"Ignored","floor":21,"damage_taken":0}],"is_beta":false,"boss_relics":[{"not_picked":["Pandora\u0027s Box","Sozu"],"picked":"Runic Pyramid"}],"items_purged_floors":[4],"is_endless":false,"potions_floor_spawned":[1,14,16,18],"killed_by":"Gremlin Leader","ascension_level":4}