{"gold_per_floor":[116,66,141,161,161,188,200,231,254,285,285,302,0,0,0,101,101,121,141,141,141,151,178,138,170,170,189,202,222,110,129,129,129],"floor_reached":33,"playtime":3971,"items_purged":["Defend_R"],"score":322,"play_id":"78c01e72-4f41-4806-a1bd-9de566a7160f","local_time":"20190509211227","is_ascension_mode":true,"campfire_choices":[{"floor":15,"key":"REST"},{"floor":32,"key":"REST"}],"neow_cost":"NONE","seed_source_timestamp":42677209220836,"circlet_count":0,"master_deck":["Strike_R","Strike_R+1","Strike_R","Strike_R","Strike_R","Defend_R","Bash","Headbutt","Headbutt+1","Clothesline+1","Clash+1","Pommel Strike+1","Shrug It Off","Perfected Strike+1","Pommel Strike+1","Impervious","Armaments","Seeing Red+1","Perfected Strike+1","Twin Strike+1","Second Wind","Perfected Strike+1","Battle Trance"],"relics":["Burning Blood","Molten Egg 2","Bottled Flame","Smiling Mask","Red Skull","PreservedInsect","ClockworkSouvenir","WarpedTongs","Empty Cage","Regal Pillow","Centennial Puzzle","Darkstone Periapt","Mercury Hourglass","Shuriken"],"potions_floor_usage":[6,8,10,16,19,23,25,25,25,27],"damage_taken":[{"damage":10,"enemies":"Small Slimes","floor":1,"turns":4},{"damage":1,"enemies":"Jaw Worm","floor":4,"turns":3},{"damage":27,"enemies":"Gremlin Nob","floor":6,"turns":4},{"damage":0,"enemies":"2 Louse","floor":7,"turns":2},{"damage":9,"enemies":"Lagavulin","floor":8,"turns":5},{"damage":36,"enemies":"3 Sentries","floor":10,"turns":5},{"damage":0,"enemies":"Large Slime","floor":12,"turns":2},{"damage":33,"enemies":"The Guardian","floor":16,"turns":6},{"damage":13,"enemies":"Shell Parasite","floor":18,"turns":4},{"damage":1,"enemies":"2 Thieves","floor":19,"turns":3},{"damage":10,"enemies":"Cultist and Chosen","floor":22,"turns":4},{"damage":9,"enemies":"Gremlin Leader","floor":23,"turns":2},{"damage":11,"enemies":"Slavers","floor":25,"turns":4},{"damage":10,"enemies":"Snake Plant","floor":27,"turns":3},{"damage":5,"enemies":"Chosen and Byrds","floor":28,"turns":3},{"damage":8,"enemies":"Snecko","floor":29,"turns":3},{"damage":10,"enemies":"Cultist and Chosen","floor":31,"turns":2},{"damage":41,"enemies":"Champ","floor":33,"turns":6}],"seed_played":"6584113866831080517","potions_obtained":[{"floor":4,"key":"Poison Potion"},{"floor":7,"key":"Block Potion"},{"floor":8,"key":"EssenceOfSteel"},{"floor":12,"key":"EssenceOfSteel"},{"floor":18,"key":"EssenceOfSteel"},{"floor":22,"key":"SkillPotion"},{"floor":24,"key":"SkillPotion"},{"floor":24,"key":"EssenceOfSteel"},{"floor":24,"key":"Block Potion"},{"floor":25,"key":"AttackPotion"}],"is_trial":false,"path_per_floor":["M","?","?","M","T","E","M","E","T","E","?","M","$","?","R","B",null,"M","M","?","?","M","E","?","E","T","M","M","M","?","M","R","B"],"character_chosen":"IRONCLAD","items_purchased":["ClockworkSouvenir","Pommel Strike+1"],"campfire_rested":2,"item_purchase_floors":[13,13],"current_hp_per_floor":[84,84,73,78,78,57,63,60,60,30,12,18,18,18,44,17,88,81,86,86,86,82,79,79,74,74,70,71,69,69,65,88,47],"gold":129,"neow_bonus":"TEN_PERCENT_HP_BONUS","is_prod":false,"is_daily":false,"chose_seed":false,"campfire_upgraded":0,"win_rate":0,"timestamp":1557403947,"path_taken":["M","?","?","M","?","E","M","E","T","E","?","M","$","?","R","BOSS","M","M","?","?","?","E","?","E","T","M","?","M","?","?","R","BOSS"],"build_version":"2019-01-23","purchased_purges":1,"victory":false,"max_hp_per_floor":[88,88,88,88,88,88,88,88,88,88,88,88,88,88,88,88,88,88,88,88,88,88,88,88,88,88,88,88,88,88,88,88,88],"card_choices":[{"not_picked":["Warcry","Sword Boomerang"],"picked":"Headbutt","floor":1},{"not_picked":["Power Through","Carnage"],"picked":"Headbutt","floor":4},{"not_picked":["Body Slam+1","Demon Form"],"picked":"Clothesline+1","floor":6},{"not_picked":["Power Through","Cleave+1"],"picked":"Clash+1","floor":7},{"not_picked":["Sword Boomerang+1","Whirlwind+1"],"picked":"Pommel Strike+1","floor":8},{"not_picked":["Limit Break","Evolve"],"picked":"Shrug It Off","floor":10},{"not_picked":["Battle Trance","Pommel Strike+1"],"picked":"Perfected Strike+1","floor":12},{"not_picked":["Juggernaut","Dark Embrace"],"picked":"Impervious","floor":16},{"not_picked":["Pummel+1","Sword Boomerang+1"],"picked":"Armaments","floor":18},{"not_picked":["Heavy Blade+1","Sword Boomerang+1"],"picked":"Seeing Red","floor":19},{"not_picked":["Cleave+1","Wild Strike+1"],"picked":"Perfected Strike+1","floor":22},{"not_picked":["Disarm","Iron Wave+1","Sword Boomerang+1"],"picked":"SKIP","floor":23},{"not_picked":["Ghostly Armor","Berserk"],"picked":"Twin Strike+1","floor":25},{"not_picked":["Cleave+1","Havoc","Dual Wield+1"],"picked":"SKIP","floor":27},{"not_picked":["True Grit","Warcry"],"picked":"Second Wind","floor":28},{"not_picked":["Evolve","Twin Strike+1"],"picked":"Perfected Strike+1","floor":29},{"not_picked":["Feel No Pain+1","Reckless Charge+1"],"picked":"Battle Trance","floor":31}],"player_experience":160644,"relics_obtained":[{"floor":5,"key":"Molten Egg 2"},{"floor":6,"key":"Bottled Flame"},{"floor":8,"key":"Smiling Mask"},{"floor":9,"key":"Red Skull"},{"floor":10,"key":"PreservedInsect"},{"floor":23,"key":"Centennial Puzzle"},{"floor":25,"key":"Darkstone Periapt"},{"floor":26,"key":"Mercury Hourglass"}],"event_choices":[{"cards_removed":["Defend_R"],"damage_healed":0,"gold_gain":0,"player_choice":"Card Removal","damage_taken":0,"max_hp_gain":0,"max_hp_loss":0,"event_name":"The Cleric","floor":2,"gold_loss":50},{"damage_healed":0,"gold_gain":75,"player_choice":"Gather Gold","damage_taken":11,"max_hp_gain":0,"max_hp_loss":0,"event_name":"World of Goop","floor":3,"gold_loss":0},{"damage_healed":0,"gold_gain":0,"player_choice":"Entered Light","damage_taken":18,"max_hp_gain":0,"max_hp_loss":0,"event_name":"Shining Light","floor":11,"gold_loss":0,"cards_upgraded":["Headbutt","Strike_R"]},{"damage_healed":0,"gold_gain":0,"player_choice":"Rummage","damage_taken":0,"relics_obtained":["WarpedTongs"],"max_hp_gain":0,"max_hp_loss":0,"event_name":"Accursed Blacksmith","floor":14,"gold_loss":0,"cards_obtained":["Pain"]},{"damage_healed":0,"gold_gain":0,"player_choice":"Opened","damage_taken":0,"relics_obtained":["Regal Pillow"],"max_hp_gain":0,"max_hp_loss":0,"event_name":"The Mausoleum","floor":20,"gold_loss":0},{"damage_healed":0,"gold_gain":0,"player_choice":"Upgraded","damage_taken":0,"max_hp_gain":0,"max_hp_loss":0,"event_name":"Upgrade Shrine","floor":21,"gold_loss":0,"cards_upgraded":["Seeing Red"]},{"damage_healed":0,"gold_gain":0,"player_choice":"Bought 3 Potions","damage_taken":0,"max_hp_gain":0,"max_hp_loss":0,"event_name":"The Woman in Blue","floor":24,"gold_loss":0},{"damage_healed":0,"gold_gain":0,"player_choice":"Paid Gold","damage_taken":0,"relics_obtained":["Shuriken"],"max_hp_gain":0,"max_hp_loss":0,"event_name":"WeMeetAgain","floor":30,"gold_loss":112}],"is_beta":false,"boss_relics":[{"not_picked":["Black Blood","Ectoplasm"],"picked":"Empty Cage"}],"items_purged_floors":[13],"is_endless":false,"potions_floor_spawned":[4,7,8,12,18,22,25],"killed_by":"Champ","ascension_level":1}