{"gold_per_floor":[118,135,153,170,189,189,216,216,239,239,257,292,292,319,319,390,390,409,377,20,35,52,52,70,70,96,96,15,26,26,59,59,59],"floor_reached":33,"playtime":2591,"items_purged":[],"score":557,"play_id":"9ad7145b-067b-480f-a807-cd0fc84e0618","local_time":"20180714133343","is_ascension_mode":true,"campfire_choices":[{"data":"Dualcast","floor":6.0,"key":"SMITH"},{"data":"Zap","floor":8.0,"key":"SMITH"},{"data":"Go for the Eyes","floor":10.0,"key":"SMITH"},{"data":"Conserve Battery","floor":15.0,"key":"SMITH"},{"floor":23.0,"key":"REST"},{"data":"Sweeping Beam","floor":25.0,"key":"SMITH"},{"floor":27.0,"key":"REST"},{"data":"Defragment","floor":32.0,"key":"SMITH"}],"neow_cost":"NONE","seed_source_timestamp":20633779621492,"circlet_count":0,"master_deck":["Defend_B","Defend_B","Defend_B","Defend_B","Zap+1","Dualcast+1","AscendersBane","Leap","Sweeping Beam","Cold Snap","Go for the Eyes+1","Cold Snap","Electrodynamics","Conserve Battery+1","Buffer","Self Repair+1","Rebound+1","Steam+1","Reinforced Body","FTL","Leap","Sweeping Beam+1","Defragment+1","Conserve Battery","Bite","Bite","Bite","Bite","Bite","Compile Driver"],"special_seed":0,"relics":["Cracked Core","Omamori","Odd Mushroom","Orichalcum","Juzu Bracelet","CultistMask","Art of War","Astrolabe","Anchor","Lantern","Ancient Tea Set"],"potions_floor_usage":[33],"damage_taken":[{"damage":1.0,"enemies":"Cultist","floor":1.0,"turns":4.0},{"damage":0.0,"enemies":"Small Slimes","floor":2.0,"turns":3.0},{"damage":0.0,"enemies":"2 Louse","floor":3.0,"turns":2.0},{"damage":6.0,"enemies":"Looter","floor":4.0,"turns":3.0},{"damage":6.0,"enemies":"Blue Slaver","floor":5.0,"turns":4.0},{"damage":10.0,"floor":7.0,"turns":5.0},{"damage":5.0,"enemies":"Lots of Slimes","floor":11.0,"turns":4.0},{"damage":11.0,"enemies":"Lagavulin","floor":12.0,"turns":8.0},{"damage":0.0,"enemies":"Gremlin Nob","floor":14.0,"turns":3.0},{"damage":22.0,"enemies":"Slime Boss","floor":16.0,"turns":10.0},{"damage":22.0,"enemies":"3 Byrds","floor":18.0,"turns":4.0},{"damage":16.0,"enemies":"2 Thieves","floor":19.0,"turns":5.0},{"damage":23.0,"enemies":"Snake Plant","floor":21.0,"turns":6.0},{"damage":0.0,"enemies":"Centurion and Healer","floor":22.0,"turns":11.0},{"damage":25.0,"enemies":"Slaver and Parasite","floor":24.0,"turns":11.0},{"damage":14.0,"enemies":"Snake Plant","floor":29.0,"turns":7.0},{"damage":27.0,"enemies":"Slavers","floor":31.0,"turns":6.0},{"damage":56,"enemies":"Collector","floor":33,"turns":6}],"seed_played":"5070821260712218714","potions_obtained":[{"floor":1.0,"key":"Swift Potion"},{"floor":3.0,"key":"Swift Potion"},{"floor":14.0,"key":"Dexterity Potion"},{"floor":21.0,"key":"Block Potion"},{"floor":31.0,"key":"SpeedPotion"}],"is_trial":false,"path_per_floor":["M","M","M","M","M","R","?","R","T","R","M","E","?","E","R","B",null,"M","M","$","M","M","R","M","R","T","R","$","M","?","E","R"],"character_chosen":"DEFECT","items_purchased":["Reinforced Body","Anchor","Fire Potion","FTL","Defragment"],"campfire_rested":2,"item_purchase_floors":[20,20,20,20,28],"current_hp_per_floor":[63,63,63,57,51,51,41,41,41,41,36,25,25,25,25,3,54,42,36,36,23,33,54,39,39,39,60,60,56,49,40,40,0],"gold":59,"neow_bonus":"RANDOM_COMMON_RELIC","is_prod":false,"is_daily":false,"chose_seed":false,"campfire_upgraded":6,"win_rate":0,"timestamp":1531600423,"path_taken":["M","M","M","M","M","R","?","R","T","R","M","E","?","E","R","BOSS","M","M","$","M","M","R","M","R","T","R","?","M","?","E","R","BOSS"],"build_version":"2018-07-12","purchased_purges":0,"victory":false,"max_hp_per_floor":[71,71,71,71,71,71,71,71,71,71,71,71,71,71,71,71,71,71,71,71,71,71,71,71,71,71,71,71,71,49,49,49,49],"card_choices":[{"not_picked":["Lockon","Blizzard"],"picked":"Leap","floor":1.0},{"not_picked":["Rebound","Stack"],"picked":"Sweeping Beam","floor":2.0},{"not_picked":["Turbo","Conserve Battery"],"picked":"Cold Snap","floor":3.0},{"not_picked":["Consume","Sweeping Beam","Melter"],"picked":"SKIP","floor":4.0},{"not_picked":["Leap","Storm"],"picked":"Go for the Eyes","floor":5.0},{"not_picked":["Melter","Auto Shields"],"picked":"Cold Snap","floor":7.0},{"not_picked":["Hologram","Ball Lightning"],"picked":"Electrodynamics","floor":11.0},{"not_picked":["Lockon","Hologram"],"picked":"Conserve Battery","floor":12.0},{"not_picked":["Rebound","Redo","All For One"],"picked":"SKIP","floor":14.0},{"not_picked":["Meteor Strike","Multi-Cast"],"picked":"Buffer","floor":16.0},{"not_picked":["Turbo","Scrape","Self Repair"],"picked":"SKIP","floor":18.0},{"not_picked":["Rebound","Turbo","Redo"],"picked":"SKIP","floor":19.0},{"not_picked":["Reprogram","Aggregate","Rebound"],"picked":"SKIP","floor":21.0},{"not_picked":["Beam Cell","Coolheaded"],"picked":"Leap","floor":22.0},{"not_picked":["Steam","Loop"],"picked":"Sweeping Beam","floor":24.0},{"not_picked":["Beam Cell","Steam"],"picked":"Conserve Battery","floor":29.0},{"not_picked":["Skim","Melter"],"picked":"Compile Driver","floor":31.0}],"player_experience":767818,"relics_obtained":[{"floor":7.0,"key":"Odd Mushroom"},{"floor":9.0,"key":"Orichalcum"},{"floor":12.0,"key":"Juzu Bracelet"},{"floor":14.0,"key":"Art of War"},{"floor":26.0,"key":"Lantern"},{"floor":31.0,"key":"Ancient Tea Set"}],"event_choices":[{"event_name":"Mushrooms","player_choice":"Fought Mushrooms","floor":7.0,"damage_taken":0.0},{"event_name":"FaceTrader","player_choice":"Trade","floor":13.0,"damage_taken":0.0},{"event_name":"Vampires","player_choice":"Became a vampire","floor":30.0,"damage_taken":0.0}],"boss_relics":[{"not_picked":["Ectoplasm","FrozenCore"],"picked":"Astrolabe"}],"items_purged_floors":[],"is_endless":false,"potions_floor_spawned":[1,3,5,14,21,22,31],"killed_by":"Collector","ascension_level":15}