{"gold_per_floor":[112,187,187,205,229,229,154,154,154,167,167,16,84,103,103,103],"floor_reached":16,"playtime":513,"items_purged":["Strike_G"],"score":200,"play_id":"c77e6af0-79c5-486a-bc77-1d82a8b5b0f7","local_time":"20190331235732","is_ascension_mode":true,"campfire_choices":[{"data":"Neutralize","floor":6.0,"key":"SMITH"},{"data":"Cloak And Dagger","floor":11.0,"key":"SMITH"},{"floor":15.0,"key":"REST"}],"neow_cost":"NONE","seed_source_timestamp":0,"circlet_count":0,"master_deck":["AscendersBane","Defend_G","Defend_G","Defend_G","Defend_G","Defend_G","Strike_G","Strike_G","Survivor","Neutralize+1","Cloak And Dagger+1","Choke","Infinite Blades","Slice","Finisher"],"special_seed":0,"relics":["Ring of the Snake","Juzu Bracelet","Golden Idol","Turnip","Tiny Chest"],"potions_floor_usage":[16],"damage_taken":[{"damage":0.0,"enemies":"Jaw Worm","floor":1.0,"turns":6.0},{"damage":6.0,"enemies":"2 Louse","floor":4.0,"turns":6.0},{"damage":2.0,"enemies":"Small Slimes","floor":5.0,"turns":5.0},{"damage":12.0,"enemies":"Exordium Wildlife","floor":10.0,"turns":8.0},{"damage":26.0,"enemies":"Lagavulin","floor":13.0,"turns":8.0},{"damage":1.0,"enemies":"Large Slime","floor":14.0,"turns":6.0},{"damage":13,"enemies":"Slime Boss","floor":16,"turns":6}],"seed_played":"-2264140361600906542","potions_obtained":[{"floor":14.0,"key":"FearPotion"}],"is_trial":false,"path_per_floor":["M","?","?","M","M","R","?","?","T","M","R","$","E","M","R","B"],"character_chosen":"THE_SILENT","items_purchased":["Infinite Blades"],"campfire_rested":1,"item_purchase_floors":[12],"current_hp_per_floor":[59,48,48,42,40,40,40,40,40,28,28,28,2,1,19,6],"gold":103,"neow_bonus":"RANDOM_COMMON_RELIC","is_prod":false,"is_daily":false,"chose_seed":true,"campfire_upgraded":2,"win_rate":0,"timestamp":1554047852,"path_taken":["M","?","?","M","M","R","?","?","T","M","R","$","E","M","R","BOSS"],"build_version":"2019-03-15","purchased_purges":1,"victory":false,"max_hp_per_floor":[66,66,60,60,60,60,60,60,60,60,60,60,60,60,60,60],"card_choices":[{"not_picked":["Underhanded Strike","PiercingWail"],"picked":"Cloak And Dagger","floor":1.0},{"not_picked":["Bouncing Flask","Sucker Punch","Expertise"],"picked":"SKIP","floor":4.0},{"not_picked":["Dagger Spray","Caltrops","Deadly Poison"],"picked":"SKIP","floor":5.0},{"not_picked":["Underhanded Strike","Acrobatics"],"picked":"Choke","floor":10.0},{"not_picked":["Leg Sweep","Deadly Poison"],"picked":"Slice","floor":13.0},{"not_picked":["Calculated Gamble","Skewer"],"picked":"Finisher","floor":14.0}],"player_experience":1309426,"relics_obtained":[{"floor":9.0,"key":"Turnip"},{"floor":13.0,"key":"Tiny Chest"}],"event_choices":[{"damage_healed":0.0,"max_hp_gain":0.0,"max_hp_loss":0.0,"gold_gain":75.0,"event_name":"World of Goop","player_choice":"Gather Gold","floor":2.0,"gold_loss":0.0,"damage_taken":11.0},{"damage_healed":0.0,"max_hp_gain":0.0,"max_hp_loss":6.0,"gold_gain":0.0,"event_name":"Golden Idol","player_choice":"Lose Max HP","floor":3.0,"gold_loss":0.0,"damage_taken":0.0,"relics_obtained":["Golden Idol"]},{"cards_removed":["Strike_G"],"damage_healed":0.0,"max_hp_gain":0.0,"max_hp_loss":0.0,"gold_gain":0.0,"event_name":"The Cleric","player_choice":"Card Removal","floor":7.0,"gold_loss":75.0,"damage_taken":0.0},{"cards_removed":["Strike_G"],"damage_healed":0.0,"max_hp_gain":0.0,"max_hp_loss":0.0,"gold_gain":0.0,"event_name":"Bonfire Elementals","player_choice":"Offered Basic","floor":8.0,"gold_loss":0.0,"damage_taken":0.0}],"is_beta":true,"boss_relics":[],"items_purged_floors":[12],"is_endless":false,"potions_floor_spawned":[14],"killed_by":"Slime Boss","ascension_level":20}