{"gold_per_floor":[109,128,148,98,114,114,149,149,201,217,98,123,123,141,141,238,238,249,259,259,259],"floor_reached":21,"playtime":982,"items_purged":["Strike_B"],"score":210,"play_id":"f500364e-7e66-4fbd-92f4-e08130691184","local_time":"25610804214817","is_ascension_mode":true,"campfire_choices":[{"data":"Zap","floor":6,"key":"SMITH"},{"data":"Sweeping Beam","floor":8,"key":"SMITH"},{"data":"Dualcast","floor":13,"key":"SMITH"},{"floor":15,"key":"REST"}],"neow_cost":"","seed_source_timestamp":33052767154172,"circlet_count":0,"master_deck":["Strike_B","Strike_B","Strike_B","Defend_B","Defend_B","Defend_B","Zap+1","Dualcast+1","Sweeping Beam+1","BootSequence","Conserve Battery","Rebound","Turbo","Go for the Eyes","Steam Power","Gash","Thunder Strike","Beam Cell","Doom and Gloom","RitualDagger"],"relics":["Cracked Core","Smiling Mask","Happy Flower","Juzu Bracelet","Inserter"],"potions_floor_usage":[7,10,21],"damage_taken":[{"damage":2,"enemies":"Jaw Worm","floor":1,"turns":3},{"damage":0,"enemies":"Small Slimes","floor":2,"turns":3},{"damage":1,"enemies":"Cultist","floor":3,"turns":3},{"damage":2,"enemies":"Blue Slaver","floor":5,"turns":4},{"damage":14,"enemies":"Gremlin Nob","floor":7,"turns":4},{"damage":0,"enemies":"Exordium Wildlife","floor":10,"turns":2},{"damage":7,"enemies":"3 Sentries","floor":12,"turns":4},{"damage":10,"enemies":"Large Slime","floor":14,"turns":4},{"damage":40,"enemies":"The Guardian","floor":16,"turns":11},{"damage":0,"enemies":"Spheric Guardian","floor":18,"turns":3},{"damage":28,"enemies":"Shell Parasite","floor":19,"turns":5},{"damage":47,"enemies":"Snecko","floor":21,"turns":6}],"seed_played":"261035696186824440","potions_obtained":[{"floor":3,"key":"Poison Potion"},{"floor":7,"key":"Poison Potion"},{"floor":10,"key":"Ancient Potion"},{"floor":19,"key":"Weak Potion"}],"is_trial":false,"path_per_floor":["M","M","M","?","M","R","E","R","T","M","$","E","R","M","R","B",null,"M","M","?"],"character_chosen":"DEFECT","items_purchased":["Steam Power"],"campfire_rested":1,"item_purchase_floors":[11],"current_hp_per_floor":[73,73,72,72,70,70,56,56,56,56,56,49,49,39,61,21,75,75,47,41,0],"gold":259,"neow_bonus":"","is_prod":false,"is_daily":false,"chose_seed":false,"campfire_upgraded":3,"win_rate":0,"timestamp":1533394097,"path_taken":["M","M","M","?","M","R","E","R","T","?","$","E","R","M","R","BOSS","M","M","?","M"],"build_version":"2018-08-02","purchased_purges":1,"victory":false,"max_hp_per_floor":[75,75,75,75,75,75,75,75,75,75,75,75,75,75,75,75,75,75,75,75,75],"card_choices":[{"not_picked":["Reprogram","Glacier"],"picked":"Sweeping Beam","floor":1},{"not_picked":["Ball Lightning","Coolheaded"],"picked":"BootSequence","floor":2},{"not_picked":["Coolheaded","White Noise"],"picked":"Conserve Battery","floor":3},{"not_picked":["Reinforced Body","BootSequence"],"picked":"Rebound","floor":5},{"not_picked":["Cold Snap","Scrape"],"picked":"Turbo","floor":7},{"not_picked":["Beam Cell","Cold Snap"],"picked":"Go for the Eyes","floor":10},{"not_picked":["Steam Power","Blizzard","Biased Cognition"],"picked":"SKIP","floor":12},{"not_picked":["Stack","Hologram"],"picked":"Gash","floor":14},{"not_picked":["Amplify","Rainbow"],"picked":"Thunder Strike","floor":16},{"not_picked":["Turbo","Redo+1"],"picked":"Beam Cell","floor":18},{"not_picked":["Turbo","Double Energy+1"],"picked":"Doom and Gloom","floor":19}],"player_experience":197082,"relics_obtained":[{"floor":7,"key":"Smiling Mask"},{"floor":9,"key":"Happy Flower"},{"floor":12,"key":"Juzu Bracelet"}],"event_choices":[{"event_name":"The Cleric","player_choice":"Card Removal","floor":4,"damage_taken":0},{"event_name":"Nest","player_choice":"Joined the Cult","floor":20,"damage_taken":0}],"is_beta":false,"boss_relics":[{"not_picked":["Ectoplasm","Empty Cage"],"picked":"Inserter"}],"items_purged_floors":[11],"is_endless":false,"potions_floor_spawned":[3,7,10,19],"killed_by":"Snecko","ascension_level":2}