{"gold_per_floor":[117,117,136,19,30,55,18,18,18,35,61,79,94,94,94,198,198,218,218,238,238,14,46,46,56,83,83,99,134,146,178,190,202],"floor_reached":33,"playtime":866,"items_purged":[],"score":297,"play_id":"e7b7ad02-ace6-4c99-8282-de61eca193c6","local_time":"25620323122149","is_ascension_mode":false,"campfire_choices":[{"data":"Zap","floor":8.0,"key":"SMITH"},{"data":"Defragment","floor":15.0,"key":"SMITH"},{"data":"Creative AI","floor":24,"key":"SMITH"},{"data":"Rainbow","floor":27,"key":"SMITH"},{"data":"Fission","floor":30,"key":"SMITH"},{"floor":32,"key":"REST"}],"neow_cost":"NONE","seed_source_timestamp":3153795857752,"circlet_count":0,"master_deck":["Strike_B","Strike_B","Strike_B","Defend_B","Defend_B+1","Defend_B+1","Defend_B","Zap+1","Dualcast","Defragment+1","Double Energy","Hologram","Rainbow+1","Streamline","Ball Lightning","Conserve Battery","Capacitor","Self Repair","Sweeping Beam+1","Streamline+1","Glacier","Creative AI+1","Auto Shields","Thunder Strike+1","Swift Strike+1","Go for the Eyes+1","White Noise","Fission+1"],"special_seed":0,"relics":["Cracked Core","NeowsBlessing","Bottled Lightning","Molten Egg 2","Strawberry","Busted Crown","Centennial Puzzle","Ancient Tea Set","MawBank"],"potions_floor_usage":[16,16,23,28,29],"damage_taken":[{"damage":0.0,"enemies":"Jaw Worm","floor":1.0,"turns":1.0},{"damage":0.0,"enemies":"Cultist","floor":3.0,"turns":1.0},{"damage":0.0,"enemies":"2 Louse","floor":5.0,"turns":1.0},{"damage":22.0,"enemies":"Gremlin Nob","floor":6.0,"turns":4.0},{"damage":7.0,"enemies":"Blue Slaver","floor":10.0,"turns":3.0},{"damage":5.0,"enemies":"Lagavulin","floor":11.0,"turns":5.0},{"damage":8.0,"enemies":"Exordium Wildlife","floor":12.0,"turns":4.0},{"damage":3.0,"enemies":"Looter","floor":13.0,"turns":3.0},{"damage":15,"enemies":"Slime Boss","floor":16,"turns":9},{"damage":8,"enemies":"Chosen","floor":18,"turns":4},{"damage":19,"enemies":"2 Thieves","floor":20,"turns":4},{"damage":13,"enemies":"Slavers","floor":23,"turns":5},{"damage":7,"enemies":"Centurion and Healer","floor":25,"turns":7},{"damage":7,"enemies":"Snecko","floor":28,"turns":3},{"damage":9,"enemies":"Book of Stabbing","floor":29,"turns":7},{"damage":6,"enemies":"Sentry and Sphere","floor":31,"turns":3},{"damage":65,"enemies":"Collector","floor":33,"turns":5}],"seed_played":"-4514816408419028784","potions_obtained":[{"floor":1.0,"key":"Dexterity Potion"},{"floor":10.0,"key":"EssenceOfSteel"},{"floor":11.0,"key":"SkillPotion"},{"floor":13.0,"key":"Block Potion"},{"floor":20,"key":"SkillPotion"},{"floor":25,"key":"EssenceOfSteel"},{"floor":28,"key":"GamblersBrew"}],"is_trial":false,"path_per_floor":["M","?","M","$","M","E","$","R","T","M","E","M","M","?","R","B",null,"M","?","M","?","$","E","R","M","T","R","M","E","R","M","R","B"],"character_chosen":"DEFECT","items_purchased":["Rainbow","Streamline","Capacitor","Thunder Strike+1","Swift Strike+1"],"campfire_rested":1,"item_purchase_floors":[4,4,7,22,22],"current_hp_per_floor":[75,75,75,75,75,53,53,53,53,46,55,54,51,35,35,20,82,81,65,53,53,53,40,40,40,40,40,33,31,31,32,58,0],"gold":202,"neow_bonus":"THREE_ENEMY_KILL","is_prod":false,"is_daily":false,"chose_seed":false,"campfire_upgraded":5,"win_rate":0.0,"timestamp":1553318509,"path_taken":["M","?","M","$","?","E","$","R","T","M","E","M","M","?","R","BOSS","M","?","M","?","$","E","R","M","T","R","M","E","R","M","R","BOSS"],"build_version":"2019-01-23","purchased_purges":0,"victory":false,"max_hp_per_floor":[75,75,75,75,75,75,75,75,75,75,82,82,82,82,82,82,82,82,87,87,87,87,87,87,87,87,87,87,87,87,87,87,87],"card_choices":[{"not_picked":["Stack","Compile Driver"],"picked":"Defragment","floor":1.0},{"not_picked":["Beam Cell","Steam"],"picked":"Hologram","floor":3.0},{"not_picked":["Barrage","Compile Driver"],"picked":"Ball Lightning","floor":5.0},{"not_picked":["Beam Cell","Chill"],"picked":"Conserve Battery","floor":6.0},{"not_picked":["Steam","Barrage+1"],"picked":"Self Repair","floor":10.0},{"not_picked":["Beam Cell+1","Defragment"],"picked":"Sweeping Beam+1","floor":11.0},{"not_picked":["Chaos","Scrape+1"],"picked":"Streamline+1","floor":12.0},{"not_picked":["Stack","Loop"],"picked":"Glacier","floor":13.0},{"not_picked":["Rainbow","Seek"],"picked":"Creative AI","floor":16},{"not_picked":["Stack"],"picked":"SKIP","floor":18},{"not_picked":[],"picked":"Auto Shields","floor":20},{"not_picked":[],"picked":"Go for the Eyes+1","floor":23},{"not_picked":[],"picked":"White Noise","floor":25},{"not_picked":["Leap"],"picked":"SKIP","floor":28},{"not_picked":[],"picked":"Fission","floor":29},{"not_picked":["Capacitor"],"picked":"SKIP","floor":31}],"player_experience":7254,"relics_obtained":[{"floor":6.0,"key":"Bottled Lightning"},{"floor":9.0,"key":"Molten Egg 2"},{"floor":11.0,"key":"Strawberry"},{"floor":23,"key":"Centennial Puzzle"},{"floor":26,"key":"Ancient Tea Set"},{"floor":29,"key":"MawBank"}],"event_choices":[{"damage_healed":0.0,"max_hp_gain":0.0,"max_hp_loss":0.0,"gold_gain":0.0,"cards_transformed":["Strike_B"],"event_name":"Transmorgrifier","player_choice":"Transformed","floor":2.0,"gold_loss":0.0,"damage_taken":0.0,"cards_obtained":["Double Energy"]},{"damage_healed":0.0,"max_hp_gain":0.0,"max_hp_loss":0.0,"gold_gain":0.0,"event_name":"Shining Light","player_choice":"Entered Light","floor":14.0,"gold_loss":0.0,"damage_taken":16.0,"cards_upgraded":["Defend_B","Defend_B"]},{"damage_healed":0,"gold_gain":0,"player_choice":"Shed Blood","damage_taken":21,"max_hp_gain":5,"max_hp_loss":0,"event_name":"Forgotten Altar","floor":19,"gold_loss":0},{"damage_healed":0,"gold_gain":0,"player_choice":"Ignored","damage_taken":0,"max_hp_gain":0,"max_hp_loss":0,"event_name":"Ghosts","floor":21,"gold_loss":0}],"is_beta":false,"boss_relics":[{"not_picked":["Fusion Hammer","Eternal Feather"],"picked":"Busted Crown"}],"items_purged_floors":[],"is_endless":false,"potions_floor_spawned":[1,10,11,13,20,25,28],"killed_by":"Collector","ascension_level":0}