{"gold_per_floor":[110,121,139,154,0,0,32,50,100,127,127,157,169,196,208,293,305,305,305,32,32,32,32,32,32],"floor_reached":25,"playtime":1603,"items_purged":["Regret"],"score":396,"play_id":"a61cfcc4-3587-4224-b57d-47c320405720","local_time":"20190105032835","is_ascension_mode":true,"campfire_choices":[{"data":"Cloak And Dagger","floor":6,"key":"SMITH"},{"floor":13,"key":"REST"},{"floor":15,"key":"REST"},{"floor":23,"key":"REST"}],"neow_cost":"NONE","seed_source_timestamp":1296201878837431,"circlet_count":0,"master_deck":["AscendersBane","Defend_G","Defend_G","Defend_G","Defend_G","Defend_G","Strike_G","Strike_G","Strike_G","Strike_G","Strike_G","Survivor","Neutralize","Cloak And Dagger+1","Dagger Throw","Choke","Terror","Deadly Poison","Reflex","Noxious Fumes","Leg Sweep","PiercingWail+1","Blur+1","Night Terror+1","Dodge and Roll+1","Footwork","Doppelganger+1","Good Instincts+1","Prepared+1","Cloak And Dagger+1","Well Laid Plans"],"relics":["Ring of the Snake","PreservedInsect","Smiling Mask","Juzu Bracelet","Odd Mushroom","Toxic Egg 2","MawBank","Ectoplasm"],"potions_floor_usage":[7,10,16,18,21],"damage_taken":[{"damage":0,"enemies":"2 Louse","floor":1,"turns":4},{"damage":11,"enemies":"Small Slimes","floor":2,"turns":4},{"damage":0,"enemies":"Jaw Worm","floor":3,"turns":4},{"damage":3,"enemies":"Looter","floor":4,"turns":3},{"damage":0,"enemies":"Gremlin Nob","floor":7,"turns":2},{"damage":5,"enemies":"Exordium Wildlife","floor":8,"turns":3},{"damage":5,"enemies":"The Mushroom Lair","floor":10,"turns":4},{"damage":36,"enemies":"Lagavulin","floor":12,"turns":6},{"damage":16,"enemies":"3 Louse","floor":14,"turns":5},{"damage":5,"enemies":"Hexaghost","floor":16,"turns":11},{"damage":31,"enemies":"3 Byrds","floor":18,"turns":6},{"damage":5,"enemies":"Shell Parasite","floor":19,"turns":6},{"damage":15,"enemies":"Cultist and Chosen","floor":21,"turns":10},{"damage":0,"enemies":"Snecko","floor":24,"turns":8},{"damage":36,"enemies":"Gremlin Leader","floor":25,"turns":3}],"seed_played":"1329547663187901263","potions_obtained":[{"floor":1,"key":"FearPotion"},{"floor":3,"key":"SteroidPotion"},{"floor":14,"key":"Strength Potion"},{"floor":16,"key":"SkillPotion"},{"floor":18,"key":"GhostInAJar"}],"is_trial":false,"path_per_floor":["M","M","M","M","$","R","E","M","T","?","?","E","R","M","R","B",null,"M","M","$","M","$","R","M","E"],"character_chosen":"THE_SILENT","items_purchased":["PreservedInsect","Doppelganger+1","Good Instincts+1","Prepared+1"],"campfire_rested":3,"item_purchase_floors":[5,20,20,20],"current_hp_per_floor":[63,52,52,49,49,49,49,44,44,39,39,3,24,8,29,24,59,28,23,23,8,8,29,29,0],"gold":32,"neow_bonus":"THREE_CARDS","is_prod":false,"is_daily":false,"chose_seed":false,"campfire_upgraded":1,"win_rate":0,"timestamp":1546655315,"path_taken":["M","M","M","M","$","R","E","M","T","?","?","E","R","M","R","BOSS","M","M","$","M","$","R","M","E"],"build_version":"2019-01-03v4","purchased_purges":1,"victory":false,"max_hp_per_floor":[70,70,70,70,70,70,70,70,70,70,70,70,70,70,70,70,70,70,70,70,70,70,70,70,70],"card_choices":[{"not_picked":["Slice","Endless Agony"],"picked":"Cloak And Dagger","floor":0},{"not_picked":["Calculated Gamble","Prepared"],"picked":"Dagger Throw","floor":1},{"not_picked":["Riddle With Holes","Catalyst"],"picked":"Choke","floor":2},{"not_picked":["Dagger Spray","Outmaneuver"],"picked":"Terror","floor":3},{"not_picked":["Deflect","Bane"],"picked":"Deadly Poison","floor":4},{"not_picked":["Outmaneuver","Quick Slash"],"picked":"Reflex","floor":7},{"not_picked":["Sucker Punch","Dagger Throw"],"picked":"Noxious Fumes","floor":8},{"not_picked":["Dodge and Roll","Underhanded Strike"],"picked":"Leg Sweep","floor":10},{"not_picked":["Setup+1","Backflip+1"],"picked":"PiercingWail+1","floor":12},{"not_picked":["Distraction+1","Cloak And Dagger+1"],"picked":"Blur+1","floor":14},{"not_picked":["Malaise+1","Doppelganger+1"],"picked":"Night Terror+1","floor":16},{"not_picked":["Flying Knee+1","Outmaneuver+1"],"picked":"Dodge and Roll+1","floor":18},{"not_picked":["Endless Agony","Poisoned Stab"],"picked":"Footwork","floor":19},{"not_picked":["Glass Knife","Concentrate+1"],"picked":"Cloak And Dagger+1","floor":21},{"not_picked":["Expertise+1","Bane"],"picked":"Well Laid Plans","floor":24}],"player_experience":407067,"relics_obtained":[{"floor":7,"key":"Smiling Mask"},{"floor":9,"key":"Juzu Bracelet"},{"floor":10,"key":"Odd Mushroom"},{"floor":12,"key":"MawBank"}],"event_choices":[{"damage_healed":0,"gold_gain":0,"player_choice":"Fought Mushrooms","damage_taken":0,"max_hp_gain":0,"max_hp_loss":0,"event_name":"Mushrooms","floor":10,"gold_loss":0},{"damage_healed":0,"gold_gain":0,"player_choice":"Box","damage_taken":0,"relics_obtained":["Toxic Egg 2"],"max_hp_gain":0,"max_hp_loss":0,"event_name":"Big Fish","floor":11,"gold_loss":0,"cards_obtained":["Regret"]}],"is_beta":false,"boss_relics":[{"not_picked":["Calling Bell","White Beast Statue"],"picked":"Ectoplasm"}],"items_purged_floors":[20],"is_endless":false,"potions_floor_spawned":[1,3,14,16,18],"killed_by":"Gremlin Leader","ascension_level":13}