{"gold_per_floor":[110,110,130,12,0,0,30,44,44,79,79,102,102,160,160,160],"floor_reached":16,"playtime":631,"items_purged":[],"score":226,"play_id":"b678aed0-022c-4734-b1db-337cbc7eae10","local_time":"20180906111052","is_ascension_mode":true,"campfire_choices":[{"floor":6.0,"key":"REST"},{"data":"Body Slam","floor":11.0,"key":"SMITH"},{"floor":13.0,"key":"REST"},{"data":"True Grit","floor":15,"key":"SMITH"}],"neow_cost":"PERCENT_DAMAGE","seed_source_timestamp":2287172830317,"circlet_count":0,"master_deck":["Strike_R","Strike_R","Strike_R","Strike_R","Strike_R+1","Defend_R+1","Defend_R","Defend_R","Defend_R","Bash","AscendersBane","Iron Wave","Anger","Battle Trance","Body Slam+1","Pommel Strike","Pommel Strike","True Grit+1"],"special_seed":0,"relics":["Burning Blood","Kunai","Question Card","Oddly Smooth Stone","Odd Mushroom","Strawberry"],"potions_floor_usage":[],"damage_taken":[{"damage":17.0,"enemies":"Jaw Worm","floor":1.0,"turns":4.0},{"damage":1.0,"enemies":"Small Slimes","floor":3.0,"turns":4.0},{"damage":27.0,"enemies":"Gremlin Nob","floor":7.0,"turns":4.0},{"damage":1.0,"enemies":"Cultist","floor":8.0,"turns":3.0},{"damage":17.0,"enemies":"Lagavulin","floor":10.0,"turns":7.0},{"damage":13.0,"enemies":"The Mushroom Lair","floor":12.0,"turns":4.0},{"damage":26,"enemies":"3 Sentries","floor":14,"turns":9},{"damage":34,"enemies":"Hexaghost","floor":16,"turns":9}],"seed_played":"-6733021150227575709","potions_obtained":[{"floor":8.0,"key":"Weak Potion"},{"floor":10.0,"key":"Swift Potion"},{"floor":14,"key":"Dexterity Potion"}],"is_trial":false,"path_per_floor":["M","?","M","$","?","R","E","M","T","E","R","?","R","?","R"],"character_chosen":"IRONCLAD","items_purchased":["Battle Trance","Body Slam"],"campfire_rested":2,"item_purchase_floors":[4,4],"current_hp_per_floor":[47,20,25,25,25,51,30,35,35,24,24,17,43,30,30,0],"gold":160,"neow_bonus":"TWENTY_PERCENT_HP_BONUS","is_prod":false,"is_daily":false,"chose_seed":false,"campfire_upgraded":2,"win_rate":0,"timestamp":1536257452,"path_taken":["M","?","M","$","?","R","E","?","T","E","R","?","R","?","R","BOSS"],"build_version":"2018-08-30","purchased_purges":0,"victory":false,"max_hp_per_floor":[89,89,89,89,89,89,89,89,89,89,89,89,89,96,96,96],"card_choices":[{"not_picked":["Heavy Blade","Headbutt"],"picked":"Iron Wave","floor":1.0},{"not_picked":["Fire Breathing","Heavy Blade"],"picked":"Anger","floor":3.0},{"not_picked":["Clash","Cleave"],"picked":"Pommel Strike","floor":7.0},{"not_picked":["Hemokinesis","Entrench","Dropkick"],"picked":"SKIP","floor":8.0},{"not_picked":["Sentinel","Flex","Disarm"],"picked":"Pommel Strike","floor":10.0},{"not_picked":["Second Wind","Headbutt","Flex"],"picked":"True Grit","floor":14}],"player_experience":1076636,"relics_obtained":[{"floor":7.0,"key":"Kunai"},{"floor":9.0,"key":"Question Card"},{"floor":10.0,"key":"Oddly Smooth Stone"},{"floor":12.0,"key":"Odd Mushroom"},{"floor":14,"key":"Strawberry"}],"event_choices":[{"event_name":"Shining Light","player_choice":"Entered Light","floor":2.0,"damage_taken":0.0},{"event_name":"World of Goop","player_choice":"Left","floor":5.0,"damage_taken":0.0},{"event_name":"Mushrooms","player_choice":"Fought Mushrooms","floor":12.0,"damage_taken":0.0},{"event_name":"Dead Adventurer","player_choice":"Searched \u00272\u0027 times","floor":14,"damage_taken":0}],"is_beta":false,"boss_relics":[],"items_purged_floors":[],"is_endless":false,"potions_floor_spawned":[8,10,14],"killed_by":"Hexaghost","ascension_level":18}