{"gold_per_floor":[365,383,533,458,477,491,491,524,524,524,540,540,540,570,570,644,644,634,634,647,647,391,391,437,437,485,485,520,338,358,358],"floor_reached":31,"playtime":1035,"items_purged":[],"score":457,"play_id":"8237283f-fac0-451e-8303-0d6700074c6d","local_time":"20181025022622","is_ascension_mode":true,"campfire_choices":[{"data":"Neutralize","floor":7.0,"key":"SMITH"},{"data":"Cloak And Dagger","floor":10.0,"key":"SMITH"},{"data":"Sucker Punch","floor":12.0,"key":"SMITH"},{"data":"Caltrops","floor":15.0,"key":"SMITH"},{"data":"Terror","floor":23.0,"key":"SMITH"},{"data":"After Image","floor":25.0,"key":"SMITH"},{"data":"Flying Knee","floor":27.0,"key":"SMITH"}],"neow_cost":"TEN_PERCENT_HP_LOSS","seed_source_timestamp":549998419200,"circlet_count":0,"master_deck":["Defend_G+1","Defend_G+1","Defend_G+1","Defend_G+1","Defend_G+1","Strike_G+1","Strike_G+1","Strike_G+1","Survivor","Neutralize+1","AscendersBane","Flying Knee+1","Sucker Punch+1","Leg Sweep+1","Terror+1","Cloak And Dagger+1","Caltrops+1","After Image+1","PiercingWail","Heel Hook","Cloak And Dagger","Well Laid Plans"],"special_seed":0,"relics":["Ring of the Snake","Letter Opener","Pantograph","Vajra","Empty Cage","Kunai","Juzu Bracelet","Blood Vial","Lantern","Strawberry"],"potions_floor_usage":[],"damage_taken":[{"damage":7.0,"enemies":"Small Slimes","floor":1.0,"turns":3.0},{"damage":0.0,"enemies":"2 Louse","floor":2.0,"turns":3.0},{"damage":0.0,"enemies":"Cultist","floor":5.0,"turns":4.0},{"damage":0.0,"enemies":"2 Fungi Beasts","floor":6.0,"turns":5.0},{"damage":21.0,"enemies":"Gremlin Nob","floor":8.0,"turns":4.0},{"damage":4.0,"enemies":"3 Louse","floor":11.0,"turns":3.0},{"damage":15.0,"enemies":"3 Sentries","floor":14.0,"turns":10.0},{"damage":16.0,"enemies":"The Guardian","floor":16.0,"turns":10.0},{"damage":11.0,"enemies":"2 Thieves","floor":18.0,"turns":4.0},{"damage":0.0,"enemies":"Chosen","floor":20.0,"turns":5.0},{"damage":38.0,"enemies":"Slavers","floor":28.0,"turns":8.0},{"damage":1.0,"enemies":"Snake Plant","floor":30.0,"turns":3.0},{"damage":19,"enemies":"Sentry and Sphere","floor":31,"turns":3}],"seed_played":"-1326687056393492255","potions_obtained":[{"floor":2.0,"key":"FearPotion"},{"floor":8.0,"key":"Strength Potion"},{"floor":11.0,"key":"Regen Potion"},{"floor":14.0,"key":"Ancient Potion"},{"floor":28.0,"key":"Ancient Potion"}],"is_trial":false,"path_per_floor":["M","M","?","?","M","M","R","E","T","R","M","R","?","E","R","B",null,"M","?","M","?","$","R","T","R","T","R","E","$","M"],"character_chosen":"THE_SILENT","items_purchased":["Kunai","Cloak And Dagger","Strawberry"],"campfire_rested":0,"item_purchase_floors":[22,29,29],"current_hp_per_floor":[52,52,52,52,52,52,52,31,31,31,27,27,27,27,27,36,54,43,43,43,43,43,43,43,43,43,43,7,14,15,0],"gold":358,"neow_bonus":"TWO_FIFTY_GOLD","is_prod":false,"is_daily":false,"chose_seed":false,"campfire_upgraded":7,"win_rate":0,"timestamp":1540459582,"path_taken":["M","M","?","?","M","M","R","E","T","R","?","R","?","E","R","BOSS","M","?","?","?","$","R","?","R","T","R","E","$","M","M"],"build_version":"2018-10-18","purchased_purges":0,"victory":false,"max_hp_per_floor":[60,60,60,60,60,60,60,60,60,60,60,60,60,60,60,60,60,60,60,60,60,60,60,60,60,60,60,60,67,67,67],"card_choices":[{"not_picked":["Acrobatics","Cloak And Dagger"],"picked":"Flying Knee","floor":1.0},{"not_picked":["Concentrate","Masterful Stab"],"picked":"Sucker Punch","floor":2.0},{"not_picked":["Dodge and Roll","Outmaneuver"],"picked":"Leg Sweep","floor":5.0},{"not_picked":["Deadly Poison","Poisoned Stab"],"picked":"Terror","floor":6.0},{"not_picked":["Underhanded Strike","Night Terror"],"picked":"Cloak And Dagger","floor":8.0},{"not_picked":["Reflex","Slice","Dodge and Roll"],"picked":"SKIP","floor":11.0},{"not_picked":["Outmaneuver","Riddle With Holes"],"picked":"Caltrops","floor":14.0},{"not_picked":["Wraith Form v2","Burst"],"picked":"After Image","floor":16.0},{"not_picked":["Flying Knee","Skewer"],"picked":"PiercingWail","floor":18.0},{"not_picked":["Terror","Predator"],"picked":"Heel Hook","floor":20.0},{"not_picked":["Predator","PiercingWail","Flying Knee"],"picked":"SKIP","floor":28.0},{"not_picked":["All Out Attack+1","Slice"],"picked":"Well Laid Plans","floor":30.0}],"player_experience":1454657,"relics_obtained":[{"floor":8.0,"key":"Letter Opener"},{"floor":9.0,"key":"Pantograph"},{"floor":14.0,"key":"Vajra"},{"floor":24.0,"key":"Juzu Bracelet"},{"floor":26.0,"key":"Blood Vial"},{"floor":28.0,"key":"Lantern"}],"event_choices":[{"damage_healed":0.0,"max_hp_gain":0.0,"max_hp_loss":0.0,"gold_gain":150.0,"event_name":"Liars Game","player_choice":"AGREE","floor":3.0,"gold_loss":0.0,"damage_taken":0.0,"cards_obtained":["Doubt"]},{"cards_removed":["Doubt"],"damage_healed":0.0,"max_hp_gain":0.0,"max_hp_loss":0.0,"gold_gain":0.0,"event_name":"The Cleric","player_choice":"Card Removal","floor":4.0,"gold_loss":75.0,"damage_taken":0.0},{"damage_healed":0.0,"max_hp_gain":0.0,"max_hp_loss":0.0,"gold_gain":0.0,"event_name":"Accursed Blacksmith","player_choice":"Forge","floor":13.0,"gold_loss":0.0,"damage_taken":0.0,"cards_upgraded":["Leg Sweep"]},{"damage_healed":0.0,"max_hp_gain":0.0,"max_hp_loss":0.0,"gold_gain":0.0,"event_name":"Back to Basics","player_choice":"Simplicity","floor":19.0,"gold_loss":0.0,"damage_taken":0.0,"cards_upgraded":["Defend_G","Defend_G","Defend_G","Defend_G","Defend_G","Strike_G","Strike_G","Strike_G"]},{"damage_healed":0.0,"max_hp_gain":0.0,"max_hp_loss":0.0,"gold_gain":0.0,"event_name":"Vampires","player_choice":"Ignored","floor":21.0,"gold_loss":0.0,"damage_taken":0.0}],"is_beta":false,"boss_relics":[{"not_picked":["Ring of the Serpent","Coffee Dripper"],"picked":"Empty Cage"}],"items_purged_floors":[],"is_endless":false,"potions_floor_spawned":[2,8,11,14,16,18,28,30],"killed_by":"Sentry and Sphere","ascension_level":15}