{"gold_per_floor":[109,119,137,149,32,58,58,87,87,112,126,24,24,35,35,114,114,98,112,122,122,73,101,101,131,131,131,141,141,158,173,173,245,245,265,26,26,43,43,43,98,109,109,109,109,121,121,156,156,156],"floor_reached":50,"playtime":2121,"items_purged":["Strike_R"],"score":1076,"play_id":"5562c20f-b366-4421-91cf-8cdf650601ad","local_time":"20190223150038","is_ascension_mode":true,"campfire_choices":[{"data":"Bash","floor":7.0,"key":"SMITH"},{"data":"Inflame","floor":15.0,"key":"SMITH"},{"data":"Uppercut","floor":24.0,"key":"SMITH"},{"floor":27.0,"key":"REST"},{"data":"True Grit","floor":32.0,"key":"SMITH"},{"data":"Corruption","floor":40,"key":"SMITH"},{"floor":47,"key":"REST"},{"floor":49,"key":"REST"}],"neow_cost":"NONE","seed_source_timestamp":9504333069191,"circlet_count":0,"master_deck":["AscendersBane","Strike_R+1","Strike_R+1","Strike_R+1","Defend_R+1","Defend_R+1","Defend_R+1","Defend_R+1","Bash+1","Inflame+1","Ghostly Armor","Thunderclap","Whirlwind","Flame Barrier","Sword Boomerang","Headbutt","Metallicize","Shrug It Off","Anger","Shockwave","Fiend Fire","Battle Trance","True Grit+1","Shrug It Off","Uppercut+1","Havoc+1","Pommel Strike","Inflame","Corruption+1","Shrug It Off","Shrug It Off+1","Shrug It Off","Body Slam+1","Writhe","Inflame+1","Juggernaut"],"special_seed":0,"relics":["Burning Blood","Singing Bowl","Thread and Needle","Unceasing Top","Odd Mushroom","Cursed Key","The Courier","Gremlin Horn","Eternal Feather","Chemical X","Mango","Ornamental Fan"],"potions_floor_usage":[41,46,50,50],"damage_taken":[{"damage":9.0,"enemies":"Jaw Worm","floor":1.0,"turns":4.0},{"damage":1.0,"enemies":"2 Louse","floor":2.0,"turns":3.0},{"damage":0.0,"enemies":"Cultist","floor":3.0,"turns":4.0},{"damage":18.0,"enemies":"3 Louse","floor":4.0,"turns":3.0},{"damage":25.0,"enemies":"3 Sentries","floor":6.0,"turns":5.0},{"damage":22.0,"enemies":"Gremlin Nob","floor":8.0,"turns":4.0},{"damage":9.0,"enemies":"The Mushroom Lair","floor":10.0,"turns":3.0},{"damage":3.0,"enemies":"2 Fungi Beasts","floor":11.0,"turns":3.0},{"damage":2.0,"enemies":"Red Slaver","floor":14.0,"turns":5.0},{"damage":24.0,"enemies":"Hexaghost","floor":16.0,"turns":10.0},{"damage":4.0,"enemies":"2 Thieves","floor":18.0,"turns":4.0},{"damage":1.0,"enemies":"Shell Parasite","floor":19.0,"turns":6.0},{"damage":13.0,"enemies":"Snake Plant","floor":20.0,"turns":4.0},{"damage":22.0,"enemies":"Book of Stabbing","floor":23.0,"turns":4.0},{"damage":36.0,"enemies":"Slavers","floor":25.0,"turns":3.0},{"damage":13.0,"enemies":"Snecko","floor":28.0,"turns":5.0},{"damage":0.0,"enemies":"Centurion and Healer","floor":30.0,"turns":4.0},{"damage":0.0,"enemies":"Chosen and Byrds","floor":31.0,"turns":4.0},{"damage":0.0,"enemies":"Collector","floor":33.0,"turns":10.0},{"damage":0,"enemies":"3 Shapes","floor":35,"turns":6},{"damage":18,"enemies":"Orb Walker","floor":38,"turns":5},{"damage":63,"enemies":"2 Orb Walkers","floor":41,"turns":6},{"damage":22,"enemies":"Sphere and 2 Shapes","floor":42,"turns":7},{"damage":16,"enemies":"Transient","floor":46,"turns":5},{"damage":57,"enemies":"Nemesis","floor":48,"turns":7},{"damage":103,"enemies":"Donu and Deca","floor":50,"turns":9}],"seed_played":"-4584018365636829643","potions_obtained":[{"floor":1.0,"key":"Ancient Potion"},{"floor":6.0,"key":"PowerPotion"},{"floor":10.0,"key":"Block Potion"},{"floor":11.0,"key":"PowerPotion"},{"floor":19.0,"key":"Block Potion"},{"floor":25.0,"key":"Strength Potion"},{"floor":28.0,"key":"PowerPotion"},{"floor":33.0,"key":"PowerPotion"},{"floor":41,"key":"EssenceOfSteel"},{"floor":48,"key":"FearPotion"}],"is_trial":false,"path_per_floor":["M","M","M","M","$","E","R","E","T","?","M","$","?","M","R","B",null,"M","M","M","?","$","E","R","E","T","R","M","?","M","M","R","B",null,"M","$","?","M","$","R","?","M","T","?","?","M","R","E","R","B"],"character_chosen":"IRONCLAD","items_purchased":["Flame Barrier","SteroidPotion","Shrug It Off","SteroidPotion","Corruption","Shrug It Off","Chemical X"],"campfire_rested":3,"item_purchase_floors":[5,5,12,22,36,36,36],"current_hp_per_floor":[72,77,82,70,70,53,53,37,37,34,37,37,37,41,41,23,69,71,78,71,71,71,55,55,27,27,53,46,46,52,58,58,66,84,92,92,92,80,80,92,49,33,33,54,54,44,96,47,100,0],"gold":156,"neow_bonus":"TEN_PERCENT_HP_BONUS","is_prod":false,"is_daily":false,"chose_seed":false,"campfire_upgraded":5,"win_rate":0,"timestamp":1550962838,"path_taken":["M","M","M","M","$","E","R","E","T","?","M","$","?","M","R","BOSS","M","?","M","?","$","E","R","E","T","R","M","?","M","M","R","BOSS","M","$","?","?","?","R","?","M","T","?","?","M","R","E","R","BOSS"],"build_version":"2019-01-23","purchased_purges":1,"victory":false,"max_hp_per_floor":[82,82,82,82,82,84,84,84,84,84,84,84,84,84,84,84,84,84,86,86,86,86,86,86,88,88,88,88,88,88,88,88,90,90,92,92,92,92,92,92,106,106,106,106,106,106,106,108,108,108],"card_choices":[{"not_picked":["Burning Pact","Evolve"],"picked":"Inflame","floor":1.0},{"not_picked":["Warcry","Havoc"],"picked":"Ghostly Armor","floor":2.0},{"not_picked":["Feel No Pain","Body Slam"],"picked":"Thunderclap","floor":3.0},{"not_picked":["Pummel","Sever Soul"],"picked":"Whirlwind","floor":4.0},{"not_picked":["Heavy Blade","Barricade","Intimidate"],"picked":"Singing Bowl","floor":6.0},{"not_picked":["Iron Wave","Demon Form"],"picked":"Sword Boomerang","floor":8.0},{"not_picked":["Sword Boomerang","Bloodletting"],"picked":"Headbutt","floor":10.0},{"not_picked":["Wild Strike","Flex"],"picked":"Metallicize","floor":11.0},{"not_picked":["Rampage","Perfected Strike"],"picked":"Shockwave","floor":14.0},{"not_picked":["Immolate","Brutality"],"picked":"Fiend Fire","floor":16.0},{"not_picked":["Flex+1","Armaments"],"picked":"Battle Trance","floor":18.0},{"not_picked":["Dual Wield","Evolve","Thunderclap+1"],"picked":"Singing Bowl","floor":19.0},{"not_picked":["Cleave","Body Slam"],"picked":"True Grit","floor":20.0},{"not_picked":["Havoc","Rupture"],"picked":"Uppercut","floor":23.0},{"not_picked":["Evolve","Sever Soul","Metallicize"],"picked":"Singing Bowl","floor":25.0},{"not_picked":["Carnage","Intimidate+1"],"picked":"Havoc+1","floor":28.0},{"not_picked":["Bloodletting","Sever Soul"],"picked":"Pommel Strike","floor":30.0},{"not_picked":["Flame Barrier","Searing Blow"],"picked":"Inflame","floor":31.0},{"not_picked":["Bludgeon","Berserk","Double Tap"],"picked":"Singing Bowl","floor":33.0},{"not_picked":["Bloodletting","Heavy Blade","Evolve"],"picked":"Singing Bowl","floor":35},{"not_picked":["Whirlwind","Sword Boomerang"],"picked":"Shrug It Off+1","floor":38},{"not_picked":["Battle Trance","Perfected Strike"],"picked":"Shrug It Off","floor":41},{"not_picked":["Blood for Blood","Sword Boomerang"],"picked":"Body Slam+1","floor":42},{"not_picked":["Rampage","Dual Wield"],"picked":"Juggernaut","floor":46},{"not_picked":["Warcry","Uppercut","Armaments"],"picked":"Singing Bowl","floor":48}],"player_experience":2252399,"relics_obtained":[{"floor":6.0,"key":"Singing Bowl"},{"floor":8.0,"key":"Thread and Needle"},{"floor":9.0,"key":"Unceasing Top"},{"floor":10.0,"key":"Odd Mushroom"},{"floor":23.0,"key":"The Courier"},{"floor":25.0,"key":"Gremlin Horn"},{"floor":41,"key":"Mango"},{"floor":48,"key":"Ornamental Fan"}],"event_choices":[{"damage_healed":0.0,"max_hp_gain":0.0,"max_hp_loss":0.0,"gold_gain":0.0,"event_name":"Mushrooms","player_choice":"Fought Mushrooms","floor":10.0,"gold_loss":0.0,"damage_taken":0.0},{"damage_healed":0.0,"max_hp_gain":0.0,"max_hp_loss":0.0,"gold_gain":0.0,"cards_transformed":["Strike_R"],"event_name":"Transmorgrifier","player_choice":"Transformed","floor":13.0,"gold_loss":0.0,"damage_taken":0.0,"cards_obtained":["Anger"]},{"damage_healed":0.0,"max_hp_gain":0.0,"max_hp_loss":0.0,"gold_gain":0.0,"event_name":"The Library","player_choice":"Read","floor":21.0,"gold_loss":0.0,"damage_taken":0.0,"cards_obtained":["Shrug It Off"]},{"damage_healed":0.0,"max_hp_gain":0.0,"max_hp_loss":0.0,"gold_gain":0.0,"event_name":"Back to Basics","player_choice":"Simplicity","floor":29.0,"gold_loss":0.0,"damage_taken":0.0,"cards_upgraded":["Strike_R","Strike_R","Strike_R","Defend_R","Defend_R","Defend_R","Defend_R"]},{"damage_healed":0,"gold_gain":0,"player_choice":"Got Potions","damage_taken":0,"max_hp_gain":0,"max_hp_loss":0,"event_name":"Lab","floor":37,"gold_loss":0},{"damage_healed":0,"gold_gain":0,"player_choice":"Fight","damage_taken":0,"max_hp_gain":0,"max_hp_loss":0,"event_name":"Mysterious Sphere","floor":41,"gold_loss":0},{"damage_healed":21,"gold_gain":0,"player_choice":"Writhe","damage_taken":0,"max_hp_gain":0,"max_hp_loss":0,"event_name":"Winding Halls","floor":44,"gold_loss":0,"cards_obtained":["Writhe"]},{"damage_healed":0,"gold_gain":0,"player_choice":"Copied","damage_taken":0,"max_hp_gain":0,"max_hp_loss":0,"event_name":"Duplicator","floor":45,"gold_loss":0,"cards_obtained":["Inflame"]}],"is_beta":false,"boss_relics":[{"not_picked":["Lizard Tail","Black Blood"],"picked":"Cursed Key"},{"not_picked":["Pandora\u0027s Box","Astrolabe"],"picked":"Eternal Feather"}],"items_purged_floors":[12],"is_endless":false,"potions_floor_spawned":[1,6,10,11,19,25,28,33,35,41,48],"killed_by":"Donu and Deca","ascension_level":15}