{"gold_per_floor":[114,129,144,159,159,189,189,219,269,299,299,299,299,399,399,499,549,564,564,579,129,144,174,174,204,279,279,309,324,339,146,146,246,246,261,276,291,141,0,0,30,30,80,110,110,125,140,170,170,170],"floor_reached":51,"playtime":3302,"items_purged":[],"score":1038,"play_id":"04a983c9-0ecc-4ec0-842d-436b771bdf24","local_time":"20190509012345","daily_mods":["Insanity","Uncertain Future","Elite Swarm"],"is_ascension_mode":false,"campfire_choices":[{"data":"Searing Blow","floor":7,"key":"SMITH"},{"data":"Searing Blow+1","floor":12,"key":"SMITH"},{"data":"Searing Blow+3","floor":15,"key":"SMITH"},{"data":"Searing Blow+4","floor":24,"key":"SMITH"},{"data":"Searing Blow+5","floor":27,"key":"SMITH"},{"data":"Apotheosis","floor":32,"key":"SMITH"},{"floor":40,"key":"DIG"},{"floor":42,"key":"DIG"},{"floor":49,"key":"DIG"}],"neow_cost":"","seed_source_timestamp":0,"circlet_count":0,"master_deck":["Cleave","Evolve","Pommel Strike","Ghostly Armor","Warcry+1","Seeing Red","Wild Strike","Blood for Blood","Flex+1","Armaments","Iron Wave","Shockwave","Perfected Strike","Anger","Dual Wield","Clash","Armaments","Sword Boomerang","Blood for Blood","Body Slam","Iron Wave","Body Slam+1","Twin Strike","Perfected Strike+1","Inflame","True Grit","Havoc","Flex","Flame Barrier","Rupture","Sword Boomerang","Cleave","Warcry","Whirlwind","Iron Wave","Searing Blow+6","Bloodletting","Headbutt","Reckless Charge","Battle Trance","Body Slam","Rage","Battle Trance","Inflame","Hemokinesis","Second Wind","Iron Wave","Armaments","Armaments+1","Sword Boomerang","Shrug It Off","Offering","Fiend Fire","Limit Break","Demon Form+1","Spot Weakness","Disarm","Double Tap","Demon Form+1","Feed","Armaments+1","Apotheosis+1","Reaper","Heavy Blade","Corruption+1","Disarm+1","Immolate","Bludgeon","Demon Form+1","Carnage+1","Reaper"],"special_seed":18024,"relics":["Burning Blood","War Paint","Frozen Egg 2","Vajra","Orichalcum","Tiny House","ClockworkSouvenir","Shuriken","Anchor","Darkstone Periapt","Self Forming Clay","Shovel","Snecko Eye","PreservedInsect","Red Mask","Strawberry","Charon\u0027s Ashes","Calipers","Whetstone","Centennial Puzzle","Bottled Flame","Happy Flower"],"potions_floor_usage":[6,8,16,16,23,25,30,33,50,50,50],"damage_taken":[{"damage":3,"enemies":"Jaw Worm","floor":1,"turns":4},{"damage":5,"enemies":"Small Slimes","floor":2,"turns":3},{"damage":1,"enemies":"Cultist","floor":3,"turns":3},{"damage":10,"enemies":"Lots of Slimes","floor":4,"turns":3},{"damage":27,"enemies":"3 Sentries","floor":6,"turns":5},{"damage":18,"enemies":"Lagavulin","floor":8,"turns":4},{"damage":8,"enemies":"3 Sentries","floor":10,"turns":3},{"damage":3,"enemies":"Slime Boss","floor":16,"turns":5},{"damage":28,"enemies":"2 Thieves","floor":18,"turns":3},{"damage":4,"enemies":"3 Byrds","floor":20,"turns":3},{"damage":12,"enemies":"Centurion and Healer","floor":22,"turns":6},{"damage":29,"enemies":"Gremlin Leader","floor":23,"turns":4},{"damage":11,"enemies":"Slavers","floor":25,"turns":5},{"damage":15,"enemies":"Gremlin Leader","floor":28,"turns":6},{"damage":9,"enemies":"Snake Plant","floor":29,"turns":4},{"damage":0,"enemies":"Cultist and Chosen","floor":30,"turns":4},{"damage":11,"enemies":"Automaton","floor":33,"turns":6},{"damage":0,"enemies":"Orb Walker","floor":35,"turns":2},{"damage":5,"enemies":"3 Shapes","floor":36,"turns":2},{"damage":0,"enemies":"Spire Growth","floor":37,"turns":3},{"damage":3,"enemies":"Reptomancer","floor":41,"turns":3},{"damage":10,"enemies":"Nemesis","floor":44,"turns":5},{"damage":16,"enemies":"Sphere and 2 Shapes","floor":46,"turns":4},{"damage":6,"enemies":"Transient","floor":47,"turns":5},{"damage":11,"enemies":"Reptomancer","floor":48,"turns":4},{"damage":17,"enemies":"Awakened One","floor":50,"turns":6}],"seed_played":"-4311989270380069136","potions_obtained":[{"floor":2,"key":"BloodPotion"},{"floor":4,"key":"EssenceOfSteel"},{"floor":6,"key":"FearPotion"},{"floor":8,"key":"BloodPotion"},{"floor":10,"key":"FearPotion"},{"floor":17,"key":"Energy Potion"},{"floor":22,"key":"EssenceOfSteel"},{"floor":23,"key":"Energy Potion"},{"floor":25,"key":"Explosive Potion"},{"floor":30,"key":"PowerPotion"},{"floor":33,"key":"Fire Potion"}],"is_trial":false,"path_per_floor":["M","M","M","M","$","E","R","E","T","E","?","R","?","?","R","B",null,"M","?","M","$","M","E","R","E","T","R","E","M","M","$","R","B",null,"M","M","M","$","?","R","E","R","T","E","?","M","M","E","R","B",null],"character_chosen":"IRONCLAD","items_purchased":["ClockworkSouvenir","Shuriken","Apotheosis","PreservedInsect"],"campfire_rested":0,"item_purchase_floors":[21,21,31,38],"current_hp_per_floor":[80,80,80,76,76,63,63,51,51,49,49,49,49,49,49,60,85,63,95,95,95,89,66,66,61,61,61,52,49,55,55,55,50,95,95,95,95,95,95,102,102,102,102,98,98,88,102,102,102,102],"gold":170,"neow_bonus":"","is_prod":false,"is_daily":true,"chose_seed":false,"campfire_upgraded":6,"win_rate":0,"timestamp":1557336225,"path_taken":["M","M","M","M","$","E","R","E","T","E","?","R","?","?","R","BOSS","M","?","M","$","M","E","R","E","T","R","E","M","?","?","R","BOSS","M","M","M","$","?","R","E","R","T","E","?","M","?","E","R","BOSS"],"build_version":"2019-01-23","purchased_purges":0,"victory":true,"max_hp_per_floor":[80,80,80,80,80,80,80,80,80,80,80,80,80,80,80,80,85,85,95,95,95,95,95,95,95,95,95,95,95,95,95,95,95,95,95,95,95,95,95,102,102,102,102,102,102,102,102,102,102,102],"card_choices":[{"not_picked":["Clothesline","Perfected Strike","Armaments"],"picked":"SKIP","floor":1},{"not_picked":["Warcry","Corruption"],"picked":"Shrug It Off","floor":2},{"not_picked":["Whirlwind","Thunderclap","Evolve"],"picked":"SKIP","floor":3},{"not_picked":["Cleave","Combust"],"picked":"Offering","floor":4},{"not_picked":["Exhume","Offering"],"picked":"Fiend Fire","floor":6},{"not_picked":["Bludgeon","Barricade"],"picked":"Limit Break","floor":8},{"not_picked":["Dark Embrace+1","Offering"],"picked":"Demon Form+1","floor":10},{"not_picked":["Juggernaut+1","Bludgeon"],"picked":"Barricade+1","floor":16},{"not_picked":["Burning Pact","Dual Wield"],"picked":"Spot Weakness","floor":17},{"not_picked":["Warcry","Twin Strike+1","Thunderclap"],"picked":"SKIP","floor":18},{"not_picked":["Warcry","True Grit"],"picked":"Disarm","floor":20},{"not_picked":["Heavy Blade","Fire Breathing+1","Anger"],"picked":"SKIP","floor":22},{"not_picked":["Brutality+1","Dark Embrace+1"],"picked":"Double Tap","floor":23},{"not_picked":["Bludgeon","Reaper"],"picked":"Demon Form+1","floor":25},{"not_picked":["Offering","Brutality+1"],"picked":"Feed","floor":28},{"not_picked":["Clothesline","Dropkick"],"picked":"Armaments+1","floor":29},{"not_picked":["Clash","Reckless Charge","Anger"],"picked":"SKIP","floor":30},{"not_picked":["Double Tap","Offering"],"picked":"Reaper","floor":33},{"not_picked":["Perfected Strike","Flex"],"picked":"Heavy Blade","floor":35},{"not_picked":["Shrug It Off","Exhume"],"picked":"Corruption+1","floor":36},{"not_picked":["Anger+1","Armaments+1"],"picked":"Disarm+1","floor":37},{"not_picked":["Fiend Fire","Offering"],"picked":"Immolate","floor":41},{"not_picked":["Impervious","Barricade+1"],"picked":"Bludgeon","floor":44},{"not_picked":["Clash+1","Wild Strike+1","Armaments"],"picked":"SKIP","floor":46},{"not_picked":["True Grit+1","Bloodletting+1"],"picked":"Carnage+1","floor":47},{"not_picked":["Immolate","Berserk+1"],"picked":"Reaper","floor":48}],"player_experience":487457,"relics_obtained":[{"floor":6,"key":"War Paint"},{"floor":8,"key":"Frozen Egg 2"},{"floor":9,"key":"Vajra"},{"floor":10,"key":"Orichalcum"},{"floor":23,"key":"Anchor"},{"floor":25,"key":"Darkstone Periapt"},{"floor":26,"key":"Self Forming Clay"},{"floor":28,"key":"Shovel"},{"floor":40,"key":"Strawberry"},{"floor":41,"key":"Charon\u0027s Ashes"},{"floor":42,"key":"Calipers"},{"floor":43,"key":"Whetstone"},{"floor":44,"key":"Centennial Puzzle"},{"floor":48,"key":"Bottled Flame"},{"floor":49,"key":"Happy Flower"}],"event_choices":[{"damage_healed":0,"gold_gain":0,"player_choice":"Ignored","damage_taken":0,"max_hp_gain":0,"max_hp_loss":0,"event_name":"Liars Game","floor":11,"gold_loss":0},{"damage_healed":0,"gold_gain":0,"player_choice":"Grow","damage_taken":0,"max_hp_gain":0,"max_hp_loss":0,"event_name":"Living Wall","floor":13,"gold_loss":0,"cards_upgraded":["Searing Blow"]},{"damage_healed":0,"gold_gain":100,"player_choice":"Pray","damage_taken":0,"max_hp_gain":0,"max_hp_loss":0,"event_name":"Golden Shrine","floor":14,"gold_loss":0},{"cards_removed":["Barricade"],"damage_healed":22,"gold_gain":0,"player_choice":"Offered Rare","damage_taken":0,"max_hp_gain":10,"max_hp_loss":0,"event_name":"Bonfire Elementals","floor":19,"gold_loss":0},{"damage_healed":0,"gold_gain":0,"player_choice":"Paid","damage_taken":0,"relics_obtained":["Red Mask"],"max_hp_gain":0,"max_hp_loss":0,"event_name":"Tomb of Lord Red Mask","floor":39,"gold_loss":141},{"damage_healed":0,"gold_gain":0,"player_choice":"Copied","damage_taken":0,"max_hp_gain":0,"max_hp_loss":0,"event_name":"Duplicator","floor":45,"gold_loss":0,"cards_obtained":["Demon Form"]}],"is_beta":false,"boss_relics":[{"not_picked":["Lizard Tail","Sozu"],"picked":"Tiny House"},{"not_picked":["Cursed Key","Eternal Feather"],"picked":"Snecko Eye"}],"items_purged_floors":[],"is_endless":false,"potions_floor_spawned":[2,4,6,8,10,22,23,25,30,33,35,36,44,46,48],"ascension_level":0}