{"gold_per_floor":[363,382,397,397,409,437,437,74,98,129,143,159,13,48,48,151,151,161,161,41,59,12,40,40,40,63,63,81,81,92,118,118,222,222,234,234,234,246,257,257,286,286,286,317,336,36,54,81,81,81,81,81,31,61,61],"floor_reached":56,"playtime":2570,"items_purged":["Strike_B","Zap","Defend_B"],"score":1737,"play_id":"3e0105a1-20ca-48e6-a745-b6f514a98897","local_time":"20190228000411","is_ascension_mode":true,"campfire_choices":[{"data":"Darkness","floor":7.0,"key":"SMITH"},{"data":"Fission","floor":15.0,"key":"SMITH"},{"data":"Darkness","floor":25.0,"key":"SMITH"},{"data":"Self Repair","floor":27.0,"key":"SMITH"},{"data":"Coolheaded","floor":29.0,"key":"SMITH"},{"data":"Defragment","floor":32.0,"key":"SMITH"},{"data":"Strike_B","floor":40,"key":"PURGE"},{"data":"Strike_B","floor":42,"key":"PURGE"},{"floor":49,"key":"RECALL"},{"data":"Beam Cell","floor":52,"key":"PURGE"}],"neow_cost":"TEN_PERCENT_HP_LOSS","seed_source_timestamp":761899434500,"circlet_count":0,"master_deck":["Defend_B","Defend_B+1","Defend_B+1","Dualcast","White Noise","Darkness+1","Fission+1","Darkness+1","Coolheaded+1","Skim+1","Multi-Cast+1","Glacier+1","Turbo+1","Defragment+1","Self Repair+1","Hologram+1","Conserve Battery+1","Defragment+1","Chill+1","Amplify+1","Impatience+1","Panacea+1","Heatsinks+1","Loop+1","Defragment+1","Turbo+1","Coolheaded+1"],"special_seed":0,"relics":["Cracked Core","Blood Vial","Incense Burner","Boot","Omamori","DataDisk","Toxic Egg 2","Black Star","Cables","Peace Pipe","Bottled Lightning","Smiling Mask","Bronze Scales","Happy Flower","Cursed Key","Frozen Egg 2","Bottled Tornado","Vajra","Dream Catcher","Sundial","Molten Egg 2","Ancient Tea Set","Blue Candle","War Paint"],"potions_floor_usage":[55,55,55],"damage_taken":[{"damage":5.0,"enemies":"Small Slimes","floor":1.0,"turns":3.0},{"damage":6.0,"enemies":"Jaw Worm","floor":2.0,"turns":3.0},{"damage":1.0,"enemies":"Cultist","floor":3.0,"turns":3.0},{"damage":9.0,"enemies":"2 Fungi Beasts","floor":5.0,"turns":3.0},{"damage":6.0,"enemies":"Gremlin Nob","floor":6.0,"turns":3.0},{"damage":17.0,"enemies":"3 Sentries","floor":10.0,"turns":6.0},{"damage":6.0,"enemies":"Red Slaver","floor":11.0,"turns":3.0},{"damage":5.0,"enemies":"Looter","floor":12.0,"turns":4.0},{"damage":0.0,"enemies":"Lagavulin","floor":14.0,"turns":4.0},{"damage":0.0,"enemies":"Slime Boss","floor":16.0,"turns":3.0},{"damage":24.0,"enemies":"2 Thieves","floor":18.0,"turns":4.0},{"damage":0.0,"enemies":"Spheric Guardian","floor":21.0,"turns":4.0},{"damage":16.0,"enemies":"Book of Stabbing","floor":23.0,"turns":4.0},{"damage":2.0,"enemies":"Shelled Parasite and Fungi","floor":28.0,"turns":5.0},{"damage":0.0,"enemies":"Snake Plant","floor":30.0,"turns":2.0},{"damage":21.0,"enemies":"Gremlin Leader","floor":31.0,"turns":7.0},{"damage":0.0,"enemies":"Automaton","floor":33.0,"turns":9.0},{"damage":0,"enemies":"3 Shapes","floor":35,"turns":3},{"damage":0,"enemies":"Orb Walker","floor":38,"turns":3},{"damage":0,"enemies":"Jaw Worm Horde","floor":39,"turns":6},{"damage":0,"enemies":"Giant Head","floor":41,"turns":5},{"damage":0,"enemies":"Reptomancer","floor":44,"turns":3},{"damage":0,"enemies":"Sphere and 2 Shapes","floor":45,"turns":2},{"damage":0,"enemies":"Spire Growth","floor":47,"turns":2},{"damage":0,"enemies":"Nemesis","floor":48,"turns":3},{"damage":0,"enemies":"Time Eater","floor":50,"turns":13},{"damage":0,"enemies":"Shield and Spear","floor":54,"turns":2},{"damage":0,"enemies":"The Heart","floor":55,"turns":8}],"seed_played":"2058245868542582359","potions_obtained":[{"floor":1.0,"key":"AttackPotion"},{"floor":2.0,"key":"SkillPotion"},{"floor":10.0,"key":"AttackPotion"},{"floor":21.0,"key":"FairyPotion"},{"floor":23.0,"key":"Strength Potion"},{"floor":28.0,"key":"Weak Potion"},{"floor":35,"key":"Energy Potion"},{"floor":44,"key":"Block Potion"},{"floor":54,"key":"SkillPotion"}],"is_trial":false,"path_per_floor":["M","M","M","?","M","E","R","$","T","E","M","M","$","E","R","B",null,"M","?","$","M","$","E","?","R","T","R","M","R","M","E","R","B",null,"M","?","?","M","M","R","E","R","T","E","M","$","M","E","R","B",null,"R","$","E","B",null],"character_chosen":"DEFECT","items_purchased":["Incense Burner","DataDisk","Turbo+1","Defragment","Hologram+1","Sundial"],"campfire_rested":0,"item_purchase_floors":[8,13,20,20,22,46],"current_hp_per_floor":[63,57,56,49,40,34,34,34,34,19,15,12,12,14,14,16,68,44,44,44,46,46,39,39,39,39,39,49,49,61,52,52,68,68,68,58,58,65,65,65,65,65,65,65,65,65,65,65,65,65,65,65,65,65,65],"gold":61,"neow_bonus":"TWO_FIFTY_GOLD","is_prod":false,"is_daily":false,"chose_seed":false,"campfire_upgraded":6,"win_rate":0,"timestamp":1551283451,"path_taken":["M","M","M","?","M","E","R","$","T","E","M","M","$","E","R","BOSS","M","?","$","?","$","E","?","R","T","R","?","R","M","E","R","BOSS","M","?","?","M","?","R","E","R","T","E","M","$","M","E","R","BOSS","R","$","E","BOSS"],"build_version":"2019-01-23","purchased_purges":3,"victory":true,"max_hp_per_floor":[68,68,68,68,68,68,68,68,68,68,68,68,68,68,68,68,68,68,68,68,68,68,68,68,68,68,68,68,68,68,68,68,68,68,68,68,65,65,65,65,65,65,65,65,65,65,65,65,65,65,65,65,65,65,65],"card_choices":[{"not_picked":["Cold Snap","Fusion"],"picked":"Rip and Tear","floor":1.0},{"not_picked":["Compile Driver","Go for the Eyes"],"picked":"Beam Cell","floor":2.0},{"not_picked":["Lockon","Static Discharge","Doom and Gloom"],"picked":"SKIP","floor":3.0},{"not_picked":["Lockon","Static Discharge","Doom and Gloom"],"picked":"SKIP","floor":3.0},{"not_picked":["Force Field","Storm"],"picked":"White Noise","floor":5.0},{"not_picked":["Redo","Sweeping Beam"],"picked":"Darkness","floor":6.0},{"not_picked":["Static Discharge","Rip and Tear"],"picked":"Fission","floor":10.0},{"not_picked":["Gash","Force Field"],"picked":"Darkness","floor":11.0},{"not_picked":["Turbo","Melter"],"picked":"Coolheaded","floor":12.0},{"not_picked":["Static Discharge","Streamline"],"picked":"Skim","floor":14.0},{"not_picked":["All For One","Creative AI"],"picked":"Multi-Cast+1","floor":16.0},{"not_picked":["Tempest+1","Sweeping Beam+1"],"picked":"Glacier+1","floor":18.0},{"not_picked":["Hello World","Coolheaded+1"],"picked":"Self Repair","floor":21.0},{"not_picked":["Fusion+1","Turbo+1"],"picked":"Conserve Battery+1","floor":23.0},{"not_picked":["Compile Driver","Go for the Eyes","Chill+1"],"picked":"SKIP","floor":28.0},{"not_picked":["Compile Driver","Go for the Eyes","Chill+1"],"picked":"SKIP","floor":28.0},{"not_picked":["Stack+1","Scrape"],"picked":"Defragment","floor":30.0},{"not_picked":["Rebound","Chill+1","Scrape+1"],"picked":"SKIP","floor":31.0},{"not_picked":["Rebound","Scrape+1"],"picked":"Chill+1","floor":31.0},{"not_picked":["Thunder Strike","Core Surge"],"picked":"Amplify+1","floor":33.0},{"not_picked":["Stack+1","Gash+1","Melter+1"],"picked":"SKIP","floor":35},{"not_picked":["Mind Blast","Enlightenment+1"],"picked":"Impatience+1","floor":36},{"not_picked":["Madness+1","Thinking Ahead+1"],"picked":"Panacea+1","floor":36},{"not_picked":["Sweeping Beam+1","Conserve Battery+1"],"picked":"Heatsinks+1","floor":38},{"not_picked":["Conserve Battery+1","Fusion+1","Sweeping Beam"],"picked":"SKIP","floor":39},{"not_picked":["Rainbow+1","Skim+1"],"picked":"Loop+1","floor":41},{"not_picked":["Rebound","Stack+1"],"picked":"Defragment+1","floor":44},{"not_picked":["Static Discharge+1","Go for the Eyes+1"],"picked":"Turbo+1","floor":45},{"not_picked":["Tempest+1","Skim+1","Compile Driver"],"picked":"SKIP","floor":47},{"not_picked":["Sunder+1","Self Repair+1"],"picked":"Coolheaded+1","floor":48},{"not_picked":["Turbo+1","Lockon+1","Reinforced Body+1"],"picked":"SKIP","floor":54}],"player_experience":2666091,"relics_obtained":[{"floor":6.0,"key":"Blood Vial"},{"floor":9.0,"key":"Boot"},{"floor":10.0,"key":"Omamori"},{"floor":14.0,"key":"Toxic Egg 2"},{"floor":23.0,"key":"Peace Pipe"},{"floor":23.0,"key":"Bottled Lightning"},{"floor":26.0,"key":"Smiling Mask"},{"floor":31.0,"key":"Bronze Scales"},{"floor":31.0,"key":"Happy Flower"},{"floor":41,"key":"Frozen Egg 2"},{"floor":41,"key":"Bottled Tornado"},{"floor":44,"key":"Vajra"},{"floor":44,"key":"Dream Catcher"},{"floor":48,"key":"Molten Egg 2"},{"floor":48,"key":"Ancient Tea Set"},{"floor":54,"key":"Blue Candle"},{"floor":54,"key":"War Paint"}],"event_choices":[{"cards_removed":["Strike_B"],"damage_healed":0.0,"max_hp_gain":0.0,"max_hp_loss":0.0,"gold_gain":0.0,"event_name":"Golden Wing","player_choice":"Card Removal","floor":4.0,"gold_loss":0.0,"damage_taken":7.0},{"cards_removed":["Rip and Tear"],"damage_healed":0.0,"max_hp_gain":0.0,"max_hp_loss":0.0,"gold_gain":0.0,"event_name":"WeMeetAgain","player_choice":"Gave Card","floor":19.0,"gold_loss":0.0,"damage_taken":0.0,"relics_obtained":["Cables"]},{"damage_healed":0.0,"max_hp_gain":0.0,"max_hp_loss":0.0,"gold_gain":0.0,"event_name":"Upgrade Shrine","player_choice":"Upgraded","floor":24.0,"gold_loss":0.0,"damage_taken":0.0,"cards_upgraded":["Defragment"]},{"damage_healed":0,"gold_gain":0,"player_choice":"Memory 3","damage_taken":10,"max_hp_gain":0,"max_hp_loss":0,"event_name":"SensoryStone","floor":36,"gold_loss":0},{"damage_healed":0,"gold_gain":0,"player_choice":"Max HP","damage_taken":0,"max_hp_gain":0,"max_hp_loss":3,"event_name":"Winding Halls","floor":37,"gold_loss":0}],"is_beta":false,"boss_relics":[{"not_picked":["Eternal Feather","Philosopher\u0027s Stone"],"picked":"Black Star"},{"not_picked":["Pandora\u0027s Box","Snecko Eye"],"picked":"Cursed Key"}],"items_purged_floors":[8,46,53],"is_endless":false,"potions_floor_spawned":[1,2,10,21,23,28,35,44,47,54],"ascension_level":1}