{"gold_per_floor":[412,31,31,48,68,100,100,128,201,218,218,249,249,284,284,387,387,407,190,208,224,139,139,174,174,224,252,266,291,291,371,371,473,473,490,590,606,622,640,640,667,667,667,695,129,161,181,209,209,209],"floor_reached":51,"playtime":858,"items_purged":["Heel Hook","Accuracy","Sucker Punch+1"],"score":1591,"play_id":"79900913-56dd-4b9a-a547-9073938f47b0","local_time":"20181211180958","daily_mods":["SealedDeck","Vintage","Heirloom","DeadlyEvents","Elite Swarm","Terminal","Uncertain Future"],"is_ascension_mode":true,"campfire_choices":[{"data":"Calculated Gamble","floor":7,"key":"SMITH"},{"data":"Footwork","floor":13,"key":"SMITH"},{"data":"Adrenaline","floor":15,"key":"SMITH"},{"data":"Grand Finale","floor":23,"key":"SMITH"},{"data":"Expertise","floor":30,"key":"SMITH"},{"data":"Backflip","floor":32,"key":"SMITH"},{"data":"Quick Slash","floor":40,"key":"SMITH"}],"neow_cost":"","seed_source_timestamp":0,"circlet_count":0,"master_deck":["Quick Slash+1","Cloak And Dagger+1","Concentrate+1","Deflect+1","Backflip+1","Footwork+1","Calculated Gamble+1","Grand Finale+1","Adrenaline+1","Expertise+1"],"relics":["Ring of the Snake","Old Coin","Tough Bandages","War Paint","Snake Skull","Mummified Hand","Orichalcum","Ancient Tea Set","Sundial","Bag of Marbles","Bag of Preparation","Letter Opener","Dodecahedron","Busted Crown","Kunai","Tiny Chest","Bottled Tornado","Bronze Scales","Singing Bowl","Question Card","Pen Nib","Molten Egg 2","Pantograph","Du-Vu Doll","Pear","Coffee Dripper","Omamori","Ice Cream","Gambling Chip","PreservedInsect","Ornamental Fan","FossilizedHelix","Potion Belt","Regal Pillow","Thread and Needle","Lantern","Meat on the Bone","Blood Vial","The Courier"],"potions_floor_usage":[],"damage_taken":[{"damage":0,"enemies":"Jaw Worm","floor":1,"turns":3},{"damage":0,"enemies":"2 Louse","floor":4,"turns":2},{"damage":0,"enemies":"Cultist","floor":5,"turns":1},{"damage":0,"enemies":"3 Sentries","floor":6,"turns":1},{"damage":0,"enemies":"Gremlin Nob","floor":8,"turns":2},{"damage":0,"enemies":"Exordium Thugs","floor":10,"turns":1},{"damage":0,"enemies":"3 Sentries","floor":12,"turns":1},{"damage":0,"enemies":"Gremlin Nob","floor":14,"turns":1},{"damage":0,"enemies":"Hexaghost","floor":16,"turns":1},{"damage":0,"enemies":"3 Byrds","floor":18,"turns":1},{"damage":0,"enemies":"Shell Parasite","floor":20,"turns":1},{"damage":0,"enemies":"Cultist and Chosen","floor":21,"turns":1},{"damage":0,"enemies":"Gremlin Leader","floor":24,"turns":1},{"damage":0,"enemies":"Slavers","floor":27,"turns":1},{"damage":0,"enemies":"Snake Plant","floor":28,"turns":1},{"damage":0,"enemies":"Gremlin Leader","floor":29,"turns":1},{"damage":0,"enemies":"Collector","floor":33,"turns":1},{"damage":0,"enemies":"3 Darklings","floor":35,"turns":1},{"damage":0,"enemies":"Mind Bloom Boss Battle","floor":36,"turns":1},{"damage":0,"enemies":"3 Shapes","floor":37,"turns":1},{"damage":0,"enemies":"Maw","floor":38,"turns":1},{"damage":0,"enemies":"Jaw Worm Horde","floor":39,"turns":1},{"damage":0,"enemies":"Giant Head","floor":41,"turns":1},{"damage":0,"enemies":"Nemesis","floor":44,"turns":1},{"damage":0,"enemies":"Reptomancer","floor":46,"turns":1},{"damage":0,"enemies":"4 Shapes","floor":47,"turns":1},{"damage":0,"enemies":"Nemesis","floor":48,"turns":1},{"damage":0,"enemies":"Time Eater","floor":50,"turns":1}],"seed_played":"-2893959431044037611","potions_obtained":[{"floor":1,"key":"SmokeBomb"},{"floor":5,"key":"PowerPotion"},{"floor":12,"key":"GamblersBrew"},{"floor":16,"key":"Dexterity Potion"},{"floor":46,"key":"Dexterity Potion"},{"floor":47,"key":"Ancient Potion"}],"is_trial":true,"path_per_floor":["M","$","?","M","M","E","R","E","T","M","?","E","R","E","R","B",null,"M","$","M","M","?","R","E","?","T","E","M","E","R","T","R","B",null,"M","?","M","M","M","R","E","R","T","E","$","E","M","E","R","B",null],"character_chosen":"THE_SILENT","items_purchased":["War Paint","Grand Finale","Tiny Chest","Thread and Needle","Lantern"],"campfire_rested":0,"item_purchase_floors":[2,2,19,45,45],"current_hp_per_floor":[68,67,54,54,54,54,54,54,54,54,54,54,54,54,54,53,52,51,50,49,48,47,46,47,46,45,46,45,46,45,54,53,54,53,52,53,52,51,50,49,50,49,48,49,48,49,48,49,48,47],"gold":209,"neow_bonus":"","is_prod":false,"is_daily":false,"chose_seed":false,"campfire_upgraded":7,"win_rate":0,"timestamp":1544522998,"path_taken":["M","$","?","M","M","E","R","E","T","M","?","E","R","?","R","BOSS","M","$","M","M","?","R","E","?","T","E","M","E","R","?","R","BOSS","M","?","?","M","M","R","E","R","T","?","$","E","M","E","R","BOSS"],"build_version":"2018-12-06","purchased_purges":3,"victory":true,"max_hp_per_floor":[68,67,66,65,64,63,62,61,60,59,58,57,56,55,54,53,52,51,50,49,48,47,46,47,46,45,46,45,46,45,54,53,54,53,52,53,52,51,50,49,50,49,48,49,48,49,48,49,48,47],"card_choices":[{"not_picked":["Venomology","Bullet Time"],"picked":"Adrenaline","floor":6},{"not_picked":["Doppelganger","A Thousand Cuts","Corpse Explosion"],"picked":"SKIP","floor":8},{"not_picked":["Envenom","Venomology","Burst"],"picked":"SKIP","floor":12},{"not_picked":["Grand Finale","Malaise","Glass Knife"],"picked":"SKIP","floor":14},{"not_picked":["Envenom"],"picked":"Singing Bowl","floor":24},{"not_picked":["Wraith Form v2","Adrenaline"],"picked":"Singing Bowl","floor":27},{"not_picked":["Bullet Time","Tools of the Trade"],"picked":"Singing Bowl","floor":29},{"not_picked":["Adrenaline","A Thousand Cuts"],"picked":"Singing Bowl","floor":33},{"not_picked":["Accuracy","Infinite Blades+1"],"picked":"Singing Bowl","floor":36},{"not_picked":["Burst","Wraith Form v2"],"picked":"Singing Bowl","floor":41},{"not_picked":["Adrenaline","Burst"],"picked":"Singing Bowl","floor":44},{"not_picked":["Bullet Time","Storm of Steel"],"picked":"Singing Bowl","floor":46},{"not_picked":["Glass Knife+1","Grand Finale+1"],"picked":"Singing Bowl","floor":48}],"player_experience":2363930,"relics_obtained":[{"floor":1,"key":"Tough Bandages"},{"floor":4,"key":"Snake Skull"},{"floor":5,"key":"Mummified Hand"},{"floor":6,"key":"Orichalcum"},{"floor":8,"key":"Ancient Tea Set"},{"floor":9,"key":"Sundial"},{"floor":10,"key":"Bag of Marbles"},{"floor":12,"key":"Letter Opener"},{"floor":14,"key":"Dodecahedron"},{"floor":18,"key":"Kunai"},{"floor":20,"key":"Bottled Tornado"},{"floor":21,"key":"Bronze Scales"},{"floor":24,"key":"Question Card"},{"floor":26,"key":"Pen Nib"},{"floor":27,"key":"Molten Egg 2"},{"floor":28,"key":"Pantograph"},{"floor":29,"key":"Du-Vu Doll"},{"floor":31,"key":"Pear"},{"floor":35,"key":"Omamori"},{"floor":36,"key":"Ice Cream"},{"floor":37,"key":"Gambling Chip"},{"floor":38,"key":"PreservedInsect"},{"floor":39,"key":"Ornamental Fan"},{"floor":41,"key":"FossilizedHelix"},{"floor":43,"key":"Potion Belt"},{"floor":44,"key":"Regal Pillow"},{"floor":46,"key":"Meat on the Bone"},{"floor":47,"key":"Blood Vial"},{"floor":48,"key":"The Courier"}],"event_choices":[{"damage_healed":0,"gold_gain":0,"player_choice":"Entered Light","damage_taken":13,"max_hp_gain":0,"max_hp_loss":0,"event_name":"Shining Light","floor":3,"gold_loss":0,"cards_upgraded":["Sucker Punch","Cloak And Dagger"]},{"damage_healed":0,"gold_gain":0,"player_choice":"Gave Potion","damage_taken":0,"relics_obtained":["Bag of Preparation"],"max_hp_gain":0,"max_hp_loss":0,"event_name":"WeMeetAgain","floor":11,"gold_loss":0},{"damage_healed":0,"gold_gain":0,"player_choice":"Obtained Relic","damage_taken":0,"relics_obtained":["Singing Bowl"],"max_hp_gain":0,"max_hp_loss":0,"event_name":"Addict","floor":22,"gold_loss":85},{"damage_healed":0,"gold_gain":0,"player_choice":"Read","damage_taken":0,"max_hp_gain":0,"max_hp_loss":0,"event_name":"The Library","floor":25,"gold_loss":0,"cards_obtained":["Expertise"]},{"damage_healed":0,"gold_gain":0,"player_choice":"Fight","damage_taken":0,"max_hp_gain":0,"max_hp_loss":0,"event_name":"MindBloom","floor":36,"gold_loss":0}],"is_beta":false,"boss_relics":[{"not_picked":["Astrolabe","Cursed Key"],"picked":"Busted Crown"},{"not_picked":["Lizard Tail","Velvet Choker"],"picked":"Coffee Dripper"}],"items_purged_floors":[2,19,45],"is_endless":false,"potions_floor_spawned":[1,5,12,16,20,24,28,29,35,36,46,47],"ascension_level":1}