{"gold_per_floor":[362,22,41,41,54,83,83,109,161,174,192,192,103,128,128,200,200,213,245,265,265,265,295,295,324,409,471,483,521,157,185,185,264,264,277,3,14,14,32,32,57,57,136,136,148,165,190,206,206,206,206,206,206,81,114,114],"floor_reached":57,"playtime":5298,"items_purged":["Strike_G","Deadly Poison+1","Outmaneuver+1"],"score":3537,"play_id":"597e006d-601d-412b-aefb-3b5d80d37e0b","local_time":"20190317221533","is_ascension_mode":true,"campfire_choices":[{"floor":7.0,"key":"REST"},{"data":"Neutralize","floor":12.0,"key":"SMITH"},{"floor":15.0,"key":"RECALL"},{"data":"Tools of the Trade","floor":28.0,"key":"SMITH"},{"floor":32.0,"key":"REST"},{"data":"Evolve","floor":49,"key":"SMITH"}],"neow_cost":"TEN_PERCENT_HP_LOSS","seed_source_timestamp":0,"circlet_count":0,"master_deck":["AscendersBane","Survivor+1","Neutralize+1","Cloak And Dagger+1","Acrobatics+1","Impatience+1","Blur+1","Blur+1","Deflect+1","Night Terror+1","Blade Dance+1","Leg Sweep+1","Tools of the Trade+1","Concentrate+1","Tactician+1","Venomology+1","Acrobatics+1","Backflip+1","Well Laid Plans+1","Prepared+1","True Grit+1","Coolheaded+1","Evolve+1","Rage+1"],"special_seed":0,"relics":["Ring of the Snake","Toxic Egg 2","Meat on the Bone","Boot","Omamori","War Paint","Orichalcum","Pandora\u0027s Box","Red Mask","Kunai","Lantern","MawBank","Potion Belt","Shuriken","Molten Egg 2","Coffee Dripper","PrismaticShard","Whetstone","Ninja Scroll","StoneCalendar","Bag of Marbles"],"potions_floor_usage":[45,45,45,50,56,56,56],"damage_taken":[{"damage":1.0,"enemies":"Cultist","floor":1.0,"turns":4.0},{"damage":4.0,"enemies":"2 Louse","floor":3.0,"turns":4.0},{"damage":2.0,"enemies":"Jaw Worm","floor":5.0,"turns":5.0},{"damage":32.0,"enemies":"Lagavulin","floor":6.0,"turns":8.0},{"damage":23.0,"enemies":"3 Sentries","floor":8.0,"turns":12.0},{"damage":5.0,"enemies":"Large Slime","floor":10.0,"turns":5.0},{"damage":0.0,"enemies":"2 Fungi Beasts","floor":11.0,"turns":3.0},{"damage":14.0,"enemies":"Lagavulin","floor":14.0,"turns":6.0},{"damage":0.0,"enemies":"The Guardian","floor":16.0,"turns":10.0},{"damage":3.0,"enemies":"Spheric Guardian","floor":18.0,"turns":6.0},{"damage":2.0,"enemies":"Masked Bandits","floor":19.0,"turns":5.0},{"damage":0.0,"enemies":"Shell Parasite","floor":20.0,"turns":5.0},{"damage":0.0,"enemies":"Slavers","floor":23.0,"turns":5.0},{"damage":0.0,"enemies":"Book of Stabbing","floor":25.0,"turns":4.0},{"damage":0.0,"enemies":"Slavers","floor":29.0,"turns":6.0},{"damage":0.0,"enemies":"Gremlin Leader","floor":31.0,"turns":3.0},{"damage":0.0,"enemies":"Automaton","floor":33.0,"turns":5.0},{"damage":0.0,"enemies":"3 Shapes","floor":35.0,"turns":3.0},{"damage":0.0,"enemies":"Orb Walker","floor":37.0,"turns":2.0},{"damage":0.0,"enemies":"Transient","floor":39.0,"turns":6.0},{"damage":0.0,"enemies":"Reptomancer","floor":41.0,"turns":4.0},{"damage":0,"enemies":"Writhing Mass","floor":45,"turns":3},{"damage":0,"enemies":"Jaw Worm Horde","floor":46,"turns":2},{"damage":0,"enemies":"Giant Head","floor":47,"turns":4},{"damage":0,"enemies":"3 Darklings","floor":48,"turns":2},{"damage":0,"enemies":"Time Eater","floor":50,"turns":12},{"damage":0,"enemies":"Awakened One","floor":51,"turns":4},{"damage":0,"enemies":"Shield and Spear","floor":55,"turns":2},{"damage":0,"enemies":"The Heart","floor":56,"turns":7}],"seed_played":"-7836640568391075878","potions_obtained":[{"floor":6.0,"key":"Ancient Potion"},{"floor":8.0,"key":"SmokeBomb"},{"floor":14.0,"key":"SpeedPotion"},{"floor":19.0,"key":"FearPotion"},{"floor":25.0,"key":"FearPotion"},{"floor":39.0,"key":"Poison Potion"},{"floor":45,"key":"GamblersBrew"}],"is_trial":false,"path_per_floor":["M","$","M","?","M","E","R","E","T","M","M","R","$","E","R","B",null,"M","?","M","?","?","E","?","E","T","?","R","E","$","E","R","B",null,"M","$","M","?","M","R","E","R","T","?","M","M","E","M","R","B","B",null,"R","$","E","B",null],"character_chosen":"THE_SILENT","items_purchased":["Toxic Egg 2","Impatience+1","Shuriken","PrismaticShard","Swift Potion"],"campfire_rested":2,"item_purchase_floors":[2,13,30,36,36],"current_hp_per_floor":[58,58,54,43,41,21,39,28,28,35,35,35,35,33,33,33,53,50,48,48,48,48,48,48,48,48,48,48,48,48,48,60,60,60,60,60,60,57,57,57,57,57,57,57,57,57,57,57,57,57,57,57,57,57,57,57],"gold":114,"neow_bonus":"TWO_FIFTY_GOLD","is_prod":false,"is_daily":false,"chose_seed":true,"campfire_upgraded":3,"win_rate":0,"timestamp":1552832133,"path_taken":["M","$","?","?","M","E","R","E","T","M","M","R","$","E","R","BOSS","M","?","M","?","?","E","?","E","T","?","R","E","?","E","R","BOSS","M","$","M","?","M","R","E","R","T","?","M","?","E","M","R","BOSS","BOSS","R","$","E","BOSS"],"build_version":"2019-01-23","purchased_purges":3,"victory":true,"max_hp_per_floor":[60,60,60,60,60,60,60,60,60,60,60,60,60,60,60,60,60,60,60,60,60,60,60,60,60,60,60,60,60,60,60,60,60,60,60,60,60,57,57,57,57,57,57,57,57,57,57,57,57,57,57,57,57,57,57,57],"card_choices":[{"not_picked":["PiercingWail","Deflect","Choke"],"picked":"SKIP","floor":1.0},{"not_picked":["Riddle With Holes","Slice"],"picked":"Deadly Poison+1","floor":3.0},{"not_picked":["Backflip+1","Quick Slash"],"picked":"Bane","floor":5.0},{"not_picked":["Tools of the Trade","Dodge and Roll+1"],"picked":"Cloak And Dagger+1","floor":6.0},{"not_picked":["Dodge and Roll+1","All Out Attack"],"picked":"Acrobatics+1","floor":8.0},{"not_picked":["Skewer","Underhanded Strike","Leg Sweep+1"],"picked":"SKIP","floor":10.0},{"not_picked":["Flying Knee","Deadly Poison+1","Outmaneuver+1"],"picked":"SKIP","floor":11.0},{"not_picked":["Poisoned Stab","Envenom","Dodge and Roll+1"],"picked":"SKIP","floor":14.0},{"not_picked":["Bane","Dagger Spray"],"picked":"Concentrate+1","floor":18.0},{"not_picked":["Calculated Gamble+1","Cloak And Dagger+1"],"picked":"Tactician+1","floor":19.0},{"not_picked":["Sucker Punch","Flying Knee","Deadly Poison+1"],"picked":"SKIP","floor":20.0},{"not_picked":["Sucker Punch","Flying Knee","Deadly Poison+1"],"picked":"SKIP","floor":20.0},{"not_picked":["Blur+1","Masterful Stab","Skewer"],"picked":"SKIP","floor":23.0},{"not_picked":["Flying Knee+1","Blur+1"],"picked":"Backflip+1","floor":25.0},{"not_picked":["Cloak And Dagger+1","Malaise+1"],"picked":"Well Laid Plans+1","floor":29.0},{"not_picked":["Heel Hook","Predator+1","Flechettes"],"picked":"SKIP","floor":31.0},{"not_picked":["Heel Hook","Predator+1","Flechettes"],"picked":"SKIP","floor":31.0},{"not_picked":["Noxious Fumes","Underhanded Strike+1","Quick Slash+1"],"picked":"SKIP","floor":35.0},{"not_picked":["Perfected Strike+1","Streamline+1"],"picked":"Prepared+1","floor":37.0},{"not_picked":["Tactician+1","Twin Strike+1"],"picked":"True Grit+1","floor":39.0},{"not_picked":["Secret Technique+1","Sword Boomerang+1","Double Energy+1"],"picked":"SKIP","floor":41.0},{"not_picked":["Secret Technique+1","Sword Boomerang+1","Double Energy+1"],"picked":"SKIP","floor":41.0},{"not_picked":["Tactician+1","Sword Boomerang+1","Caltrops"],"picked":"SKIP","floor":45},{"not_picked":["Conserve Battery+1","Bane+1","Clothesline+1"],"picked":"SKIP","floor":46},{"not_picked":["Second Wind+1","Perfected Strike+1"],"picked":"Coolheaded+1","floor":47},{"not_picked":["Entrench+1","Prepared+1"],"picked":"Evolve","floor":48},{"not_picked":["Ball Lightning+1","Deadly Poison+1"],"picked":"Rage+1","floor":55}],"player_experience":2854718,"relics_obtained":[{"floor":6.0,"key":"Boot"},{"floor":8.0,"key":"Omamori"},{"floor":9.0,"key":"War Paint"},{"floor":14.0,"key":"Orichalcum"},{"floor":19.0,"key":"Red Mask"},{"floor":23.0,"key":"Kunai"},{"floor":25.0,"key":"MawBank"},{"floor":29.0,"key":"Potion Belt"},{"floor":31.0,"key":"Molten Egg 2"},{"floor":41.0,"key":"Whetstone"},{"floor":43.0,"key":"Ninja Scroll"},{"floor":47,"key":"StoneCalendar"},{"floor":55,"key":"Bag of Marbles"}],"event_choices":[{"damage_healed":0.0,"max_hp_gain":0.0,"max_hp_loss":0.0,"gold_gain":0.0,"event_name":"Scrap Ooze","player_choice":"Success","floor":4.0,"gold_loss":0.0,"damage_taken":11.0,"relics_obtained":["Meat on the Bone"]},{"damage_healed":0.0,"max_hp_gain":0.0,"max_hp_loss":0.0,"gold_gain":0.0,"event_name":"Masked Bandits","player_choice":"Fought Bandits","floor":19.0,"gold_loss":0.0,"damage_taken":0.0},{"damage_healed":0.0,"max_hp_gain":0.0,"max_hp_loss":0.0,"gold_gain":0.0,"cards_transformed":["Sucker Punch","Bane"],"event_name":"Drug Dealer","player_choice":"Became Test Subject","floor":21.0,"gold_loss":0.0,"damage_taken":0.0,"cards_obtained":["Venomology","Acrobatics"]},{"damage_healed":0.0,"max_hp_gain":0.0,"max_hp_loss":0.0,"gold_gain":0.0,"event_name":"Forgotten Altar","player_choice":"Smashed Altar","floor":22.0,"gold_loss":0.0,"damage_taken":0.0,"cards_obtained":["Decay"]},{"damage_healed":0.0,"max_hp_gain":0.0,"max_hp_loss":0.0,"gold_gain":0.0,"event_name":"The Mausoleum","player_choice":"Opened","floor":24.0,"gold_loss":0.0,"damage_taken":0.0,"relics_obtained":["Lantern"],"cards_obtained":["Writhe"]},{"damage_healed":0.0,"max_hp_gain":0.0,"max_hp_loss":0.0,"gold_gain":50.0,"event_name":"Nest","player_choice":"Stole From Cult","floor":27.0,"gold_loss":0.0,"damage_taken":0.0},{"damage_healed":0.0,"max_hp_gain":0.0,"max_hp_loss":3.0,"gold_gain":0.0,"event_name":"Winding Halls","player_choice":"Max HP","floor":38.0,"gold_loss":0.0,"damage_taken":0.0},{"damage_healed":0.0,"max_hp_gain":0.0,"max_hp_loss":0.0,"gold_gain":0.0,"event_name":"Upgrade Shrine","player_choice":"Ignored","floor":44.0,"gold_loss":0.0,"damage_taken":0.0}],"is_beta":false,"boss_relics":[{"not_picked":["WristBlade","Runic Pyramid"],"picked":"Pandora\u0027s Box"},{"not_picked":["Eternal Feather","Sozu"],"picked":"Coffee Dripper"}],"items_purged_floors":[2,30,54],"is_endless":false,"potions_floor_spawned":[6,8,14,19,25,33,35,39,45,46],"ascension_level":20}