{"gold_per_floor":[110,40,60,60,60,60,89,108,108,108,138,138,151,177,177,253,253,270,255,255,305,5,38,64,76,112,124,164,189,201,263,275,360,372,400,465,497,526,638,683,675,687,699,736,53,85,85,118,118,118],"floor_reached":51,"playtime":3123,"items_purged":["Strike_G"],"score":1781,"play_id":"abd8dd9c-3139-4664-b6f4-2095e4035a6d","local_time":"20190128173538","is_ascension_mode":true,"campfire_choices":[{"data":"Noxious Fumes","floor":6.0,"key":"SMITH"},{"data":"A Thousand Cuts","floor":10.0,"key":"SMITH"},{"data":"Footwork","floor":12.0,"key":"SMITH"},{"data":"Cloak And Dagger","floor":15.0,"key":"SMITH"},{"data":"Well Laid Plans","floor":25.0,"key":"SMITH"},{"data":"Blade Dance","floor":27.0,"key":"SMITH"},{"floor":32,"key":"REST"},{"data":"Cloak And Dagger","floor":42,"key":"SMITH"},{"data":"Blade Dance","floor":47,"key":"SMITH"},{"data":"Blade Dance","floor":49,"key":"SMITH"}],"neow_cost":"NONE","seed_source_timestamp":120779957693223,"circlet_count":0,"master_deck":["AscendersBane","Defend_G","Defend_G","Defend_G","Defend_G","Defend_G","Strike_G+1","Strike_G","Survivor","Neutralize+1","Predator","Noxious Fumes+1","Crippling Poison","A Thousand Cuts+1","PiercingWail","Footwork+1","Footwork","Cloak And Dagger+1","After Image","Dodge and Roll+1","Blur","Well Laid Plans+1","Blade Dance+1","PiercingWail","Backflip","Backflip+1","Deadly Poison+1","Corpse Explosion","Dodge and Roll+1","Escape Plan+1","Cloak And Dagger+1","Noxious Fumes+1","Blade Dance+1","Backflip","Blur","Blade Dance+1"],"special_seed":0,"relics":["Ring of the Snake","Kunai","Molten Egg 2","Mummified Hand","Odd Mushroom","Black Star","Frozen Egg 2","Question Card","MawBank","Orichalcum","Ancient Tea Set","Singing Bowl","Runic Dome","Thread and Needle","Du-Vu Doll","The Courier","Pen Nib","Gambling Chip","PreservedInsect","Bottled Tornado","Bronze Scales","Anchor","Strawberry","Centennial Puzzle","Juzu Bracelet","Torii","Whetstone","Ninja Scroll"],"potions_floor_usage":[36,50],"damage_taken":[{"damage":0.0,"enemies":"Jaw Worm","floor":1.0,"turns":6.0},{"damage":0.0,"enemies":"2 Louse","floor":3.0,"turns":2.0},{"damage":21.0,"enemies":"3 Sentries","floor":7.0,"turns":7.0},{"damage":0.0,"enemies":"Cultist","floor":8.0,"turns":3.0},{"damage":19.0,"enemies":"Gremlin Nob","floor":11.0,"turns":4.0},{"damage":12.0,"enemies":"Exordium Wildlife","floor":13.0,"turns":4.0},{"damage":1.0,"enemies":"The Mushroom Lair","floor":14.0,"turns":4.0},{"damage":0.0,"enemies":"Hexaghost","floor":16.0,"turns":11.0},{"damage":0.0,"enemies":"3 Byrds","floor":18.0,"turns":4.0},{"damage":14.0,"enemies":"2 Thieves","floor":19.0,"turns":4.0},{"damage":0.0,"enemies":"Book of Stabbing","floor":23.0,"turns":8.0},{"damage":0.0,"enemies":"Snecko","floor":24.0,"turns":7.0},{"damage":3,"enemies":"Gremlin Leader","floor":28,"turns":9},{"damage":16,"enemies":"Snake Plant","floor":29,"turns":5},{"damage":0,"enemies":"Champ","floor":33,"turns":17},{"damage":0,"enemies":"3 Shapes","floor":35,"turns":3},{"damage":6,"enemies":"2 Orb Walkers","floor":36,"turns":3},{"damage":0,"enemies":"Orb Walker","floor":37,"turns":5},{"damage":1,"enemies":"Maw","floor":38,"turns":9},{"damage":0,"enemies":"Mind Bloom Boss Battle","floor":39,"turns":9},{"damage":5,"enemies":"Giant Head","floor":40,"turns":11},{"damage":0,"enemies":"Nemesis","floor":44,"turns":9},{"damage":4,"enemies":"Giant Head","floor":46,"turns":8},{"damage":0,"enemies":"Reptomancer","floor":48,"turns":5},{"damage":27,"enemies":"Awakened One","floor":50,"turns":14}],"seed_played":"-6886249606370085706","potions_obtained":[{"floor":1.0,"key":"FearPotion"},{"floor":13.0,"key":"SpeedPotion"},{"floor":16.0,"key":"SneckoOil"},{"floor":19.0,"key":"Ancient Potion"},{"floor":29,"key":"Energy Potion"},{"floor":37,"key":"Block Potion"}],"is_trial":false,"path_per_floor":["M","$","M","?","$","R","E","M","T","R","E","R","M","?","R","B",null,"M","M","?","?","$","E","M","R","T","R","E","M","?","?","R","B",null,"M","?","M","M","?","E","?","R","T","E","$","E","R","E","R","B",null],"character_chosen":"THE_SILENT","items_purchased":["Noxious Fumes","Frozen Egg 2","PiercingWail","Bronze Scales","Backflip","Blur","Blade Dance","Anchor","Strawberry","Centennial Puzzle"],"campfire_rested":1,"item_purchase_floors":[2,22,22,45,45,45,45,45,45,45],"current_hp_per_floor":[65,65,65,65,65,65,44,44,44,44,25,25,13,12,12,12,57,57,43,43,43,43,43,43,43,43,43,40,24,24,24,45,45,65,65,61,63,62,62,57,57,57,57,57,64,62,62,64,64,37],"gold":118,"neow_bonus":"TEN_PERCENT_HP_BONUS","is_prod":false,"is_daily":false,"chose_seed":false,"campfire_upgraded":9,"win_rate":0,"timestamp":1548725738,"path_taken":["M","$","M","?","$","R","E","M","T","R","E","R","M","?","R","BOSS","M","M","?","?","$","E","?","R","T","R","E","M","?","?","R","BOSS","M","?","M","M","?","E","?","R","T","E","$","E","R","E","R","BOSS"],"build_version":"2019-01-23","purchased_purges":1,"victory":true,"max_hp_per_floor":[72,72,72,72,72,72,72,72,72,72,72,72,72,72,72,72,72,72,72,72,72,72,72,72,72,72,72,72,72,72,72,72,72,72,72,74,76,76,76,76,76,76,76,76,83,85,85,87,87,87],"card_choices":[{"not_picked":["All Out Attack","Leg Sweep"],"picked":"Predator","floor":1.0},{"not_picked":["Dagger Throw","Dodge and Roll"],"picked":"Crippling Poison","floor":3.0},{"not_picked":["Slice","Quick Slash"],"picked":"A Thousand Cuts","floor":7.0},{"not_picked":["Underhanded Strike","Flying Knee"],"picked":"PiercingWail","floor":8.0},{"not_picked":["Flechettes+1","Masterful Stab+1"],"picked":"Footwork","floor":11.0},{"not_picked":["Prepared","Finisher+1"],"picked":"Footwork","floor":13.0},{"not_picked":["Outmaneuver","Dagger Spray+1"],"picked":"Cloak And Dagger","floor":14.0},{"not_picked":["Storm of Steel","Malaise"],"picked":"After Image","floor":16.0},{"not_picked":["Heel Hook+1","Dash+1"],"picked":"Dodge and Roll+1","floor":18.0},{"not_picked":["Outmaneuver","Setup+1"],"picked":"Blur","floor":19.0},{"not_picked":["Bane+1","Slice+1"],"picked":"Backflip","floor":23.0},{"not_picked":["Acrobatics","Footwork+1","Expertise","Bane+1"],"picked":"SKIP","floor":24.0},{"not_picked":["Slice+1","Bane+1","After Image+1"],"picked":"Backflip+1","floor":28},{"not_picked":["Acrobatics+1","Prepared","Dagger Spray+1"],"picked":"Deadly Poison+1","floor":29},{"not_picked":["Unload+1","Die Die Die+1","Night Terror"],"picked":"Corpse Explosion","floor":33},{"not_picked":["Backstab+1","Heel Hook+1","PiercingWail"],"picked":"Dodge and Roll+1","floor":35},{"not_picked":["Bane+1","Poisoned Stab+1","Heel Hook+1","Deflect"],"picked":"Singing Bowl","floor":36},{"not_picked":["Footwork+1","Masterful Stab+1","All Out Attack+1","Underhanded Strike+1"],"picked":"Singing Bowl","floor":37},{"not_picked":["Sucker Punch+1","PiercingWail","Outmaneuver"],"picked":"Escape Plan+1","floor":38},{"not_picked":["Outmaneuver+1","A Thousand Cuts+1","Flechettes+1"],"picked":"Cloak And Dagger","floor":39},{"not_picked":["Quick Slash+1","After Image+1","Caltrops+1"],"picked":"Noxious Fumes+1","floor":40},{"not_picked":["Deadly Poison","Skewer+1","Phantasmal Killer"],"picked":"Blade Dance","floor":44},{"not_picked":["Endless Agony+1","Choke+1","Bane+1","Backflip"],"picked":"Singing Bowl","floor":46},{"not_picked":["Unload+1","Footwork+1","Deflect","Dodge and Roll"],"picked":"Singing Bowl","floor":48}],"player_experience":2086548,"relics_obtained":[{"floor":7.0,"key":"Kunai"},{"floor":9.0,"key":"Molten Egg 2"},{"floor":11.0,"key":"Mummified Hand"},{"floor":14.0,"key":"Odd Mushroom"},{"floor":23.0,"key":"Question Card"},{"floor":23.0,"key":"MawBank"},{"floor":26.0,"key":"Orichalcum"},{"floor":28,"key":"Ancient Tea Set"},{"floor":28,"key":"Singing Bowl"},{"floor":36,"key":"Thread and Needle"},{"floor":39,"key":"Du-Vu Doll"},{"floor":40,"key":"The Courier"},{"floor":40,"key":"Pen Nib"},{"floor":43,"key":"Gambling Chip"},{"floor":44,"key":"PreservedInsect"},{"floor":44,"key":"Bottled Tornado"},{"floor":46,"key":"Juzu Bracelet"},{"floor":46,"key":"Torii"},{"floor":48,"key":"Whetstone"},{"floor":48,"key":"Ninja Scroll"}],"event_choices":[{"damage_healed":0.0,"max_hp_gain":0.0,"max_hp_loss":0.0,"gold_gain":0.0,"event_name":"The Cleric","player_choice":"Leave","floor":4.0,"gold_loss":0.0,"damage_taken":0.0},{"damage_healed":0.0,"max_hp_gain":0.0,"max_hp_loss":0.0,"gold_gain":0.0,"event_name":"Mushrooms","player_choice":"Fought Mushrooms","floor":14.0,"gold_loss":0.0,"damage_taken":0.0},{"damage_healed":0.0,"max_hp_gain":0.0,"max_hp_loss":0.0,"gold_gain":0.0,"cards_transformed":["Strike_G","Strike_G"],"event_name":"Drug Dealer","player_choice":"Became Test Subject","floor":20.0,"gold_loss":0.0,"damage_taken":0.0,"cards_obtained":["Well Laid Plans","Blade Dance"]},{"damage_healed":0.0,"max_hp_gain":0.0,"max_hp_loss":0.0,"gold_gain":100.0,"event_name":"The Joust","player_choice":"Bet on Murderer","floor":21.0,"gold_loss":50.0,"damage_taken":0.0},{"damage_healed":0,"gold_gain":0,"player_choice":"Ignored","damage_taken":0,"max_hp_gain":0,"max_hp_loss":0,"event_name":"Ghosts","floor":30,"gold_loss":0},{"damage_healed":0,"gold_gain":50,"player_choice":"Stole From Cult","damage_taken":0,"max_hp_gain":0,"max_hp_loss":0,"event_name":"Nest","floor":31,"gold_loss":0},{"damage_healed":0,"gold_gain":0,"player_choice":"Fight","damage_taken":0,"max_hp_gain":0,"max_hp_loss":0,"event_name":"Mysterious Sphere","floor":36,"gold_loss":0},{"damage_healed":0,"gold_gain":0,"player_choice":"Fight","damage_taken":0,"max_hp_gain":0,"max_hp_loss":0,"event_name":"MindBloom","floor":39,"gold_loss":0},{"damage_healed":0,"gold_gain":0,"player_choice":"Bought 1 Potion","damage_taken":0,"max_hp_gain":0,"max_hp_loss":0,"event_name":"The Woman in Blue","floor":41,"gold_loss":0}],"is_beta":false,"boss_relics":[{"not_picked":["Calling Bell","Tiny House"],"picked":"Black Star"},{"not_picked":["Orrery","HoveringKite"],"picked":"Runic Dome"}],"items_purged_floors":[45],"is_endless":false,"potions_floor_spawned":[1,13,16,19,28,29,35,37],"ascension_level":15}