{"gold_per_floor":[114,39,52,65,95,95,95,95,120,149,166,201,211,239,251,263],"floor_reached":16,"playtime":493,"items_purged":[],"score":290,"play_id":"e8b4a891-e489-41f8-8091-ce37770bd406","local_time":"20190331113735","is_ascension_mode":true,"campfire_choices":[{"data":"Bash","floor":6.0,"key":"SMITH"},{"data":"Ghostly Armor","floor":8.0,"key":"SMITH"},{"data":"Limit Break","floor":15.0,"key":"SMITH"}],"neow_cost":"TEN_PERCENT_HP_LOSS","seed_source_timestamp":239967085400,"circlet_count":0,"master_deck":["AscendersBane","Strike_R","Strike_R","Strike_R","Defend_R","Defend_R","Defend_R","Bash+1","Pommel Strike","Ghostly Armor+1","Limit Break+1"],"special_seed":0,"relics":["Burning Blood","Tiny Chest","Vajra","Dream Catcher","Happy Flower","MawBank"],"potions_floor_usage":[16,16],"damage_taken":[{"damage":6.0,"enemies":"Jaw Worm","floor":1.0,"turns":8.0},{"damage":12.0,"enemies":"2 Louse","floor":3.0,"turns":3.0},{"damage":10.0,"enemies":"Small Slimes","floor":4.0,"turns":3.0},{"damage":0.0,"enemies":"Gremlin Nob","floor":10.0,"turns":3.0},{"damage":3.0,"enemies":"Blue Slaver","floor":11.0,"turns":4.0},{"damage":27.0,"enemies":"Lagavulin","floor":12.0,"turns":5.0},{"damage":17.0,"enemies":"Exordium Wildlife","floor":13.0,"turns":4.0},{"damage":4.0,"enemies":"Gremlin Nob","floor":14.0,"turns":3.0},{"damage":46,"enemies":"Slime Boss","floor":16,"turns":6}],"seed_played":"-8637996374729990429","potions_obtained":[{"floor":3.0,"key":"Explosive Potion"},{"floor":4.0,"key":"Strength Potion"},{"floor":13.0,"key":"LiquidBronze"},{"floor":14.0,"key":"Fruit Juice"}],"is_trial":false,"path_per_floor":["M","?","M","M","?","R","?","R","T","E","M","E","M","E","R","B"],"character_chosen":"IRONCLAD","items_purchased":[],"campfire_rested":0,"item_purchase_floors":[],"current_hp_per_floor":[68,68,62,58,53,53,58,58,58,64,67,46,35,37,37,0],"gold":263,"neow_bonus":"REMOVE_TWO","is_prod":false,"is_daily":false,"chose_seed":false,"campfire_upgraded":3,"win_rate":0,"timestamp":1554003455,"path_taken":["M","?","M","M","?","R","?","R","T","E","M","E","M","E","R","BOSS"],"build_version":"2019-01-23","purchased_purges":0,"victory":false,"max_hp_per_floor":[68,68,68,68,68,68,73,73,73,73,73,73,73,73,73,78],"card_choices":[{"not_picked":["Heavy Blade","True Grit","Metallicize"],"picked":"SKIP","floor":1.0},{"not_picked":["Wild Strike","Shrug It Off"],"picked":"Pommel Strike","floor":3.0},{"not_picked":["Havoc","Iron Wave"],"picked":"Ghostly Armor","floor":4.0},{"not_picked":["Infernal Blade","Thunderclap","Warcry"],"picked":"SKIP","floor":10.0},{"not_picked":["Spot Weakness","Bludgeon","Anger"],"picked":"SKIP","floor":11.0},{"not_picked":["Feel No Pain","Cleave"],"picked":"Limit Break","floor":12.0},{"not_picked":["Flame Barrier","Carnage","Shrug It Off"],"picked":"SKIP","floor":13.0},{"not_picked":["Havoc","Clothesline","Metallicize"],"picked":"SKIP","floor":14.0}],"player_experience":2909279,"relics_obtained":[{"floor":9.0,"key":"Vajra"},{"floor":10.0,"key":"Dream Catcher"},{"floor":12.0,"key":"Happy Flower"},{"floor":14.0,"key":"MawBank"}],"event_choices":[{"cards_removed":["Defend_R"],"damage_healed":0.0,"max_hp_gain":0.0,"max_hp_loss":0.0,"gold_gain":0.0,"event_name":"The Cleric","player_choice":"Card Removal","floor":2.0,"gold_loss":75.0,"damage_taken":0.0},{"damage_healed":0.0,"max_hp_gain":0.0,"max_hp_loss":0.0,"gold_gain":0.0,"event_name":"Scrap Ooze","player_choice":"Success","floor":5.0,"gold_loss":0.0,"damage_taken":5.0,"relics_obtained":["Tiny Chest"]},{"damage_healed":0.0,"max_hp_gain":5.0,"max_hp_loss":0.0,"gold_gain":0.0,"event_name":"Big Fish","player_choice":"Donut","floor":7.0,"gold_loss":0.0,"damage_taken":0.0}],"is_beta":false,"boss_relics":[],"items_purged_floors":[],"is_endless":false,"potions_floor_spawned":[3,4,13,14],"killed_by":"Slime Boss","ascension_level":20}