{"gold_per_floor":[218,218,293,35,50,50,70,104,104,104,104,136,150,169,169,243,243,258,258,358,378,47,77,97,129,129,129,148,148,67,85,85,159,159,175,175,175,175,190,190,222,235,535,535,548,548],"floor_reached":46,"playtime":1777,"items_purged":["Regret","Strike_R"],"score":1021,"play_id":"931fc388-29cd-4a68-bf4b-b608c0ba0b9d","local_time":"20190115115150","is_ascension_mode":true,"campfire_choices":[{"data":"Whirlwind","floor":6.0,"key":"SMITH"},{"data":"Flex","floor":11.0,"key":"SMITH"},{"data":"Disarm","floor":15.0,"key":"SMITH"},{"floor":27.0,"key":"REST"},{"data":"Well Laid Plans","floor":29.0,"key":"SMITH"},{"data":"Demon Form","floor":32.0,"key":"SMITH"},{"data":"Offering","floor":40.0,"key":"SMITH"},{"data":"Trip","floor":44.0,"key":"SMITH"}],"neow_cost":"NONE","seed_source_timestamp":4673155809333,"circlet_count":0,"master_deck":["AscendersBane","Strike_R+1","Strike_R","Strike_R","Strike_R+1","Defend_R","Defend_R","Defend_R","Defend_R","Bash","Flex+1","Whirlwind+1","Offering+1","Disarm+1","Demon Form+1","Ghostly Armor+1","Headbutt","Pommel Strike+1","Iron Wave+1","Well Laid Plans+1","Turbo","Sword Boomerang+1","Flash of Steel+1","Trip+1","Flash of Steel+1","Hologram+1","Battle Trance"],"special_seed":0,"relics":["Burning Blood","Paper Frog","Pear","FossilizedHelix","Runic Dome","Magic Flower","Molten Egg 2","PrismaticShard","Kunai","Whetstone","Art of War","Coffee Dripper","Shuriken","Old Coin"],"potions_floor_usage":[46],"damage_taken":[{"damage":1.0,"enemies":"Cultist","floor":1.0,"turns":3.0},{"damage":4.0,"enemies":"Small Slimes","floor":5.0,"turns":3.0},{"damage":12.0,"enemies":"Jaw Worm","floor":7.0,"turns":2.0},{"damage":8.0,"enemies":"Gremlin Nob","floor":8.0,"turns":3.0},{"damage":30.0,"enemies":"3 Sentries","floor":12.0,"turns":5.0},{"damage":11.0,"enemies":"Looter","floor":13.0,"turns":3.0},{"damage":0.0,"enemies":"2 Fungi Beasts","floor":14.0,"turns":2.0},{"damage":35.0,"enemies":"Hexaghost","floor":16.0,"turns":9.0},{"damage":17.0,"enemies":"2 Thieves","floor":18.0,"turns":2.0},{"damage":23.0,"enemies":"Colosseum Slavers","floor":20.0,"turns":3.0},{"damage":0.0,"enemies":"Colosseum Nobs","floor":20.0,"turns":1.0},{"damage":6.0,"enemies":"Shell Parasite","floor":21.0,"turns":4.0},{"damage":20.0,"enemies":"Slavers","floor":23.0,"turns":2.0},{"damage":6.0,"enemies":"Centurion and Healer","floor":24.0,"turns":5.0},{"damage":26.0,"enemies":"Book of Stabbing","floor":25.0,"turns":4.0},{"damage":0.0,"enemies":"3 Cultists","floor":28.0,"turns":4.0},{"damage":18.0,"enemies":"Chosen and Byrds","floor":31.0,"turns":6.0},{"damage":43.0,"enemies":"Automaton","floor":33.0,"turns":7.0},{"damage":0.0,"enemies":"3 Darklings","floor":35.0,"turns":2.0},{"damage":1.0,"enemies":"Orb Walker","floor":39.0,"turns":3.0},{"damage":37.0,"enemies":"Giant Head","floor":41.0,"turns":5.0},{"damage":11.0,"enemies":"4 Shapes","floor":42.0,"turns":5.0},{"damage":19.0,"enemies":"Maw","floor":45.0,"turns":4.0},{"damage":65,"enemies":"Nemesis","floor":46,"turns":3}],"seed_played":"8145267731505812894","potions_obtained":[{"floor":1.0,"key":"Explosive Potion"},{"floor":14.0,"key":"Explosive Potion"},{"floor":20.0,"key":"Fire Potion"},{"floor":23.0,"key":"SteroidPotion"},{"floor":25.0,"key":"BloodPotion"},{"floor":28.0,"key":"GamblersBrew"},{"floor":33.0,"key":"Energy Potion"},{"floor":45.0,"key":"BloodPotion"}],"is_trial":false,"path_per_floor":["M","?","?","$","M","R","M","E","T","?","R","E","M","M","R","B",null,"M","?","?","M","$","E","M","E","T","R","M","R","$","M","R","B",null,"M","?","?","?","M","R","E","M","T","R","M","E"],"character_chosen":"IRONCLAD","items_purchased":["Flex","Whirlwind","SteroidPotion","PrismaticShard","Sword Boomerang+1","PowerPotion"],"campfire_rested":1,"item_purchase_floors":[4,4,4,22,30,30],"current_hp_per_floor":[73,73,62,62,64,64,58,66,66,61,61,37,32,38,38,9,66,55,55,44,47,47,36,39,22,22,47,56,56,56,47,47,13,67,76,76,76,66,74,74,46,44,44,44,34,0],"gold":548,"neow_bonus":"HUNDRED_GOLD","is_prod":false,"is_daily":false,"chose_seed":false,"campfire_upgraded":7,"win_rate":0,"timestamp":1547524310,"path_taken":["M","?","?","$","M","R","M","E","T","?","R","E","?","M","R","BOSS","M","?","?","M","$","E","M","E","T","R","M","R","$","M","R","BOSS","M","?","?","?","M","R","E","M","T","R","M","E"],"build_version":"2019-01-10","purchased_purges":2,"victory":false,"max_hp_per_floor":[75,75,75,75,75,75,75,85,85,85,85,85,85,85,85,85,85,85,85,85,85,85,85,85,85,85,85,85,85,85,85,85,85,85,85,85,85,85,85,85,85,85,85,85,85,85],"card_choices":[{"not_picked":["Fire Breathing","Sword Boomerang","Armaments"],"picked":"SKIP","floor":1.0},{"not_picked":["Fire Breathing","Sword Boomerang","Armaments"],"picked":"SKIP","floor":1.0},{"not_picked":["Wild Strike","Cleave","Flame Barrier"],"picked":"SKIP","floor":5.0},{"not_picked":["Bloodletting","True Grit","Wild Strike"],"picked":"SKIP","floor":7.0},{"not_picked":["Seeing Red","Whirlwind","Clash"],"picked":"SKIP","floor":8.0},{"not_picked":["Heavy Blade","Cleave"],"picked":"Offering","floor":12.0},{"not_picked":["Warcry","Entrench"],"picked":"Disarm","floor":13.0},{"not_picked":["Corruption","Flex","Warcry"],"picked":"SKIP","floor":14.0},{"not_picked":["Bludgeon","Impervious"],"picked":"Demon Form","floor":16.0},{"not_picked":["Perfected Strike","Blood for Blood"],"picked":"Ghostly Armor+1","floor":18.0},{"not_picked":["Flex","Infernal Blade","Whirlwind+1"],"picked":"SKIP","floor":21.0},{"not_picked":["Flex","Infernal Blade","Whirlwind+1"],"picked":"SKIP","floor":21.0},{"not_picked":["Flex","Setup"],"picked":"Pommel Strike+1","floor":23.0},{"not_picked":["Heel Hook+1","Blur"],"picked":"Iron Wave+1","floor":24.0},{"not_picked":["Carnage+1","Slice+1"],"picked":"Well Laid Plans","floor":25.0},{"not_picked":["Streamline+1","Impervious"],"picked":"Turbo","floor":28.0},{"not_picked":["Clash+1","Coolheaded","Quick Slash+1"],"picked":"SKIP","floor":31.0},{"not_picked":["Reboot","Amplify"],"picked":"Double Tap","floor":33.0},{"not_picked":["Dodge and Roll","Streamline+1","Coolheaded"],"picked":"SKIP","floor":35.0},{"not_picked":["Blind","Madness"],"picked":"Flash of Steel+1","floor":38.0},{"not_picked":["Chrysalis","Forethought"],"picked":"Trip","floor":38.0},{"not_picked":["Violence","Mind Blast+1"],"picked":"Flash of Steel+1","floor":38.0},{"not_picked":["Ball Lightning+1","Doom and Gloom+1","Deflect"],"picked":"SKIP","floor":39.0},{"not_picked":["Ball Lightning+1","Doom and Gloom+1","Deflect"],"picked":"SKIP","floor":39.0},{"not_picked":["Trip","Capacitor"],"picked":"Hologram+1","floor":41.0},{"not_picked":["Prepared","Poisoned Stab+1","Slice+1"],"picked":"SKIP","floor":42.0},{"not_picked":["Redo+1","Infernal Blade"],"picked":"Battle Trance","floor":45.0}],"player_experience":2535579,"relics_obtained":[{"floor":8.0,"key":"Pear"},{"floor":12.0,"key":"FossilizedHelix"},{"floor":20.0,"key":"Magic Flower"},{"floor":20.0,"key":"Molten Egg 2"},{"floor":23.0,"key":"Kunai"},{"floor":25.0,"key":"Whetstone"},{"floor":26.0,"key":"Art of War"},{"floor":41.0,"key":"Shuriken"},{"floor":43.0,"key":"Old Coin"}],"event_choices":[{"damage_healed":0.0,"max_hp_gain":0.0,"max_hp_loss":0.0,"gold_gain":0.0,"event_name":"Big Fish","player_choice":"Box","floor":2.0,"gold_loss":0.0,"damage_taken":0.0,"relics_obtained":["Paper Frog"],"cards_obtained":["Regret"]},{"damage_healed":0.0,"max_hp_gain":0.0,"max_hp_loss":0.0,"gold_gain":75.0,"event_name":"World of Goop","player_choice":"Gather Gold","floor":3.0,"gold_loss":0.0,"damage_taken":11.0},{"damage_healed":0.0,"max_hp_gain":0.0,"max_hp_loss":0.0,"gold_gain":0.0,"event_name":"The Woman in Blue","player_choice":"Bought 0 Potions","floor":10.0,"gold_loss":0.0,"damage_taken":0.0},{"damage_healed":0.0,"max_hp_gain":0.0,"max_hp_loss":0.0,"gold_gain":0.0,"event_name":"The Library","player_choice":"Read","floor":19.0,"gold_loss":0.0,"damage_taken":0.0,"cards_obtained":["Headbutt"]},{"damage_healed":0.0,"max_hp_gain":0.0,"max_hp_loss":0.0,"gold_gain":0.0,"event_name":"Colosseum","player_choice":"Fight","floor":20.0,"gold_loss":0.0,"damage_taken":0.0},{"damage_healed":0.0,"max_hp_gain":0.0,"max_hp_loss":0.0,"gold_gain":0.0,"event_name":"Colosseum","player_choice":"Fought Nobs","floor":20.0,"gold_loss":0.0,"damage_taken":0.0},{"damage_healed":0.0,"max_hp_gain":0.0,"max_hp_loss":0.0,"gold_gain":0.0,"event_name":"Tomb of Lord Red Mask","player_choice":"Ignored","floor":36.0,"gold_loss":0.0,"damage_taken":0.0},{"cards_removed":["Double Tap"],"damage_healed":0.0,"max_hp_gain":0.0,"max_hp_loss":0.0,"gold_gain":0.0,"event_name":"Falling","player_choice":"Removed Skill","floor":37.0,"gold_loss":0.0,"damage_taken":0.0},{"damage_healed":0.0,"max_hp_gain":0.0,"max_hp_loss":0.0,"gold_gain":0.0,"event_name":"SensoryStone","player_choice":"Memory 3","floor":38.0,"gold_loss":0.0,"damage_taken":10.0}],"is_beta":false,"boss_relics":[{"not_picked":["Black Blood","Tiny House"],"picked":"Runic Dome"},{"not_picked":["Eternal Feather","Runic Pyramid"],"picked":"Coffee Dripper"}],"items_purged_floors":[4,22],"is_endless":false,"potions_floor_spawned":[1,7,14,20,23,25,28,31,33,45],"killed_by":"Nemesis","ascension_level":20}