{"gold_per_floor":[116,291,291,102,122,151,151,165,165,165,21,21,34,49,49,144,144,160,170,188,198,217,245,245,245,293,293,293,323,74,99,99,203,203,223,223,242,242,2,2,2,43,81,93,37,37,54,54,54,54],"floor_reached":50,"playtime":1204,"items_purged":["Doubt"],"score":526,"play_id":"9fa2026e-6276-4a55-9cd5-bb7dadb2febd","local_time":"25610725204335","is_ascension_mode":false,"campfire_choices":[{"floor":10,"key":"REST"},{"data":"Double Tap","floor":12,"key":"SMITH"},{"data":"Shrug It Off","floor":15,"key":"SMITH"},{"floor":25,"key":"REST"},{"data":"Rampage","floor":27,"key":"SMITH"},{"floor":32,"key":"REST"},{"data":"Immolate","floor":40,"key":"SMITH"},{"floor":44,"key":"REST"},{"floor":49,"key":"REST"}],"neow_cost":"","seed_source_timestamp":28476762455281,"circlet_count":0,"master_deck":["Strike_R","Strike_R","Strike_R","Strike_R+1","Defend_R","Defend_R","Defend_R+1","Bash","Shrug It Off+1","Cleave","Havoc","Double Tap+1","Fire Breathing","Cleave","Clash","Immolate+1","Twin Strike+1","Wild Strike+1","Battle Trance","Rampage+1","Uppercut+1","Twin Strike+1","Flex+1","Thunderclap","Double Tap","Clash+1","Madness","Madness","Seeing Red","Seeing Red+1","Metallicize","Shrug It Off+1"],"relics":["Burning Blood","Tiny Chest","Self Forming Clay","Ornamental Fan","Ancient Tea Set","Empty Cage","Nunchaku","Bronze Scales","Matryoshka","Orichalcum","Pantograph","Strawberry","Sozu","Paper Frog","MawBank","Molten Egg 2","Smiling Mask","Mercury Hourglass","Omamori","GremlinMask"],"potions_floor_usage":[16,16,16,31,42,50,50],"damage_taken":[{"damage":14,"enemies":"Small Slimes","floor":1,"turns":3},{"damage":0,"enemies":"2 Louse","floor":5,"turns":2},{"damage":31,"enemies":"Lagavulin","floor":6,"turns":7},{"damage":11,"enemies":"Jaw Worm","floor":8,"turns":2},{"damage":7,"enemies":"Exordium Wildlife","floor":13,"turns":2},{"damage":4,"enemies":"Red Slaver","floor":14,"turns":3},{"damage":56,"enemies":"Hexaghost","floor":16,"turns":10},{"damage":21,"enemies":"Shell Parasite","floor":18,"turns":5},{"damage":10,"enemies":"Chosen","floor":19,"turns":4},{"damage":11,"enemies":"Snecko","floor":20,"turns":4},{"damage":29,"enemies":"Centurion and Healer","floor":21,"turns":5},{"damage":21,"enemies":"Snake Plant","floor":22,"turns":4},{"damage":10,"enemies":"Gremlin Leader","floor":23,"turns":8},{"damage":13,"enemies":"Book of Stabbing","floor":29,"turns":4},{"damage":22,"enemies":"Slavers","floor":31,"turns":3},{"damage":55,"enemies":"Champ","floor":33,"turns":10},{"damage":34,"enemies":"3 Darklings","floor":35,"turns":3},{"damage":0,"enemies":"Flame Bruiser 1 Orb","floor":37,"turns":3},{"damage":25,"enemies":"Giant Head","floor":42,"turns":7},{"damage":50,"enemies":"Spire Growth","floor":47,"turns":5},{"damage":78,"enemies":"Awakened One","floor":50,"turns":7}],"seed_played":"9153994717952060396","potions_obtained":[{"floor":1,"key":"PowerPotion"},{"floor":5,"key":"Weak Potion"},{"floor":13,"key":"BloodPotion"},{"floor":20,"key":"SpeedPotion"},{"floor":21,"key":"Weak Potion"},{"floor":29,"key":"Explosive Potion"},{"floor":33,"key":"Swift Potion"}],"is_trial":false,"path_per_floor":["M","?","?","$","M","E","?","M","T","R","$","R","M","M","R","B",null,"M","M","M","M","M","E","?","R","T","R","T","E","$","E","R","B",null,"M","?","M","?","$","R","T","E","T","R","$","?","M","?","R"],"character_chosen":"IRONCLAD","items_purchased":["Tiny Chest","Ancient Tea Set","Pantograph","Paper Frog","Metallicize"],"campfire_rested":5,"item_purchase_floors":[4,11,30,39,45],"current_hp_per_floor":[72,72,56,56,62,37,37,32,32,56,56,56,55,57,57,15,80,65,61,56,33,18,14,40,64,64,64,64,57,57,48,74,38,87,59,48,54,54,54,54,54,35,35,61,61,61,17,17,43,0],"gold":54,"neow_bonus":"","is_prod":false,"is_daily":false,"chose_seed":false,"campfire_upgraded":4,"win_rate":0,"timestamp":1532526215,"path_taken":["M","?","?","$","?","E","?","M","T","R","?","R","M","M","R","BOSS","M","M","M","M","M","E","?","R","T","R","?","E","$","E","R","BOSS","M","?","M","?","$","R","?","E","T","R","$","?","?","?","R","BOSS"],"build_version":"2018-07-19v2","purchased_purges":1,"victory":false,"max_hp_per_floor":[80,80,80,80,80,80,80,80,80,80,80,80,80,80,80,80,80,80,80,80,80,80,80,80,80,80,80,80,80,80,87,87,87,87,87,87,87,87,87,87,87,87,87,87,87,87,87,87,87,87],"card_choices":[{"not_picked":["Evolve","Sword Boomerang"],"picked":"Shrug It Off","floor":1},{"not_picked":["Shrug It Off","Flex"],"picked":"Cleave","floor":5},{"not_picked":["Body Slam","Pummel"],"picked":"Havoc","floor":6},{"not_picked":["Thunderclap","Havoc"],"picked":"Cleave","floor":8},{"not_picked":["Corruption","Hemokinesis","Pommel Strike"],"picked":"SKIP","floor":13},{"not_picked":["Headbutt","Rupture"],"picked":"Clash","floor":14},{"not_picked":["Brutality","Berserk"],"picked":"Immolate","floor":16},{"not_picked":["Evolve","Pommel Strike"],"picked":"Twin Strike+1","floor":18},{"not_picked":["Cleave","Iron Wave"],"picked":"Wild Strike+1","floor":19},{"not_picked":["Anger","Corruption"],"picked":"Battle Trance","floor":20},{"not_picked":["Bloodletting","Rupture+1"],"picked":"Rampage","floor":21},{"not_picked":["Battle Trance+1","True Grit"],"picked":"Uppercut+1","floor":22},{"not_picked":["Fiend Fire","Burning Pact"],"picked":"Twin Strike+1","floor":23},{"not_picked":["Offering","Armaments"],"picked":"Flex+1","floor":29},{"not_picked":["Perfected Strike","Warcry"],"picked":"Thunderclap","floor":31},{"not_picked":["Reaper","Bludgeon"],"picked":"Double Tap","floor":33},{"not_picked":["Headbutt+1","Perfected Strike"],"picked":"Clash+1","floor":35},{"not_picked":["Shockwave","Infernal Blade"],"picked":"Seeing Red","floor":37},{"not_picked":["Heavy Blade+1","Metallicize"],"picked":"Seeing Red+1","floor":42},{"not_picked":["Thunderclap+1","Sword Boomerang+1"],"picked":"Shrug It Off+1","floor":47}],"player_experience":155213,"relics_obtained":[{"floor":6,"key":"Self Forming Clay"},{"floor":9,"key":"Ornamental Fan"},{"floor":23,"key":"Nunchaku"},{"floor":26,"key":"Bronze Scales"},{"floor":28,"key":"Matryoshka"},{"floor":29,"key":"Orichalcum"},{"floor":31,"key":"Strawberry"},{"floor":41,"key":"MawBank"},{"floor":41,"key":"Molten Egg 2"},{"floor":42,"key":"Smiling Mask"},{"floor":43,"key":"Mercury Hourglass"},{"floor":43,"key":"Omamori"}],"event_choices":[{"event_name":"Liars Game","player_choice":"agreed","floor":2,"damage_taken":0},{"event_name":"Shining Light","player_choice":"Entered Light","floor":3,"damage_taken":0},{"event_name":"Match and Keep!","player_choice":"2 cards matched","floor":7,"damage_taken":0},{"event_name":"The Library","player_choice":"Heal","floor":24,"damage_taken":0},{"event_name":"Winding Halls","player_choice":"Embrace Madness","floor":36,"damage_taken":0},{"event_name":"The Lab","player_choice":"Got Potions","floor":38,"damage_taken":0},{"event_name":"FaceTrader","player_choice":"Trade","floor":46,"damage_taken":0},{"event_name":"The Woman in Blue","player_choice":"Bought 0 Potions","floor":48,"damage_taken":0}],"is_beta":false,"boss_relics":[{"not_picked":["Tiny House","Lizard Tail"],"picked":"Empty Cage"},{"not_picked":["Pandora\u0027s Box","Snecko Eye"],"picked":"Sozu"}],"items_purged_floors":[4],"is_endless":false,"potions_floor_spawned":[1,5,13,20,21,29,33,37],"killed_by":"Awakened One","ascension_level":0}