{"gold_per_floor":[117,42,42,42,42,77,77,77,102,102,141,141,174,198,198,293,293,314,314,314,36,36,75,25,59,109,159,174,23,36,69,69,69],"floor_reached":33,"playtime":1611,"items_purged":["Strike_G","Strike_G","Strike_G"],"score":930,"play_id":"cc5a95b5-da69-4434-b08d-a2283ce7ef97","local_time":"20181208012856","is_ascension_mode":true,"campfire_choices":[{"data":"Deadly Poison","floor":7.0,"key":"SMITH"},{"data":"Neutralize","floor":12.0,"key":"SMITH"},{"data":"Survivor","floor":15.0,"key":"SMITH"},{"data":"Slice","floor":32.0,"key":"SMITH"}],"neow_cost":"NONE","seed_source_timestamp":11072770978222,"circlet_count":0,"master_deck":["AscendersBane","Defend_G","Defend_G","Defend_G","Defend_G","Survivor+1","Neutralize+1","Deadly Poison+1","Concentrate","Cloak And Dagger+1","Outmaneuver+1","Endless Agony","Acrobatics+1","Setup+1","Reflex+1","Deflect+1","Backstab","Slice+1"],"special_seed":0,"relics":["Ring of the Snake","NeowsBlessing","Golden Idol","Paper Crane","Potion Belt","Toxic Egg 2","Shuriken","Unceasing Top","Empty Cage","PreservedInsect","Darkstone Periapt","Anchor","Meat on the Bone"],"potions_floor_usage":[],"damage_taken":[{"damage":0.0,"enemies":"2 Louse","floor":1.0,"turns":1.0},{"damage":0.0,"enemies":"Lagavulin","floor":6.0,"turns":1.0},{"damage":0.0,"enemies":"3 Sentries","floor":11.0,"turns":2.0},{"damage":25.0,"enemies":"Lagavulin","floor":13.0,"turns":9.0},{"damage":0.0,"enemies":"Jaw Worm","floor":14.0,"turns":3.0},{"damage":0.0,"enemies":"The Guardian","floor":16.0,"turns":9.0},{"damage":40.0,"enemies":"Chosen","floor":18.0,"turns":9.0},{"damage":0.0,"enemies":"Gremlin Leader","floor":23.0,"turns":8.0},{"damage":5.0,"enemies":"Slavers","floor":25.0,"turns":4.0},{"damage":0.0,"enemies":"2 Thieves","floor":28.0,"turns":5.0},{"damage":2.0,"enemies":"3 Cultists","floor":30.0,"turns":5.0},{"damage":0.0,"enemies":"Gremlin Leader","floor":31.0,"turns":7.0},{"damage":18,"enemies":"Collector","floor":33,"turns":9}],"seed_played":"4291419718778360336","potions_obtained":[{"floor":11.0,"key":"Block Potion"},{"floor":14.0,"key":"GhostInAJar"},{"floor":18.0,"key":"Weak Potion"},{"floor":23.0,"key":"PowerPotion"}],"is_trial":false,"path_per_floor":["M","$","?","?","?","E","R","$","T","T","E","R","E","M","R","B",null,"M","?","?","$","?","E","$","E","T","?","M","$","M","E","R","B"],"character_chosen":"THE_SILENT","items_purchased":["Setup+1","Reflex+1","SkillPotion","Deflect+1","Slice"],"campfire_rested":0,"item_purchase_floors":[21,21,21,24,29],"current_hp_per_floor":[59,59,59,59,64,64,64,64,64,64,64,64,39,39,39,39,59,19,19,19,19,19,19,19,14,14,14,14,14,12,12,12,0],"gold":69,"neow_bonus":"THREE_ENEMY_KILL","is_prod":false,"is_daily":false,"chose_seed":false,"campfire_upgraded":4,"win_rate":0,"timestamp":1544203736,"path_taken":["M","$","?","?","?","E","R","$","T","?","E","R","E","M","R","BOSS","M","?","?","$","?","E","?","E","T","?","?","?","M","E","R","BOSS"],"build_version":"2018-12-06","purchased_purges":3,"victory":false,"max_hp_per_floor":[66,66,60,60,65,65,65,65,65,65,65,65,65,65,65,65,65,65,65,65,65,65,65,65,65,65,65,65,65,65,65,65,65],"card_choices":[{"not_picked":["Flying Knee","Quick Slash"],"picked":"Deadly Poison","floor":1.0},{"not_picked":["Deflect","Slice"],"picked":"Concentrate","floor":6.0},{"not_picked":["Concentrate+1","Eviscerate"],"picked":"Cloak And Dagger+1","floor":11.0},{"not_picked":["Quick Slash","PiercingWail+1"],"picked":"Outmaneuver+1","floor":13.0},{"not_picked":["Noxious Fumes","Blade Dance+1"],"picked":"Endless Agony","floor":14.0},{"not_picked":["Endless Agony","Reflex+1","Bane"],"picked":"SKIP","floor":18.0},{"not_picked":["Acrobatics+1","Sucker Punch","Dagger Throw"],"picked":"SKIP","floor":23.0},{"not_picked":["Blade Dance+1","Underhanded Strike"],"picked":"Backstab","floor":25.0},{"not_picked":["Outmaneuver+1","Riddle With Holes","Predator"],"picked":"SKIP","floor":28.0},{"not_picked":["Catalyst+1","Dodge and Roll+1","Dagger Spray"],"picked":"SKIP","floor":30.0},{"not_picked":["Distraction+1","Sucker Punch","Slice"],"picked":"SKIP","floor":31.0}],"player_experience":2306391,"relics_obtained":[{"floor":6.0,"key":"Paper Crane"},{"floor":9.0,"key":"Potion Belt"},{"floor":10.0,"key":"Toxic Egg 2"},{"floor":11.0,"key":"Shuriken"},{"floor":13.0,"key":"Unceasing Top"},{"floor":23.0,"key":"PreservedInsect"},{"floor":25.0,"key":"Darkstone Periapt"},{"floor":26.0,"key":"Anchor"},{"floor":31.0,"key":"Meat on the Bone"}],"event_choices":[{"damage_healed":0.0,"max_hp_gain":0.0,"max_hp_loss":6.0,"gold_gain":0.0,"event_name":"Golden Idol","player_choice":"Lose Max HP","floor":3.0,"gold_loss":0.0,"damage_taken":0.0,"relics_obtained":["Golden Idol"]},{"damage_healed":0.0,"max_hp_gain":0.0,"max_hp_loss":0.0,"gold_gain":0.0,"event_name":"Scrap Ooze","player_choice":"Fled","floor":4.0,"gold_loss":0.0,"damage_taken":0.0},{"damage_healed":0.0,"max_hp_gain":5.0,"max_hp_loss":0.0,"gold_gain":0.0,"event_name":"Big Fish","player_choice":"Donut","floor":5.0,"gold_loss":0.0,"damage_taken":0.0},{"cards_removed":["Strike_G"],"damage_healed":0.0,"max_hp_gain":0.0,"max_hp_loss":0.0,"gold_gain":0.0,"event_name":"Back to Basics","player_choice":"Elegance","floor":19.0,"gold_loss":0.0,"damage_taken":0.0},{"damage_healed":0.0,"max_hp_gain":0.0,"max_hp_loss":0.0,"gold_gain":0.0,"event_name":"The Library","player_choice":"Read","floor":20.0,"gold_loss":0.0,"damage_taken":0.0,"cards_obtained":["Acrobatics"]},{"damage_healed":0.0,"max_hp_gain":0.0,"max_hp_loss":0.0,"gold_gain":0.0,"event_name":"Beggar","player_choice":"Ignored","floor":22.0,"gold_loss":0.0,"damage_taken":0.0},{"damage_healed":0.0,"max_hp_gain":0.0,"max_hp_loss":0.0,"gold_gain":50.0,"event_name":"Nest","player_choice":"Stole From Cult","floor":27.0,"gold_loss":0.0,"damage_taken":0.0}],"is_beta":false,"boss_relics":[{"not_picked":["Philosopher\u0027s Stone","Sozu"],"picked":"Empty Cage"}],"items_purged_floors":[2,21,29],"is_endless":false,"potions_floor_spawned":[11,14,18,23],"killed_by":"Collector","ascension_level":20}