{"gold_per_floor":[111,61,74,149,168,168,343,360,360,375,375,375,393,12,12,114,114,124,24,41,55,55,55,90,90,117,129,159,171,98,110,122,235,247,270,300,312,342,194,194,194,194,265,265,283,294,172,184,184,184],"floor_reached":51,"playtime":4334,"items_purged":["Pain","Doubt"],"score":662,"play_id":"ca171a7a-20a8-45c0-a076-9d095856a7da","local_time":"20181015173719","is_ascension_mode":true,"campfire_choices":[{"data":"Seek","floor":6,"key":"SMITH"},{"floor":15,"key":"REST"},{"data":"Defragment","floor":23,"key":"SMITH"},{"data":"Capacitor","floor":25,"key":"SMITH"},{"data":"Electrodynamics","floor":27,"key":"SMITH"},{"floor":32,"key":"REST"},{"data":"Creative AI","floor":40,"key":"SMITH"},{"data":"Consume","floor":49,"key":"SMITH"}],"neow_cost":"NONE","seed_source_timestamp":4681910492687,"circlet_count":0,"master_deck":["Strike_B","Strike_B","Strike_B","Defend_B","Defend_B","Defend_B","Defend_B","Zap","Dualcast","All For One","Seek+1","Go for the Eyes","Capacitor+1","Ball Lightning","Amplify","Electrodynamics+1","Barrage+1","Defragment+1","FTL","BootSequence+1","Madness","Madness","Loop","Creative AI+1","Chill","Static Discharge","Cold Snap","Consume+1"],"special_seed":0,"relics":["Cracked Core","Bag of Preparation","WarpedTongs","Incense Burner","Ice Cream","Inserter","Mummified Hand","MawBank","Lantern","Calipers","Lizard Tail","Gambling Chip","Letter Opener"],"potions_floor_usage":[10,16,16,24,33,41,48,50],"damage_taken":[{"damage":2,"enemies":"Small Slimes","floor":1,"turns":3},{"damage":7,"enemies":"2 Louse","floor":3,"turns":3},{"damage":0,"enemies":"Cultist","floor":5,"turns":3},{"damage":12,"enemies":"3 Louse","floor":8,"turns":3},{"damage":2,"enemies":"Large Slime","floor":10,"turns":4},{"damage":14,"enemies":"Blue Slaver","floor":13,"turns":3},{"damage":28,"enemies":"Slime Boss","floor":16,"turns":8},{"damage":0,"enemies":"Spheric Guardian","floor":18,"turns":3},{"damage":17,"enemies":"2 Thieves","floor":20,"turns":2},{"damage":9,"enemies":"Centurion and Healer","floor":21,"turns":3},{"damage":7,"enemies":"Slavers","floor":24,"turns":2},{"damage":16,"enemies":"Shelled Parasite and Fungi","floor":28,"turns":3},{"damage":31,"enemies":"Champ","floor":33,"turns":7},{"damage":0,"enemies":"Orb Walker","floor":35,"turns":2},{"damage":3,"enemies":"3 Darklings","floor":36,"turns":2},{"damage":26,"enemies":"Spire Growth","floor":38,"turns":4},{"damage":24,"enemies":"Mind Bloom Boss Battle","floor":41,"turns":5},{"damage":0,"enemies":"4 Shapes","floor":45,"turns":1},{"damage":5,"enemies":"Sphere and 2 Shapes","floor":46,"turns":3},{"damage":7,"enemies":"Maw","floor":48,"turns":6},{"damage":11,"enemies":"Donu and Deca","floor":50,"turns":5}],"seed_played":"-8665310668186813278","potions_obtained":[{"floor":1,"key":"GamblersBrew"},{"floor":5,"key":"SpeedPotion"},{"floor":8,"key":"Fire Potion"},{"floor":21,"key":"Explosive Potion"},{"floor":24,"key":"EssenceOfSteel"},{"floor":28,"key":"PowerPotion"},{"floor":33,"key":"SteroidPotion"},{"floor":38,"key":"Fire Potion"},{"floor":46,"key":"GamblersBrew"},{"floor":48,"key":"Swift Potion"}],"is_trial":false,"path_per_floor":["M","?","M","?","M","R","?","M","T","M","?","T","M","$","R","B",null,"M","$","M","M","?","R","E","R","T","R","M","?","?","?","R","B",null,"M","M","?","M","$","R","?","$","T","?","M","M","$","M","R","B"],"character_chosen":"DEFECT","items_purchased":["Ice Cream","Creative AI","Static Discharge","Cold Snap"],"campfire_rested":2,"item_purchase_floors":[14,39,47,47],"current_hp_per_floor":[73,73,66,55,55,55,55,43,43,41,41,41,27,27,49,21,75,75,75,58,49,49,49,42,42,42,42,26,26,26,26,48,17,75,75,72,63,37,37,37,13,13,13,66,66,61,61,54,54,43],"gold":184,"neow_bonus":"ONE_RANDOM_RARE_CARD","is_prod":false,"is_daily":false,"chose_seed":false,"campfire_upgraded":6,"win_rate":0,"timestamp":1539639439,"path_taken":["M","?","?","?","M","R","?","M","T","?","?","?","M","$","R","BOSS","M","$","M","M","?","R","E","R","T","R","M","?","?","?","R","BOSS","M","M","?","M","$","R","?","$","T","?","M","M","$","M","R","BOSS"],"build_version":"2018-10-11","purchased_purges":2,"victory":true,"max_hp_per_floor":[75,75,75,75,75,75,75,75,75,75,75,75,75,75,75,75,75,75,75,75,75,75,75,75,75,75,75,75,75,75,75,75,75,75,75,75,75,75,75,75,75,75,75,66,66,66,66,66,66,66],"card_choices":[{"not_picked":["Chill","Beam Cell","Cold Snap"],"picked":"SKIP","floor":1},{"not_picked":["Ball Lightning","Hologram"],"picked":"Seek","floor":3},{"not_picked":["Streamline","Ball Lightning"],"picked":"Go for the Eyes","floor":5},{"not_picked":["Sweeping Beam","Coolheaded"],"picked":"Capacitor","floor":8},{"not_picked":["Go for the Eyes","Compile Driver"],"picked":"Ball Lightning","floor":10},{"not_picked":["Static Discharge","Beam Cell"],"picked":"Amplify","floor":13},{"not_picked":["Echo Form","Reboot"],"picked":"Electrodynamics","floor":16},{"not_picked":["Double Energy","Hologram"],"picked":"Barrage+1","floor":18},{"not_picked":["Redo+1","Go for the Eyes"],"picked":"Defragment","floor":20},{"not_picked":["Hologram","Redo","Reprogram"],"picked":"SKIP","floor":21},{"not_picked":["Compile Driver","Auto Shields"],"picked":"FTL","floor":24},{"not_picked":["Rebound","Recycle","Multi-Cast"],"picked":"SKIP","floor":28},{"not_picked":["Turbo","Sweeping Beam"],"picked":"BootSequence+1","floor":35},{"not_picked":["Sweeping Beam","Storm","Skim"],"picked":"SKIP","floor":36},{"not_picked":["Double Energy+1","Lockon+1"],"picked":"Loop","floor":38},{"not_picked":["Sweeping Beam","Beam Cell+1"],"picked":"Chill","floor":41},{"not_picked":["Auto Shields+1","Hologram+1","Streamline+1"],"picked":"SKIP","floor":45},{"not_picked":["Ball Lightning+1","Beam Cell","Sweeping Beam+1"],"picked":"SKIP","floor":46},{"not_picked":["Compile Driver+1","Undo"],"picked":"Consume","floor":48}],"player_experience":59251,"relics_obtained":[{"floor":9,"key":"Bag of Preparation"},{"floor":12,"key":"Incense Burner"},{"floor":24,"key":"Mummified Hand"},{"floor":26,"key":"MawBank"},{"floor":41,"key":"Gambling Chip"},{"floor":43,"key":"Letter Opener"}],"event_choices":[{"event_name":"The Cleric","player_choice":"Card Removal","floor":2,"damage_taken":0},{"event_name":"World of Goop","player_choice":"Gather Gold","floor":4,"damage_taken":0},{"event_name":"Liars Game","player_choice":"agreed","floor":7,"damage_taken":0},{"event_name":"Accursed Blacksmith","player_choice":"Rummage","floor":11,"damage_taken":0},{"event_name":"Beggar","player_choice":"Ignored","floor":22,"damage_taken":0},{"event_name":"Ghosts","player_choice":"Ignored","floor":29,"damage_taken":0},{"event_name":"Addict","player_choice":"Obtained Relic","floor":30,"damage_taken":0},{"event_name":"WeMeetAgain","player_choice":"Potion","floor":31,"damage_taken":0},{"event_name":"Winding Halls","player_choice":"Embrace Madness","floor":37,"damage_taken":0},{"event_name":"MindBloom","player_choice":"Fight","floor":41,"damage_taken":0},{"event_name":"The Moai Head","player_choice":"Heal","floor":44,"damage_taken":0}],"is_beta":false,"boss_relics":[{"not_picked":["Astrolabe","Eternal Feather"],"picked":"Inserter"},{"not_picked":["Sozu","Pandora\u0027s Box"],"picked":"Lizard Tail"}],"items_purged_floors":[14,19],"is_endless":false,"potions_floor_spawned":[1,5,8,21,24,28,33,38,46,48],"ascension_level":1}