{"gold_per_floor":[118,136,150,166,166,194,194,214,214,214,230,260,294,344,344,418,418,438,450,460,510,543,543,543,543,543,543,562,589,606,624,624,695,695,708,708,708,256,267,267,118,135,135,135,135,146,9,9,9,9],"floor_reached":50,"playtime":3281,"items_purged":["Writhe","Strike_B+1"],"score":1191,"play_id":"af8807e0-82bd-44bd-adaf-b3c4ba2abde0","local_time":"20180718232710","is_ascension_mode":true,"campfire_choices":[{"data":"Zap","floor":7.0,"key":"SMITH"},{"data":"Dualcast","floor":10.0,"key":"SMITH"},{"data":"Go for the Eyes","floor":15.0,"key":"SMITH"},{"floor":23.0,"key":"REST"},{"floor":25.0,"key":"REST"},{"data":"Hologram","floor":27.0,"key":"SMITH"},{"floor":32.0,"key":"REST"},{"data":"Secret Technique","floor":40.0,"key":"SMITH"},{"floor":49.0,"key":"REST"}],"neow_cost":"NONE","seed_source_timestamp":52182050705251,"circlet_count":0,"master_deck":["Strike_B+1","Strike_B+1","Defend_B+1","Defend_B+1","Defend_B+1","Defend_B+1","Zap+1","Dualcast+1","AscendersBane","Reboot","Chill","BootSequence","Barrage","Ball Lightning","Compile Driver","Core Surge","Reinforced Body","Go for the Eyes+1","All For One","Steam","Gash","Hologram+1","Go for the Eyes","Cold Snap","Buffer","All For One","Turbo","Hologram","Go for the Eyes","Stack","Blind","Secret Technique+1","Good Instincts","Streamline+1","Beam Cell","BootSequence+1","Reinforced Body","Gash","Machine Learning"],"special_seed":0,"relics":["Cracked Core","Shuriken","Dodecahedron","Oddly Smooth Stone","Philosopher\u0027s Stone","Red Mask","Bronze Scales","Vajra","Orrery","Singing Bowl","Prayer Wheel"],"potions_floor_usage":[50],"damage_taken":[{"damage":1.0,"enemies":"Cultist","floor":1.0,"turns":4.0},{"damage":2.0,"enemies":"Jaw Worm","floor":2.0,"turns":4.0},{"damage":0.0,"enemies":"Small Slimes","floor":3.0,"turns":4.0},{"damage":8.0,"enemies":"Blue Slaver","floor":4.0,"turns":3.0},{"damage":19.0,"enemies":"Gremlin Nob","floor":6.0,"turns":4.0},{"damage":0.0,"enemies":"Looter","floor":8.0,"turns":3.0},{"damage":2.0,"enemies":"Lots of Slimes","floor":11.0,"turns":3.0},{"damage":9.0,"enemies":"3 Sentries","floor":13.0,"turns":6.0},{"damage":14.0,"enemies":"Hexaghost","floor":16.0,"turns":6.0},{"damage":0.0,"enemies":"Chosen","floor":18.0,"turns":3.0},{"damage":2.0,"enemies":"Shell Parasite","floor":19.0,"turns":6.0},{"damage":18.0,"enemies":"Centurion and Healer","floor":20.0,"turns":7.0},{"damage":24.0,"floor":22.0,"turns":4.0},{"damage":15.0,"enemies":"Snake Plant","floor":28.0,"turns":4.0},{"damage":0.0,"enemies":"Cultist and Chosen","floor":30.0,"turns":4.0},{"damage":1.0,"enemies":"3 Cultists","floor":31.0,"turns":5.0},{"damage":42.0,"enemies":"Automaton","floor":33.0,"turns":11.0},{"damage":14.0,"enemies":"3 Shapes","floor":35.0,"turns":8.0},{"damage":0.0,"enemies":"Orb Walker","floor":39.0,"turns":4.0},{"damage":42.0,"enemies":"Flame Bruiser 2 Orb","floor":42.0,"turns":7.0},{"damage":0.0,"floor":44.0,"turns":5.0},{"damage":0.0,"enemies":"Maw","floor":46.0,"turns":6.0},{"damage":58,"enemies":"Awakened One","floor":50,"turns":13}],"seed_played":"6524748470874941142","potions_obtained":[{"floor":1.0,"key":"SteroidPotion"},{"floor":4.0,"key":"Ancient Potion"},{"floor":16.0,"key":"GamblersBrew"},{"floor":20.0,"key":"FearPotion"},{"floor":22.0,"key":"Dexterity Potion"}],"is_trial":false,"path_per_floor":["M","M","M","M","?","E","R","M","T","R","M","?","E","?","R","B",null,"M","M","M","?","?","R","?","R","T","R","M","T","M","M","R","B",null,"M","?","?","$","M","R","$","M","T","?","?","M","$","?","R"],"character_chosen":"DEFECT","items_purchased":["Secret Technique","Good Instincts","Regen Potion","Beam Cell","Machine Learning"],"campfire_rested":4,"item_purchase_floors":[38,38,38,41,47],"current_hp_per_floor":[63,61,61,53,53,34,34,34,34,34,32,32,23,23,23,9,56,56,54,36,36,12,33,33,54,54,54,39,39,39,38,59,17,58,44,58,58,58,58,58,58,30,30,32,32,34,34,34,56,0],"gold":9,"neow_bonus":"ONE_RANDOM_RARE_CARD","is_prod":false,"is_daily":false,"chose_seed":false,"campfire_upgraded":5,"win_rate":0,"timestamp":1531981630,"path_taken":["M","?","M","M","?","E","R","M","T","R","?","?","E","?","R","BOSS","M","M","M","?","?","R","?","R","T","R","M","?","?","M","R","BOSS","M","?","?","$","M","R","$","M","T","?","?","?","$","?","R","BOSS"],"build_version":"2018-07-12","purchased_purges":2,"victory":false,"max_hp_per_floor":[71,71,71,71,71,71,71,71,71,71,71,71,71,71,71,71,71,71,71,71,71,71,71,71,71,71,71,71,71,71,71,71,71,71,71,71,71,71,71,71,71,71,71,73,73,75,75,75,75,75],"card_choices":[{"not_picked":["Scrape","Rebound"],"picked":"Chill","floor":1.0},{"not_picked":["Barrage","Turbo"],"picked":"BootSequence","floor":2.0},{"not_picked":["Stack","Scrape"],"picked":"Barrage","floor":3.0},{"not_picked":["Doom and Gloom","White Noise"],"picked":"Ball Lightning","floor":4.0},{"not_picked":["Hologram","Rebound"],"picked":"Compile Driver","floor":6.0},{"not_picked":["Undo","Stack"],"picked":"Core Surge","floor":8.0},{"not_picked":["Gash","Compile Driver"],"picked":"Reinforced Body","floor":11.0},{"not_picked":["Turbo","Machine Learning"],"picked":"Go for the Eyes","floor":13.0},{"not_picked":["Buffer","Rainbow"],"picked":"All For One","floor":16.0},{"not_picked":["Heatsinks","Barrage"],"picked":"Steam","floor":18.0},{"not_picked":["Stack","Streamline"],"picked":"Gash","floor":19.0},{"not_picked":["Rip and Tear","Recycle"],"picked":"Hologram","floor":20.0},{"not_picked":["Genetic Algorithm","Hologram"],"picked":"Go for the Eyes","floor":28.0},{"not_picked":["Darkness+1","Fusion"],"picked":"Cold Snap","floor":30.0},{"not_picked":["Ball Lightning","Barrage"],"picked":"Buffer","floor":31.0},{"not_picked":["Creative AI","Thunder Strike"],"picked":"All For One","floor":33.0},{"not_picked":["Loop","Ball Lightning"],"picked":"Turbo","floor":34.0},{"not_picked":["Double Energy","Stack"],"picked":"Hologram","floor":34.0},{"not_picked":["Genetic Algorithm","Undo"],"picked":"Go for the Eyes","floor":34.0},{"not_picked":["Buffer","Storm"],"picked":"Stack","floor":35.0},{"not_picked":["Magnetism","Enlightenment"],"picked":"Blind","floor":37.0},{"not_picked":["Defragment","Stack"],"picked":"Streamline+1","floor":39.0},{"not_picked":["Sunder","Coolheaded"],"picked":"BootSequence+1","floor":42.0},{"not_picked":["Storm+1","Coolheaded","Hologram"],"picked":"Singing Bowl","floor":44.0},{"not_picked":["Turbo","Storm"],"picked":"Gash","floor":46.0},{"not_picked":["Stack","Streamline","Capacitor"],"picked":"Singing Bowl","floor":46.0}],"player_experience":796098,"relics_obtained":[{"floor":6.0,"key":"Shuriken"},{"floor":9.0,"key":"Dodecahedron"},{"floor":13.0,"key":"Oddly Smooth Stone"},{"floor":22.0,"key":"Red Mask"},{"floor":26.0,"key":"Bronze Scales"},{"floor":29.0,"key":"Vajra"},{"floor":43.0,"key":"Singing Bowl"},{"floor":44.0,"key":"Prayer Wheel"}],"event_choices":[{"event_name":"Liars Game","player_choice":"disagreed","floor":5.0,"damage_taken":0.0},{"event_name":"Dead Adventurer","player_choice":"Searched \u00272\u0027 times","floor":12.0,"damage_taken":0.0},{"event_name":"Golden Shrine","player_choice":"Pray","floor":14.0,"damage_taken":0.0},{"event_name":"Nest","player_choice":"Stole From Cult","floor":21.0,"damage_taken":0.0},{"event_name":"Masked Bandits","player_choice":"Fought over 510 gold","floor":22.0,"damage_taken":0.0},{"event_name":"Back to Basics","player_choice":"Simplicity","floor":24.0,"damage_taken":0.0},{"event_name":"Winding Halls","player_choice":"Writhe","floor":36.0,"damage_taken":0.0},{"event_name":"SensoryStone","player_choice":"Memory 1","floor":37.0,"damage_taken":0.0},{"event_name":"MindBloom","player_choice":"Fight","floor":44.0,"damage_taken":0.0},{"event_name":"Transmorgrifier","player_choice":"Transform","floor":45.0,"damage_taken":0.0},{"event_name":"Mysterious Sphere","player_choice":"Ignore","floor":48.0,"damage_taken":0.0}],"boss_relics":[{"not_picked":["Black Star","Tiny House"],"picked":"Philosopher\u0027s Stone"},{"not_picked":["Runic Pyramid","Pandora\u0027s Box"],"picked":"Orrery"}],"items_purged_floors":[38,41],"is_endless":false,"potions_floor_spawned":[1,4,11,16,20,22,30,39],"killed_by":"Awakened One","ascension_level":15}