{"gold_per_floor":[113,129,129,152,164,193,209,240,265,278,278,296,322,339,339,415,415,429,444,46,46,66,97,277,307,307,307,307,325,342,375,375,449,499,517,303,323,339,351,385,385,46,346,366,401,414,414,83,83,83,83],"floor_reached":52,"playtime":2657,"items_purged":["Glass Knife"],"score":2342,"play_id":"af2307e9-e603-4bd4-a9a8-4c86a435207a","local_time":"20181029141827","daily_mods":["SealedDeck"],"is_ascension_mode":true,"campfire_choices":[{"data":"Envenom","floor":11.0,"key":"SMITH"},{"data":"Footwork","floor":15,"key":"SMITH"},{"floor":28,"key":"REST"},{"data":"Malaise","floor":32,"key":"SMITH"},{"data":"Footwork","floor":41,"key":"SMITH"},{"floor":49,"key":"REST"}],"neow_cost":"","seed_source_timestamp":6314190616544,"circlet_count":0,"master_deck":["AscendersBane","Flying Knee+1","Sucker Punch","Dagger Throw+1","Dodge and Roll+1","Dagger Spray","Deflect","Dagger Spray","Deflect","Footwork+1","Envenom+1","Malaise+1","Dash+1","PiercingWail+1","Backflip","Backflip+1","Footwork+1","Blur","Footwork+1","Leg Sweep"],"special_seed":0,"relics":["Ring of the Snake","Bag of Preparation","Strawberry","Pear","Bag of Marbles","Centennial Puzzle","Busted Crown","War Paint","Lantern","Pen Nib","Ancient Tea Set","Mummified Hand","Orichalcum","Tiny House","Snake Skull","Bronze Scales","Whetstone","Old Coin","Calipers","Oddly Smooth Stone"],"potions_floor_usage":[16,23,33,51,51],"damage_taken":[{"damage":0.0,"enemies":"Jaw Worm","floor":1.0,"turns":3.0},{"damage":0.0,"enemies":"Cultist","floor":2.0,"turns":3.0},{"damage":0.0,"enemies":"Small Slimes","floor":5.0,"turns":3.0},{"damage":4.0,"enemies":"3 Sentries","floor":6.0,"turns":5.0},{"damage":0.0,"enemies":"Exordium Wildlife","floor":7.0,"turns":3.0},{"damage":0.0,"enemies":"Gremlin Nob","floor":8.0,"turns":3.0},{"damage":0.0,"enemies":"Lots of Slimes","floor":10.0,"turns":1.0},{"damage":0,"enemies":"Red Slaver","floor":12,"turns":1},{"damage":11,"enemies":"Lagavulin","floor":13,"turns":4},{"damage":0,"enemies":"2 Fungi Beasts","floor":14,"turns":1},{"damage":22,"enemies":"Slime Boss","floor":16,"turns":9},{"damage":3,"enemies":"Spheric Guardian","floor":18,"turns":3},{"damage":0,"enemies":"Shell Parasite","floor":19,"turns":5},{"damage":3,"enemies":"Sentry and Sphere","floor":22,"turns":6},{"damage":0,"enemies":"Slavers","floor":23,"turns":4},{"damage":21,"enemies":"Book of Stabbing","floor":25,"turns":5},{"damage":0,"enemies":"Shelled Parasite and Fungi","floor":29,"turns":5},{"damage":0,"enemies":"Centurion and Healer","floor":30,"turns":6},{"damage":0,"enemies":"Slavers","floor":31,"turns":2},{"damage":14,"enemies":"Automaton","floor":33,"turns":9},{"damage":0,"enemies":"3 Darklings","floor":35,"turns":5},{"damage":0,"enemies":"3 Shapes","floor":37,"turns":6},{"damage":0,"enemies":"Spire Growth","floor":38,"turns":7},{"damage":0,"enemies":"3 Darklings","floor":39,"turns":4},{"damage":15,"enemies":"Nemesis","floor":40,"turns":11},{"damage":0,"enemies":"Sphere and 2 Shapes","floor":44,"turns":4},{"damage":4,"enemies":"Reptomancer","floor":45,"turns":5},{"damage":0,"enemies":"Transient","floor":46,"turns":6},{"damage":0,"enemies":"Time Eater","floor":50,"turns":23},{"damage":0,"enemies":"Awakened One","floor":51,"turns":20}],"seed_played":"3398221492752832301","potions_obtained":[{"floor":1.0,"key":"FearPotion"},{"floor":2.0,"key":"Explosive Potion"},{"floor":6.0,"key":"GhostInAJar"},{"floor":8.0,"key":"Explosive Potion"},{"floor":18,"key":"SteroidPotion"},{"floor":29,"key":"FearPotion"},{"floor":31,"key":"Energy Potion"},{"floor":34,"key":"Dexterity Potion"}],"is_trial":true,"path_per_floor":["M","M","?","T","M","E","M","E","T","M","R","M","E","M","R","B",null,"M","M","$","?","M","E","?","E","T","?","R","M","M","E","R","B",null,"M","$","M","M","M","E","R","$","T","M","E","M","?","$","R","B","B"],"character_chosen":"THE_SILENT","items_purchased":["Backflip","War Paint","Lantern","Footwork","Blur","PowerPotion","Bronze Scales","Whetstone","Oddly Smooth Stone","Leg Sweep"],"campfire_rested":2,"item_purchase_floors":[20,20,20,36,36,36,42,42,48,48],"current_hp_per_floor":[59,59,59,59,59,62,62,72,72,72,72,72,61,61,61,39,72,69,69,69,69,66,66,42,21,21,21,45,45,45,45,45,31,75,75,75,75,75,75,60,60,60,60,60,56,56,56,56,82,82,82],"gold":83,"neow_bonus":"","is_prod":false,"is_daily":false,"chose_seed":false,"campfire_upgraded":4,"win_rate":0,"timestamp":1540847907,"path_taken":["M","M","?","?","M","E","M","E","T","M","R","M","E","M","R","BOSS","M","?","$","?","M","E","?","E","T","?","R","M","?","E","R","BOSS","M","$","M","M","M","E","R","$","T","M","E","M","?","$","R","BOSS","BOSS"],"build_version":"2018-10-25v2","purchased_purges":1,"victory":true,"max_hp_per_floor":[66,66,66,66,66,73,73,83,83,83,83,83,83,83,83,83,83,83,83,83,83,83,83,83,83,83,83,83,83,83,83,83,83,88,88,88,88,88,88,88,88,88,88,88,88,88,88,88,88,88,88],"card_choices":[{"not_picked":["Bane","Calculated Gamble","Acrobatics"],"picked":"SKIP","floor":1.0},{"not_picked":["Sucker Punch","Setup","Eviscerate"],"picked":"SKIP","floor":2.0},{"not_picked":["Outmaneuver","Slice","Bane"],"picked":"SKIP","floor":5.0},{"not_picked":["Skewer","Flying Knee"],"picked":"Glass Knife","floor":6.0},{"not_picked":["Dodge and Roll","Flying Knee","Underhanded Strike"],"picked":"SKIP","floor":7.0},{"not_picked":["Bane","Acrobatics","Deadly Poison"],"picked":"SKIP","floor":8.0},{"not_picked":["Outmaneuver","Quick Slash"],"picked":"Envenom","floor":10.0},{"not_picked":["Acrobatics","Underhanded Strike","Eviscerate"],"picked":"SKIP","floor":12},{"not_picked":["Predator","Slice","Setup"],"picked":"SKIP","floor":13},{"not_picked":["Bane","Sucker Punch","Outmaneuver"],"picked":"SKIP","floor":14},{"not_picked":["Envenom","Venomology"],"picked":"Malaise","floor":16},{"not_picked":[],"picked":"Dash+1","floor":18},{"not_picked":[],"picked":"PiercingWail","floor":19},{"not_picked":["Deadly Poison+1"],"picked":"SKIP","floor":22},{"not_picked":["Well Laid Plans"],"picked":"SKIP","floor":23},{"not_picked":["PiercingWail"],"picked":"SKIP","floor":25},{"not_picked":["Eviscerate"],"picked":"SKIP","floor":29},{"not_picked":["Outmaneuver"],"picked":"SKIP","floor":30},{"not_picked":[],"picked":"Backflip","floor":31},{"not_picked":["Calculated Gamble"],"picked":"SKIP","floor":35},{"not_picked":["Acrobatics"],"picked":"SKIP","floor":37},{"not_picked":["Infinite Blades"],"picked":"SKIP","floor":38},{"not_picked":["Outmaneuver"],"picked":"SKIP","floor":39},{"not_picked":["Flechettes"],"picked":"SKIP","floor":40},{"not_picked":["Flying Knee"],"picked":"SKIP","floor":44},{"not_picked":["Deadly Poison"],"picked":"SKIP","floor":45},{"not_picked":["Cloak And Dagger"],"picked":"SKIP","floor":46}],"player_experience":1515168,"relics_obtained":[{"floor":4.0,"key":"Bag of Preparation"},{"floor":6.0,"key":"Strawberry"},{"floor":8.0,"key":"Pear"},{"floor":9.0,"key":"Bag of Marbles"},{"floor":13,"key":"Centennial Puzzle"},{"floor":23,"key":"Pen Nib"},{"floor":25,"key":"Ancient Tea Set"},{"floor":26,"key":"Mummified Hand"},{"floor":31,"key":"Orichalcum"},{"floor":40,"key":"Snake Skull"},{"floor":43,"key":"Old Coin"},{"floor":45,"key":"Calipers"}],"event_choices":[{"damage_healed":0.0,"max_hp_gain":0.0,"max_hp_loss":0.0,"gold_gain":0.0,"event_name":"Transmorgrifier","player_choice":"Ignored","floor":3.0,"gold_loss":0.0,"damage_taken":0.0},{"damage_healed":0,"gold_gain":180,"player_choice":"GOLD GOLD ","damage_taken":24,"max_hp_gain":0,"max_hp_loss":0,"event_name":"Knowing Skull","floor":24,"potions_obtained":[],"gold_loss":0,"cards_obtained":[]},{"cards_removed":["Slice"],"damage_healed":0,"gold_gain":0,"player_choice":"Elegance","damage_taken":0,"max_hp_gain":0,"max_hp_loss":0,"event_name":"Back to Basics","floor":27,"gold_loss":0},{"damage_healed":0,"gold_gain":0,"player_choice":"Copied","damage_taken":0,"max_hp_gain":0,"max_hp_loss":0,"event_name":"Duplicator","floor":47,"gold_loss":0,"cards_obtained":["Footwork"]}],"is_beta":false,"boss_relics":[{"not_picked":["Eternal Feather","Coffee Dripper"],"picked":"Busted Crown"},{"not_picked":["Runic Dome","Snecko Eye"],"picked":"Tiny House"}],"items_purged_floors":[48],"is_endless":false,"potions_floor_spawned":[1,2,6,8,12,18,29,31,35,37],"ascension_level":20}