{"gold_per_floor":[119,138,138,138,103,103,133,150,174,174,188,220,220,220,220,293,293,309,344,344,355,91,91,123,123,123,123,139,149,49,68,68,141,141,152,152,36,54,64,64,80,107,107,121,121,121,121,137,137,137],"floor_reached":51,"playtime":3043,"items_purged":["Defend_R","Second Wind+1"],"score":1240,"play_id":"63e97668-b3d3-4b47-a508-20addd43d3aa","local_time":"20190420150440","is_ascension_mode":true,"campfire_choices":[{"data":"Infernal Blade","floor":6.0,"key":"SMITH"},{"floor":10.0,"key":"REST"},{"data":"Flame Barrier","floor":13.0,"key":"SMITH"},{"data":"Pommel Strike","floor":15.0,"key":"SMITH"},{"floor":23.0,"key":"REST"},{"floor":25.0,"key":"REST"},{"data":"Barricade","floor":27.0,"key":"SMITH"},{"data":"Flame Barrier","floor":32.0,"key":"SMITH"},{"data":"Carnage","floor":40.0,"key":"SMITH"},{"data":"Demon Form","floor":45.0,"key":"SMITH"},{"floor":49,"key":"RECALL"}],"neow_cost":"NONE","seed_source_timestamp":0,"circlet_count":0,"master_deck":["AscendersBane","Strike_R+1","Strike_R+1","Strike_R+1","Strike_R+1","Defend_R+1","Defend_R+1","Defend_R+1","Infernal Blade+1","Disarm+1","Cleave+1","Iron Wave+1","Pommel Strike+1","Flame Barrier+1","Barricade+1","Warcry+1","Flame Barrier+1","Battle Trance+1","Shrug It Off+1","Ghostly Armor+1","Feed+1","Discovery+1","Carnage+1","Shrug It Off+1","Shrug It Off+1","Parasite","Demon Form+1"],"special_seed":0,"relics":["Burning Blood","Orichalcum","Bronze Scales","Kunai","Velvet Choker","Red Mask","War Paint","Red Skull","Shuriken","Snecko Eye","Happy Flower","Bottled Lightning","Mark of the Bloom"],"potions_floor_usage":[50,50],"damage_taken":[{"damage":13.0,"enemies":"Jaw Worm","floor":1.0,"turns":5.0},{"damage":7.0,"enemies":"2 Louse","floor":2.0,"turns":2.0},{"damage":38.0,"enemies":"Lagavulin","floor":7.0,"turns":6.0},{"damage":0.0,"enemies":"Small Slimes","floor":8.0,"turns":3.0},{"damage":0.0,"enemies":"2 Fungi Beasts","floor":11.0,"turns":3.0},{"damage":3.0,"enemies":"Gremlin Nob","floor":12.0,"turns":3.0},{"damage":31.0,"enemies":"Hexaghost","floor":16.0,"turns":13.0},{"damage":17.0,"enemies":"Spheric Guardian","floor":18.0,"turns":5.0},{"damage":39.0,"enemies":"Masked Bandits","floor":19.0,"turns":5.0},{"damage":12.0,"enemies":"Chosen","floor":21.0,"turns":6.0},{"damage":27.0,"enemies":"Gremlin Leader","floor":24.0,"turns":11.0},{"damage":0.0,"enemies":"Snecko","floor":28.0,"turns":6.0},{"damage":1.0,"enemies":"Snake Plant","floor":29.0,"turns":3.0},{"damage":14.0,"enemies":"Shelled Parasite and Fungi","floor":31.0,"turns":7.0},{"damage":48.0,"enemies":"Automaton","floor":33.0,"turns":19.0},{"damage":0.0,"enemies":"3 Darklings","floor":35.0,"turns":7.0},{"damage":0.0,"enemies":"3 Shapes","floor":38.0,"turns":4.0},{"damage":4.0,"enemies":"Sphere and 2 Shapes","floor":39.0,"turns":8.0},{"damage":0.0,"enemies":"Writhing Mass","floor":41.0,"turns":8.0},{"damage":0.0,"enemies":"Nemesis","floor":42.0,"turns":20.0},{"damage":39.0,"enemies":"Jaw Worm Horde","floor":44.0,"turns":6.0},{"damage":24.0,"enemies":"Transient","floor":48.0,"turns":5.0},{"damage":16,"enemies":"Donu and Deca","floor":50,"turns":9}],"seed_played":"-1313360891871045210","potions_obtained":[{"floor":1.0,"key":"Poison Potion"},{"floor":7.0,"key":"SkillPotion"},{"floor":8.0,"key":"Dexterity Potion"},{"floor":18.0,"key":"GamblersBrew"},{"floor":28.0,"key":"AttackPotion"},{"floor":33.0,"key":"Energy Potion"},{"floor":39.0,"key":"SpeedPotion"},{"floor":44.0,"key":"Poison Potion"},{"floor":48.0,"key":"Swift Potion"}],"is_trial":false,"path_per_floor":["M","M","?","?","?","R","E","M","T","R","M","E","R","?","R","B",null,"M","?","?","M","$","R","E","R","T","R","M","M","$","M","R","B",null,"M","?","$","M","M","R","M","E","T","M","R","?","?","M","R","B",null],"character_chosen":"IRONCLAD","items_purchased":["War Paint","Flame Barrier","Discovery","Carnage"],"campfire_rested":3,"item_purchase_floors":[22,22,37,37],"current_hp_per_floor":[68,67,60,35,55,55,23,29,29,53,59,62,62,62,62,37,71,60,27,27,21,21,45,24,48,48,48,54,59,59,51,51,9,64,70,70,70,80,86,86,94,94,94,65,65,65,65,41,41,25],"gold":137,"neow_bonus":"TEN_PERCENT_HP_BONUS","is_prod":false,"is_daily":false,"chose_seed":false,"campfire_upgraded":7,"win_rate":0,"timestamp":1555761880,"path_taken":["M","M","?","?","?","R","E","M","T","R","M","E","R","?","R","BOSS","M","?","?","M","$","R","E","R","T","R","M","M","$","M","R","BOSS","M","?","?","M","M","R","M","E","T","?","R","?","?","M","R","BOSS"],"build_version":"2019-01-23","purchased_purges":2,"victory":true,"max_hp_per_floor":[82,82,82,82,82,82,82,82,82,82,82,82,82,82,82,82,82,82,82,82,82,82,82,82,82,82,82,82,82,82,82,82,82,82,82,82,82,86,90,90,94,94,94,98,98,98,98,98,98,102],"card_choices":[{"not_picked":["Flex","Fire Breathing"],"picked":"Infernal Blade","floor":1.0},{"not_picked":["Twin Strike","Thunderclap"],"picked":"Disarm","floor":2.0},{"not_picked":["Armaments","Fire Breathing"],"picked":"Cleave","floor":7.0},{"not_picked":["Heavy Blade","Power Through"],"picked":"Iron Wave","floor":8.0},{"not_picked":["Hemokinesis","Armaments"],"picked":"Pommel Strike","floor":11.0},{"not_picked":["Pummel","Perfected Strike"],"picked":"Flame Barrier","floor":12.0},{"not_picked":["Offering","Double Tap"],"picked":"Barricade","floor":16.0},{"not_picked":["Carnage","Wild Strike"],"picked":"Warcry+1","floor":18.0},{"not_picked":["Havoc","Searing Blow+1"],"picked":"Second Wind+1","floor":21.0},{"not_picked":["Clothesline","Dropkick"],"picked":"Battle Trance+1","floor":24.0},{"not_picked":["Thunderclap","Heavy Blade","Uppercut"],"picked":"SKIP","floor":28.0},{"not_picked":["Clash","Perfected Strike"],"picked":"Shrug It Off","floor":29.0},{"not_picked":["Perfected Strike","Heavy Blade"],"picked":"Ghostly Armor","floor":31.0},{"not_picked":["Demon Form","Bludgeon"],"picked":"Feed","floor":33.0},{"not_picked":["Dual Wield","Perfected Strike","Fire Breathing"],"picked":"SKIP","floor":35.0},{"not_picked":["Iron Wave","Clash"],"picked":"Shrug It Off","floor":38.0},{"not_picked":["Heavy Blade","Whirlwind"],"picked":"Shrug It Off","floor":39.0},{"not_picked":["Perfected Strike+1","Cleave","Dropkick"],"picked":"SKIP","floor":41.0},{"not_picked":["Armaments","Shrug It Off+1"],"picked":"Demon Form","floor":42.0},{"not_picked":["Perfected Strike","Havoc","Body Slam"],"picked":"SKIP","floor":44.0},{"not_picked":["Combust","Armaments","Clash"],"picked":"SKIP","floor":48.0}],"player_experience":317121,"relics_obtained":[{"floor":7.0,"key":"Orichalcum"},{"floor":9.0,"key":"Bronze Scales"},{"floor":12.0,"key":"Kunai"},{"floor":19.0,"key":"Red Mask"},{"floor":24.0,"key":"Red Skull"},{"floor":26.0,"key":"Shuriken"},{"floor":42.0,"key":"Happy Flower"},{"floor":43.0,"key":"Bottled Lightning"}],"event_choices":[{"cards_removed":["Strike_R"],"damage_healed":0.0,"max_hp_gain":0.0,"max_hp_loss":0.0,"gold_gain":0.0,"event_name":"Golden Wing","player_choice":"Card Removal","floor":3.0,"gold_loss":0.0,"damage_taken":7.0},{"damage_healed":0.0,"max_hp_gain":0.0,"max_hp_loss":0.0,"gold_gain":0.0,"event_name":"Shining Light","player_choice":"Entered Light","floor":4.0,"gold_loss":0.0,"damage_taken":25.0,"cards_upgraded":["Disarm","Defend_R"]},{"damage_healed":20.0,"max_hp_gain":0.0,"max_hp_loss":0.0,"gold_gain":0.0,"event_name":"The Cleric","player_choice":"Healed","floor":5.0,"gold_loss":35.0,"damage_taken":0.0},{"damage_healed":0.0,"max_hp_gain":0.0,"max_hp_loss":0.0,"gold_gain":0.0,"event_name":"Liars Game","player_choice":"Ignored","floor":14.0,"gold_loss":0.0,"damage_taken":0.0},{"damage_healed":0.0,"max_hp_gain":0.0,"max_hp_loss":0.0,"gold_gain":0.0,"event_name":"Masked Bandits","player_choice":"Fought Bandits","floor":19.0,"gold_loss":0.0,"damage_taken":0.0},{"damage_healed":0.0,"max_hp_gain":0.0,"max_hp_loss":0.0,"gold_gain":0.0,"event_name":"Ghosts","player_choice":"Ignored","floor":20.0,"gold_loss":0.0,"damage_taken":0.0},{"damage_healed":0.0,"max_hp_gain":0.0,"max_hp_loss":0.0,"gold_gain":0.0,"event_name":"Upgrade Shrine","player_choice":"Upgraded","floor":36.0,"gold_loss":0.0,"damage_taken":0.0,"cards_upgraded":["Feed"]},{"damage_healed":0.0,"max_hp_gain":0.0,"max_hp_loss":0.0,"gold_gain":0.0,"event_name":"MindBloom","player_choice":"Upgrade","floor":46.0,"gold_loss":0.0,"damage_taken":0.0,"cards_upgraded":["Strike_R","Strike_R","Strike_R","Strike_R","Bash","Cleave","Iron Wave","Shrug It Off","Ghostly Armor","Discovery","Shrug It Off","Shrug It Off"],"relics_obtained":["Mark of the Bloom"]},{"cards_removed":["Bash"],"damage_healed":0.0,"max_hp_gain":0.0,"max_hp_loss":0.0,"gold_gain":0.0,"event_name":"Falling","player_choice":"Removed Attack","floor":47.0,"gold_loss":0.0,"damage_taken":0.0}],"is_beta":false,"boss_relics":[{"not_picked":["Busted Crown","Orrery"],"picked":"Velvet Choker"},{"not_picked":["Lizard Tail","Empty Cage"],"picked":"Snecko Eye"}],"items_purged_floors":[22,30],"is_endless":false,"potions_floor_spawned":[1,7,8,18,28,33,39,44,48],"ascension_level":15}