{"gold_per_floor":[113,124,124,138,57,57,91,91,91,91,103,135,154,154,154,232,232,246,265,265,285,285],"floor_reached":22,"playtime":1044,"items_purged":[],"score":392,"play_id":"ddaddeeb-6b56-44b2-864e-00ba84c8334b","local_time":"20190329011825","is_ascension_mode":true,"campfire_choices":[{"data":"Bash","floor":6,"key":"SMITH"},{"data":"Anger","floor":8,"key":"SMITH"},{"data":"Cleave","floor":10,"key":"SMITH"},{"data":"Twin Strike","floor":15,"key":"SMITH"}],"neow_cost":"NONE","seed_source_timestamp":762039676427800,"circlet_count":0,"master_deck":["AscendersBane","Strike_R","Defend_R","Defend_R","Defend_R","Defend_R","Bash+1","Anger+1","Disarm","Cleave+1","Disarm","Feel No Pain","Twin Strike+1","Clothesline","Evolve","Carnage","Limit Break","Shrug It Off"],"relics":["Burning Blood","Vajra","Bottled Flame","Mercury Hourglass","Happy Flower","Empty Cage"],"potions_floor_usage":[20,20],"damage_taken":[{"damage":14,"enemies":"Small Slimes","floor":1,"turns":4},{"damage":1,"enemies":"Cultist","floor":2,"turns":3},{"damage":2,"enemies":"Jaw Worm","floor":4,"turns":3},{"damage":40,"enemies":"Lagavulin","floor":7,"turns":9},{"damage":7,"enemies":"Red Slaver","floor":11,"turns":4},{"damage":6,"enemies":"Gremlin Nob","floor":12,"turns":3},{"damage":4,"enemies":"2 Fungi Beasts","floor":13,"turns":3},{"damage":19,"enemies":"Hexaghost","floor":16,"turns":9},{"damage":21,"enemies":"Spheric Guardian","floor":18,"turns":5},{"damage":0,"enemies":"Chosen","floor":19,"turns":3},{"damage":26,"enemies":"Colosseum Slavers","floor":20,"turns":4},{"damage":32,"enemies":"Centurion and Healer","floor":21,"turns":9},{"damage":21,"enemies":"Shelled Parasite and Fungi","floor":22,"turns":1}],"seed_played":"528969396662805024","potions_obtained":[{"floor":2,"key":"Ancient Potion"},{"floor":4,"key":"EntropicBrew"}],"is_trial":false,"path_per_floor":["M","M","?","M","$","R","E","R","T","R","M","E","M","?","R","B",null,"M","M","?","M","M"],"character_chosen":"IRONCLAD","items_purchased":["Disarm"],"campfire_rested":0,"item_purchase_floors":[5],"current_hp_per_floor":[60,65,65,69,69,69,35,35,35,35,34,34,36,36,36,23,62,47,53,33,7,0],"gold":285,"neow_bonus":"RANDOM_COMMON_RELIC","is_prod":false,"is_daily":false,"chose_seed":false,"campfire_upgraded":4,"win_rate":0,"timestamp":1553822305,"path_taken":["M","M","?","M","?","R","E","R","T","R","M","E","?","?","R","BOSS","M","M","?","M","M"],"build_version":"2019-01-23","purchased_purges":0,"victory":false,"max_hp_per_floor":[75,75,75,75,75,75,75,75,75,75,75,75,75,75,75,75,75,75,75,75,75,75],"card_choices":[{"not_picked":["Wild Strike","Pommel Strike"],"picked":"Anger","floor":1},{"not_picked":["Cleave","Twin Strike"],"picked":"Disarm","floor":2},{"not_picked":["Clothesline","Clash"],"picked":"Cleave","floor":4},{"not_picked":["Sentinel","Heavy Blade"],"picked":"Feel No Pain","floor":7},{"not_picked":["Body Slam","Heavy Blade"],"picked":"Twin Strike","floor":11},{"not_picked":["Brutality","Warcry"],"picked":"Clothesline","floor":12},{"not_picked":["Twin Strike","Berserk"],"picked":"Evolve","floor":13},{"not_picked":["Bludgeon","Berserk"],"picked":"Limit Break","floor":16},{"not_picked":["Burning Pact","Anger","Heavy Blade"],"picked":"SKIP","floor":18},{"not_picked":["Feel No Pain+1","Headbutt"],"picked":"Shrug It Off","floor":19},{"not_picked":["Wild Strike","Clothesline","Perfected Strike"],"picked":"SKIP","floor":21}],"player_experience":2357841,"relics_obtained":[{"floor":7,"key":"Bottled Flame"},{"floor":9,"key":"Mercury Hourglass"},{"floor":12,"key":"Happy Flower"}],"event_choices":[{"cards_removed":["Strike_R"],"damage_healed":0,"gold_gain":0,"player_choice":"Offered Basic","damage_taken":0,"max_hp_gain":0,"max_hp_loss":0,"event_name":"Bonfire Elementals","floor":3,"gold_loss":0},{"damage_healed":0,"gold_gain":0,"cards_transformed":["Strike_R"],"player_choice":"Transformed","damage_taken":0,"max_hp_gain":0,"max_hp_loss":0,"event_name":"Transmorgrifier","floor":14,"gold_loss":0,"cards_obtained":["Carnage"]},{"damage_healed":0,"gold_gain":0,"player_choice":"Fight","damage_taken":0,"max_hp_gain":0,"max_hp_loss":0,"event_name":"Colosseum","floor":20,"gold_loss":0},{"damage_healed":0,"gold_gain":0,"player_choice":"Fled From Nobs","damage_taken":0,"max_hp_gain":0,"max_hp_loss":0,"event_name":"Colosseum","floor":20,"gold_loss":0}],"is_beta":false,"boss_relics":[{"not_picked":["Calling Bell","Runic Dome"],"picked":"Empty Cage"}],"items_purged_floors":[],"is_endless":false,"potions_floor_spawned":[2,4,16,18,19],"killed_by":"Shelled Parasite and Fungi","ascension_level":20}