{"gold_per_floor":[113,126,138,138,148,148,158,185,185,185,202,220,220],"floor_reached":13,"playtime":441,"items_purged":[],"score":169,"play_id":"47a260b9-e307-4593-8f7f-d1cfbf0d2ee2","local_time":"20180911220148","is_ascension_mode":true,"campfire_choices":[{"data":"Zap","floor":6.0,"key":"SMITH"},{"floor":10.0,"key":"REST"}],"neow_cost":"NONE","seed_source_timestamp":41330561968515,"circlet_count":0,"master_deck":["Strike_B","Strike_B","Strike_B","Defend_B","Defend_B","Defend_B","Defend_B","Zap+1","Dualcast","AscendersBane","Lockon","Cold Snap","Steam","Rip and Tear","Hologram","Streamline","Coolheaded"],"special_seed":0,"relics":["Cracked Core","The Courier","Darkstone Periapt"],"potions_floor_usage":[],"damage_taken":[{"damage":0.0,"enemies":"2 Louse","floor":1.0,"turns":2.0},{"damage":7.0,"enemies":"Jaw Worm","floor":2.0,"turns":3.0},{"damage":2.0,"enemies":"Small Slimes","floor":3.0,"turns":3.0},{"damage":10.0,"enemies":"2 Fungi Beasts","floor":5.0,"turns":3.0},{"damage":13.0,"enemies":"Lots of Slimes","floor":7.0,"turns":4.0},{"damage":16.0,"enemies":"Lagavulin","floor":8.0,"turns":6.0},{"damage":0.0,"enemies":"Exordium Wildlife","floor":11.0,"turns":3.0},{"damage":13.0,"enemies":"2 Fungi Beasts","floor":12.0,"turns":3.0},{"damage":31,"enemies":"Gremlin Nob","floor":13,"turns":3}],"seed_played":"1801705781442299776","potions_obtained":[{"floor":2.0,"key":"GamblersBrew"},{"floor":7.0,"key":"Energy Potion"},{"floor":8.0,"key":"Block Potion"}],"is_trial":false,"path_per_floor":["M","M","M","?","M","R","M","E","T","R","M","M"],"character_chosen":"DEFECT","items_purchased":[],"campfire_rested":1,"item_purchase_floors":[],"current_hp_per_floor":[64,57,55,60,50,50,37,21,21,43,43,30,0],"gold":220,"neow_bonus":"TRANSFORM_CARD","is_prod":false,"is_daily":false,"chose_seed":false,"campfire_upgraded":1,"win_rate":0,"timestamp":1536728508,"path_taken":["M","M","M","?","M","R","M","E","T","R","M","M","E"],"build_version":"2018-09-06","purchased_purges":0,"victory":false,"max_hp_per_floor":[71,71,71,76,76,76,76,76,76,76,76,76,76],"card_choices":[{"not_picked":["Gash","Aggregate"],"picked":"Cold Snap","floor":1.0},{"not_picked":["Coolheaded","Hello World"],"picked":"Steam","floor":2.0},{"not_picked":["Static Discharge","Force Field"],"picked":"Rip and Tear","floor":3.0},{"not_picked":["Gash","Rebound"],"picked":"Hologram","floor":5.0},{"not_picked":["Sweeping Beam","Skim"],"picked":"Streamline","floor":7.0},{"not_picked":["Force Field","Thunder Strike","Redo"],"picked":"SKIP","floor":8.0},{"not_picked":["Fusion","Barrage","Streamline"],"picked":"SKIP","floor":11.0},{"not_picked":["Streamline","Conserve Battery"],"picked":"Coolheaded","floor":12.0}],"player_experience":1108175,"relics_obtained":[{"floor":8.0,"key":"The Courier"},{"floor":9.0,"key":"Darkstone Periapt"}],"event_choices":[{"event_name":"Big Fish","player_choice":"Donut","floor":4.0,"damage_taken":0.0}],"is_beta":false,"boss_relics":[],"items_purged_floors":[],"is_endless":false,"potions_floor_spawned":[2,7,8],"killed_by":"Gremlin Nob","ascension_level":18}