{"gold_per_floor":[112,60,60,60,60,60,95,108,182,208,208,208,219,277,277,351,351,368,383,383,161,161,196,207,242,242,267,267,302,316,344,344,418,418,436,446,1445,758,758,789,789,815,815,843,862,395,421,441,441,441,441,441,441,44,70,70],"floor_reached":57,"playtime":3066,"items_purged":["Normality","Normality","Parasite"],"score":3864,"play_id":"4efbc2d8-d608-47f8-8634-19ffc37f656f","local_time":"20190119141151","daily_mods":["SealedDeck","DeadlyEvents","Elite Swarm"],"is_ascension_mode":true,"campfire_choices":[{"data":"Defragment","floor":6.0,"key":"SMITH"},{"data":"Beam Cell","floor":11.0,"key":"SMITH"},{"data":"Capacitor","floor":15.0,"key":"SMITH"},{"data":"Fission","floor":28.0,"key":"SMITH"},{"data":"Biased Cognition","floor":32.0,"key":"SMITH"},{"data":"Buffer","floor":41.0,"key":"SMITH"},{"floor":49,"key":"RECALL"},{"data":"Blizzard","floor":53,"key":"SMITH"}],"neow_cost":"","seed_source_timestamp":0,"circlet_count":0,"master_deck":["AscendersBane","Beam Cell+1","Coolheaded","Conserve Battery","Conserve Battery","Capacitor+1","Cold Snap","Glacier","Ball Lightning","FTL","Defragment+1","Cold Snap","Echo Form","Chill","Core Surge","Electrodynamics","Compile Driver+1","Fission+1","Biased Cognition+1","Blizzard+1","Rainbow","Buffer+1","PanicButton","Glacier","Biased Cognition","Reinforced Body","Heatsinks","Creative AI"],"special_seed":0,"relics":["Cracked Core","Singing Bowl","Dodecahedron","Tiny Chest","Cursed Key","Runic Capacitor","Ornamental Fan","FossilizedHelix","Ginger","Dream Catcher","Bag of Marbles","Black Star","PreservedInsect","Lantern","Lee\u0027s Waffle","Smiling Mask","Prayer Wheel","Potion Belt","Gambling Chip","StoneCalendar","Mercury Hourglass","Turnip","Mango","Thread and Needle","Mummified Hand","Centennial Puzzle","Blue Candle"],"potions_floor_usage":[55,56],"damage_taken":[{"damage":0.0,"enemies":"Jaw Worm","floor":1.0,"turns":3.0},{"damage":2.0,"enemies":"Gremlin Nob","floor":7.0,"turns":4.0},{"damage":2.0,"enemies":"Cultist","floor":8.0,"turns":3.0},{"damage":0.0,"enemies":"Lagavulin","floor":10.0,"turns":6.0},{"damage":0.0,"enemies":"Small Slimes","floor":13.0,"turns":2.0},{"damage":1.0,"enemies":"Gremlin Nob","floor":14.0,"turns":5.0},{"damage":17.0,"enemies":"Hexaghost","floor":16.0,"turns":8.0},{"damage":10.0,"enemies":"Shell Parasite","floor":18.0,"turns":4.0},{"damage":0.0,"enemies":"Spheric Guardian","floor":19.0,"turns":4.0},{"damage":10.0,"enemies":"Slavers","floor":23.0,"turns":10.0},{"damage":0.0,"enemies":"Centurion and Healer","floor":24.0,"turns":5.0},{"damage":1.0,"enemies":"Book of Stabbing","floor":25.0,"turns":6.0},{"damage":0.0,"enemies":"Gremlin Leader","floor":27.0,"turns":5.0},{"damage":6.0,"enemies":"Book of Stabbing","floor":29.0,"turns":5.0},{"damage":0.0,"enemies":"Snake Plant","floor":30.0,"turns":3.0},{"damage":0.0,"enemies":"Slavers","floor":31.0,"turns":3.0},{"damage":0.0,"enemies":"Automaton","floor":33.0,"turns":7.0},{"damage":0.0,"enemies":"Orb Walker","floor":35.0,"turns":2.0},{"damage":13.0,"enemies":"3 Darklings","floor":36.0,"turns":3.0},{"damage":0.0,"enemies":"Reptomancer","floor":40.0,"turns":5.0},{"damage":0,"enemies":"Nemesis","floor":42,"turns":7},{"damage":0,"enemies":"Giant Head","floor":44,"turns":7},{"damage":0,"enemies":"Maw","floor":45,"turns":6},{"damage":0,"enemies":"Nemesis","floor":47,"turns":5},{"damage":0,"enemies":"Writhing Mass","floor":48,"turns":5},{"damage":39,"enemies":"Awakened One","floor":50,"turns":13},{"damage":0,"enemies":"Time Eater","floor":51,"turns":13},{"damage":0,"enemies":"Shield and Spear","floor":55,"turns":4},{"damage":0,"enemies":"The Heart","floor":56,"turns":9}],"seed_played":"2316028693915372843","potions_obtained":[{"floor":1.0,"key":"Dexterity Potion"},{"floor":10.0,"key":"Fire Potion"},{"floor":13.0,"key":"Block Potion"},{"floor":14.0,"key":"FocusPotion"},{"floor":24.0,"key":"Block Potion"},{"floor":29.0,"key":"Fire Potion"},{"floor":30.0,"key":"Swift Potion"},{"floor":47,"key":"EssenceOfSteel"},{"floor":48,"key":"Energy Potion"}],"is_trial":true,"path_per_floor":["M","$","?","$","?","R","E","M","T","E","R","$","M","E","R","B",null,"M","M","?","$","T","E","M","E","T","E","R","E","M","E","R","B",null,"M","M","?","$","?","E","R","E","T","E","M","$","E","M","R","B","B",null,"R","$","E","B",null],"character_chosen":"DEFECT","items_purchased":["Cold Snap","Runic Capacitor","PreservedInsect","Lantern","Lee\u0027s Waffle","PowerPotion","Turnip","LiquidBronze","Mummified Hand","Heatsinks"],"campfire_rested":0,"item_purchase_floors":[2,21,38,38,38,38,46,46,54,54],"current_hp_per_floor":[64,64,64,64,64,64,64,64,64,66,66,66,66,67,67,50,72,64,66,66,66,66,56,56,55,55,55,55,51,51,51,51,51,77,79,68,68,96,96,98,98,100,100,102,104,104,118,120,120,81,81,110,110,110,110,110],"gold":70,"neow_bonus":"","is_prod":false,"is_daily":false,"chose_seed":false,"campfire_upgraded":7,"win_rate":0,"timestamp":1547935911,"path_taken":["M","$","?","?","?","R","E","?","T","E","R","$","M","E","R","BOSS","M","M","?","$","?","E","M","E","T","E","R","E","?","?","R","BOSS","M","M","?","$","?","E","R","E","T","E","M","$","E","M","R","BOSS","BOSS","R","$","E","BOSS"],"build_version":"2019-01-17v2","purchased_purges":3,"victory":true,"max_hp_per_floor":[71,71,71,71,71,71,73,75,75,77,77,77,77,79,79,79,79,81,83,83,83,83,83,83,83,83,83,83,85,85,85,85,85,85,87,89,89,96,96,98,98,100,100,102,104,104,118,120,120,120,120,120,120,117,117,117],"card_choices":[{"not_picked":["Aggregate","Go for the Eyes","FTL"],"picked":"SKIP","floor":1.0},{"not_picked":["Multi-Cast","Meteor Strike","Core Surge"],"picked":"Singing Bowl","floor":7.0},{"not_picked":["Leap","Coolheaded","Streamline"],"picked":"Singing Bowl","floor":8.0},{"not_picked":["Amplify","Echo Form","Reboot"],"picked":"Singing Bowl","floor":10.0},{"not_picked":["Sweeping Beam","Loop"],"picked":"Chill","floor":13.0},{"not_picked":["All For One","Buffer","Reboot"],"picked":"Singing Bowl","floor":14.0},{"not_picked":["Echo Form","Machine Learning"],"picked":"Core Surge","floor":16.0},{"not_picked":["Rebound","Auto Shields","Coolheaded"],"picked":"Singing Bowl","floor":18.0},{"not_picked":["Compile Driver","Streamline","Rip and Tear"],"picked":"Singing Bowl","floor":19.0},{"not_picked":["Machine Learning","All For One"],"picked":"Electrodynamics","floor":23.0},{"not_picked":["Melter","Ball Lightning"],"picked":"Compile Driver+1","floor":24.0},{"not_picked":["Core Surge","Meteor Strike"],"picked":"Fission","floor":25.0},{"not_picked":["Seek","All For One"],"picked":"Biased Cognition","floor":27.0},{"not_picked":["Creative AI","Multi-Cast","Meteor Strike"],"picked":"Singing Bowl","floor":29.0},{"not_picked":["Hologram","Beam Cell"],"picked":"Blizzard","floor":30.0},{"not_picked":["Hyperbeam","Buffer"],"picked":"Rainbow","floor":31.0},{"not_picked":["Electrodynamics","Machine Learning"],"picked":"Buffer","floor":33.0},{"not_picked":["Genetic Algorithm","Cold Snap+1","Compile Driver+1"],"picked":"Singing Bowl","floor":35.0},{"not_picked":["Barrage+1","Chaos","Sweeping Beam+1"],"picked":"Singing Bowl","floor":36.0},{"not_picked":["Enlightenment","Jack Of All Trades"],"picked":"PanicButton","floor":39.0},{"not_picked":["Meteor Strike","Thunder Strike","Hyperbeam"],"picked":"Singing Bowl","floor":40.0},{"not_picked":["Meteor Strike","Reboot","Amplify"],"picked":"Singing Bowl","floor":42},{"not_picked":["Echo Form","Meteor Strike","Multi-Cast"],"picked":"Singing Bowl","floor":44},{"not_picked":["Sweeping Beam","Rebound+1","Turbo"],"picked":"Singing Bowl","floor":45},{"not_picked":["Force Field+1","Loop"],"picked":"Glacier","floor":45},{"not_picked":["Meteor Strike","Core Surge"],"picked":"Biased Cognition","floor":47},{"not_picked":["Hello World","Genetic Algorithm+1","Stack"],"picked":"Singing Bowl","floor":48},{"not_picked":["White Noise","Chill"],"picked":"Reinforced Body","floor":48},{"not_picked":["Buffer","Electrodynamics"],"picked":"Creative AI","floor":55}],"player_experience":2023347,"relics_obtained":[{"floor":7.0,"key":"Singing Bowl"},{"floor":10.0,"key":"Dodecahedron"},{"floor":14.0,"key":"Tiny Chest"},{"floor":23.0,"key":"Ornamental Fan"},{"floor":25.0,"key":"FossilizedHelix"},{"floor":27.0,"key":"Ginger"},{"floor":29.0,"key":"Dream Catcher"},{"floor":31.0,"key":"Bag of Marbles"},{"floor":40.0,"key":"Smiling Mask"},{"floor":40.0,"key":"Prayer Wheel"},{"floor":42,"key":"Potion Belt"},{"floor":42,"key":"Gambling Chip"},{"floor":44,"key":"StoneCalendar"},{"floor":44,"key":"Mercury Hourglass"},{"floor":47,"key":"Mango"},{"floor":47,"key":"Thread and Needle"},{"floor":55,"key":"Centennial Puzzle"},{"floor":55,"key":"Blue Candle"}],"event_choices":[{"damage_healed":0.0,"max_hp_gain":0.0,"max_hp_loss":0.0,"gold_gain":0.0,"event_name":"Match and Keep!","player_choice":"1 cards matched","floor":3.0,"gold_loss":0.0,"damage_taken":0.0,"cards_obtained":["Echo Form"]},{"damage_healed":0.0,"max_hp_gain":0.0,"max_hp_loss":0.0,"gold_gain":0.0,"event_name":"Golden Wing","player_choice":"Ignored","floor":5.0,"gold_loss":0.0,"damage_taken":0.0},{"damage_healed":0.0,"max_hp_gain":0.0,"max_hp_loss":0.0,"gold_gain":0.0,"event_name":"Ghosts","player_choice":"Ignored","floor":20.0,"gold_loss":0.0,"damage_taken":0.0},{"damage_healed":0.0,"max_hp_gain":0.0,"max_hp_loss":0.0,"gold_gain":999.0,"event_name":"MindBloom","player_choice":"Gold","floor":37.0,"gold_loss":0.0,"damage_taken":0.0,"cards_obtained":["Normality","Normality"]},{"damage_healed":0.0,"max_hp_gain":0.0,"max_hp_loss":0.0,"gold_gain":0.0,"event_name":"SensoryStone","player_choice":"Memory 1","floor":39.0,"gold_loss":0.0,"damage_taken":0.0}],"is_beta":false,"boss_relics":[{"not_picked":["Lizard Tail","Runic Dome"],"picked":"Cursed Key"},{"not_picked":["Philosopher\u0027s Stone","Calling Bell"],"picked":"Black Star"}],"items_purged_floors":[38,46,54],"is_endless":false,"potions_floor_spawned":[1,10,13,14,19,24,29,30,31,36,47,48],"ascension_level":20}