{"gold_per_floor":[112,112,13,28,103,131,131,131,131,131,157,169,186,204,204,308,308,319,333,69,69,69,103,103,135,135,135,151,163,163,176,176,280,280,292,20,0,351,367,367,379,379,402,45,45,45,64,64,64,64],"floor_reached":50,"playtime":2617,"items_purged":["Pain","Writhe"],"score":829,"play_id":"d678f73d-589b-4f62-aceb-d373a2741e09","local_time":"20181226194104","is_ascension_mode":true,"campfire_choices":[{"data":"Heavy Blade","floor":8,"key":"SMITH"},{"data":"Flex","floor":10,"key":"SMITH"},{"data":"Flex","floor":15,"key":"SMITH"},{"floor":24,"key":"REST"},{"data":"Heavy Blade","floor":27,"key":"SMITH"},{"data":"Whirlwind","floor":30,"key":"SMITH"},{"data":"Barricade","floor":32,"key":"SMITH"},{"data":"Shrug It Off","floor":40,"key":"SMITH"},{"data":"Bash","floor":42,"key":"SMITH"},{"data":"Madness","floor":46,"key":"SMITH"},{"floor":49,"key":"REST"}],"neow_cost":"NONE","seed_source_timestamp":601752669694844,"circlet_count":0,"master_deck":["Strike_R+1","Strike_R+1","Strike_R+1","Strike_R+1","Strike_R+1","Defend_R+1","Defend_R+1","Defend_R+1","Defend_R+1","Bash+1","Flex+1","Headbutt","Flex+1","Heavy Blade+1","Heavy Blade+1","Twin Strike","Feed","Pommel Strike","Clothesline","Whirlwind+1","Inflame","Ghostly","Ghostly","Ghostly+1","Ghostly","Ghostly+1","Shrug It Off+1","Body Slam+1","Pummel+1","Barricade+1","Offering","Sword Boomerang+1","Metallicize+1","Madness+1","Madness","Writhe"],"relics":["Burning Blood","NeowsBlessing","Bag of Marbles","Letter Opener","Lantern","Cursed Key","Regal Pillow","Boot","Pen Nib","Pocketwatch","Busted Crown","Medical Kit","Red Mask","Old Coin","War Paint","Ornamental Fan","Potion Belt"],"potions_floor_usage":[16,16,16,33,33,33,41],"damage_taken":[{"damage":0,"enemies":"Jaw Worm","floor":1,"turns":1},{"damage":0,"enemies":"Cultist","floor":4,"turns":1},{"damage":0,"enemies":"Gremlin Nob","floor":6,"turns":1},{"damage":0,"enemies":"2 Louse","floor":12,"turns":1},{"damage":0,"enemies":"Looter","floor":13,"turns":2},{"damage":6,"enemies":"3 Louse","floor":14,"turns":2},{"damage":55,"enemies":"Hexaghost","floor":16,"turns":6},{"damage":31,"enemies":"2 Thieves","floor":18,"turns":4},{"damage":32,"enemies":"Shell Parasite","floor":19,"turns":4},{"damage":0,"enemies":"Slavers","floor":23,"turns":1},{"damage":3,"enemies":"Book of Stabbing","floor":25,"turns":6},{"damage":6,"enemies":"Snecko","floor":28,"turns":4},{"damage":1,"enemies":"Snake Plant","floor":29,"turns":3},{"damage":3,"enemies":"Cultist and Chosen","floor":31,"turns":3},{"damage":2,"enemies":"Champ","floor":33,"turns":6},{"damage":4,"enemies":"3 Shapes","floor":35,"turns":3},{"damage":7,"enemies":"2 Orb Walkers","floor":38,"turns":4},{"damage":8,"enemies":"Orb Walker","floor":39,"turns":2},{"damage":16,"enemies":"Jaw Worm Horde","floor":41,"turns":3},{"damage":16,"enemies":"Transient","floor":47,"turns":5},{"damage":62,"enemies":"Awakened One","floor":50,"turns":6}],"seed_played":"5341979320952918462","potions_obtained":[{"floor":2,"key":"BloodPotion"},{"floor":2,"key":"Block Potion"},{"floor":2,"key":"FearPotion"},{"floor":14,"key":"Dexterity Potion"},{"floor":19,"key":"Block Potion"},{"floor":28,"key":"Weak Potion"},{"floor":29,"key":"PowerPotion"},{"floor":38,"key":"AttackPotion"}],"is_trial":false,"path_per_floor":["M","?","$","M","?","E","?","R","T","R","T","M","M","M","R","B",null,"M","M","$","?","?","E","R","E","T","R","M","M","R","M","R","B",null,"M","$","?","?","M","R","M","R","T","$","?","R","M","T","R","B"],"character_chosen":"IRONCLAD","items_purchased":["Flex","Headbutt","Regal Pillow","Whirlwind","Inflame","Medical Kit","Ornamental Fan"],"campfire_rested":2,"item_purchase_floors":[3,3,20,20,20,36,44],"current_hp_per_floor":[80,80,80,80,69,75,80,80,80,80,80,85,85,85,85,36,73,51,25,25,25,25,31,44,44,44,44,47,47,47,50,50,50,50,50,50,50,52,50,50,43,43,43,43,36,36,26,26,56,0],"gold":64,"neow_bonus":"THREE_ENEMY_KILL","is_prod":false,"is_daily":false,"chose_seed":false,"campfire_upgraded":9,"win_rate":0,"timestamp":1545871264,"path_taken":["M","?","$","?","?","E","?","R","T","R","?","M","M","M","R","BOSS","M","M","$","?","?","E","R","E","T","R","M","M","R","M","R","BOSS","M","$","?","?","M","R","M","R","T","?","?","R","M","?","R","BOSS"],"build_version":"2018-12-20","purchased_purges":2,"victory":false,"max_hp_per_floor":[80,80,80,80,80,80,85,85,85,85,85,85,85,85,85,85,85,88,88,88,44,44,44,44,44,44,44,47,47,47,50,50,50,50,50,50,50,53,53,53,56,56,56,56,56,56,56,56,56,56],"card_choices":[{"not_picked":["Clash","Havoc","Anger"],"picked":"SKIP","floor":1},{"not_picked":["Dropkick","True Grit"],"picked":"Flex","floor":4},{"not_picked":["Second Wind","Bludgeon"],"picked":"Heavy Blade","floor":6},{"not_picked":["Body Slam","Second Wind"],"picked":"Heavy Blade","floor":12},{"not_picked":["Body Slam","Heavy Blade"],"picked":"Twin Strike","floor":13},{"not_picked":["Combust","Entrench","Sentinel"],"picked":"SKIP","floor":14},{"not_picked":["Berserk","Bludgeon"],"picked":"Feed","floor":16},{"not_picked":["Warcry","Headbutt"],"picked":"Pommel Strike","floor":18},{"not_picked":["Armaments","Thunderclap"],"picked":"Clothesline","floor":19},{"not_picked":["Burning Pact","Metallicize"],"picked":"Shrug It Off","floor":23},{"not_picked":["Rage","True Grit","Clothesline"],"picked":"SKIP","floor":25},{"not_picked":["Burning Pact","Fire Breathing"],"picked":"Body Slam+1","floor":28},{"not_picked":["Wild Strike+1","Inflame"],"picked":"Pummel+1","floor":29},{"not_picked":["Sword Boomerang","Feel No Pain+1"],"picked":"Barricade","floor":31},{"not_picked":["Immolate","Feed"],"picked":"Offering","floor":33},{"not_picked":["Wild Strike+1"],"picked":"SKIP","floor":35},{"not_picked":[],"picked":"Sword Boomerang+1","floor":38},{"not_picked":[],"picked":"Metallicize+1","floor":39},{"not_picked":["Havoc"],"picked":"SKIP","floor":41},{"not_picked":["Rupture"],"picked":"SKIP","floor":47}],"player_experience":200395,"relics_obtained":[{"floor":6,"key":"Bag of Marbles"},{"floor":9,"key":"Letter Opener"},{"floor":11,"key":"Lantern"},{"floor":23,"key":"Boot"},{"floor":25,"key":"Pen Nib"},{"floor":26,"key":"Pocketwatch"},{"floor":38,"key":"Old Coin"},{"floor":43,"key":"War Paint"},{"floor":48,"key":"Potion Belt"}],"event_choices":[{"damage_healed":0,"gold_gain":0,"player_choice":"Got Potions","damage_taken":0,"max_hp_gain":0,"max_hp_loss":0,"event_name":"Lab","floor":2,"gold_loss":0},{"damage_healed":0,"gold_gain":75,"player_choice":"Gather Gold","damage_taken":11,"max_hp_gain":0,"max_hp_loss":0,"event_name":"World of Goop","floor":5,"gold_loss":0},{"damage_healed":0,"gold_gain":0,"player_choice":"Donut","damage_taken":0,"max_hp_gain":5,"max_hp_loss":0,"event_name":"Big Fish","floor":7,"gold_loss":0},{"damage_healed":0,"gold_gain":0,"player_choice":"Became a Ghost","damage_taken":0,"max_hp_gain":0,"max_hp_loss":44,"event_name":"Ghosts","floor":21,"gold_loss":0,"cards_obtained":["Ghostly","Ghostly","Ghostly","Ghostly","Ghostly"]},{"damage_healed":0,"gold_gain":0,"player_choice":"Simplicity","damage_taken":0,"max_hp_gain":0,"max_hp_loss":0,"event_name":"Back to Basics","floor":22,"gold_loss":0,"cards_upgraded":["Strike_R","Strike_R","Strike_R","Strike_R","Strike_R","Defend_R","Defend_R","Defend_R","Defend_R"]},{"damage_healed":0,"gold_gain":0,"player_choice":"Paid","damage_taken":0,"relics_obtained":["Red Mask"],"max_hp_gain":0,"max_hp_loss":0,"event_name":"Tomb of Lord Red Mask","floor":37,"gold_loss":20},{"damage_healed":0,"gold_gain":0,"player_choice":"Fight","damage_taken":0,"max_hp_gain":0,"max_hp_loss":0,"event_name":"Mysterious Sphere","floor":38,"gold_loss":0},{"damage_healed":0,"gold_gain":0,"player_choice":"Embrace Madness","damage_taken":7,"max_hp_gain":0,"max_hp_loss":0,"event_name":"Winding Halls","floor":45,"gold_loss":0,"cards_obtained":["Madness","Madness"]}],"is_beta":false,"boss_relics":[{"not_picked":["Runic Dome","Orrery"],"picked":"Cursed Key"},{"not_picked":["Snecko Eye","Philosopher\u0027s Stone"],"picked":"Busted Crown"}],"items_purged_floors":[36,44],"is_endless":false,"potions_floor_spawned":[14,19,28,29,38],"killed_by":"Awakened One","ascension_level":5}