{"gold_per_floor":[113,133,133,133,151,182,182,214,214,233,233,260,260,273,273,345,345,356,183,203,203,223,223,256,256,256,256,283,295,335,359,371,454,466,495,451,461,56,66,82,82],"floor_reached":41,"playtime":1446,"items_purged":[],"score":1092,"play_id":"a87a44cd-9b7b-4687-8092-956debf2978d","local_time":"20181108203140","daily_mods":["SealedDeck"],"is_ascension_mode":true,"campfire_choices":[{"data":"Go for the Eyes","floor":13,"key":"SMITH"},{"data":"Beam Cell","floor":15,"key":"SMITH"},{"data":"Hologram","floor":23,"key":"SMITH"},{"data":"Sweeping Beam","floor":25,"key":"SMITH"},{"floor":29,"key":"REST"},{"floor":32,"key":"REST"}],"neow_cost":"","seed_source_timestamp":42265551877278,"circlet_count":0,"master_deck":["AscendersBane","Hologram+1","Sweeping Beam+1","Leap","Compile Driver+1","Cold Snap","Beam Cell+1","Ball Lightning","Ball Lightning","Cold Snap","Go for the Eyes+1","Conserve Battery","Core Surge+1","Thunder Strike","Leap+1","Fission"],"special_seed":0,"relics":["Cracked Core","Letter Opener","Ornamental Fan","Darkstone Periapt","Smiling Mask","Potion Belt","CultistMask","Mummified Hand","Lizard Tail","Whetstone","Bottled Lightning","Turnip","MawBank","Anchor","Black Star","Emotion Chip"],"potions_floor_usage":[24,28,30,30,33],"damage_taken":[{"damage":3,"enemies":"Small Slimes","floor":1,"turns":3},{"damage":1,"enemies":"Jaw Worm","floor":2,"turns":2},{"damage":0,"enemies":"Cultist","floor":5,"turns":2},{"damage":4,"enemies":"3 Sentries","floor":6,"turns":5},{"damage":4,"enemies":"Lagavulin","floor":8,"turns":4},{"damage":0,"enemies":"Looter","floor":10,"turns":2},{"damage":0,"enemies":"Gremlin Nob","floor":12,"turns":3},{"damage":0,"enemies":"Lots of Slimes","floor":14,"turns":2},{"damage":0,"enemies":"Hexaghost","floor":16,"turns":7},{"damage":0,"enemies":"3 Byrds","floor":18,"turns":4},{"damage":0,"enemies":"Spheric Guardian","floor":20,"turns":3},{"damage":0,"enemies":"Snecko","floor":22,"turns":3},{"damage":6,"enemies":"Gremlin Leader","floor":24,"turns":5},{"damage":30,"enemies":"Book of Stabbing","floor":28,"turns":5},{"damage":9,"enemies":"Slavers","floor":30,"turns":4},{"damage":1,"enemies":"Cultist and Chosen","floor":31,"turns":4},{"damage":56,"enemies":"Champ","floor":33,"turns":14},{"damage":16,"enemies":"Orb Walker","floor":35,"turns":3},{"damage":40,"enemies":"3 Darklings","floor":37,"turns":6},{"damage":14,"enemies":"Sphere and 2 Shapes","floor":39,"turns":6},{"damage":13,"enemies":"Maw","floor":40,"turns":7},{"damage":16,"enemies":"Giant Head","floor":41,"turns":5}],"seed_played":"-6737048156238613668","potions_obtained":[{"floor":1,"key":"GamblersBrew"},{"floor":10,"key":"SneckoOil"},{"floor":14,"key":"Explosive Potion"},{"floor":18,"key":"Block Potion"},{"floor":24,"key":"FearPotion"},{"floor":27,"key":"Energy Potion"},{"floor":30,"key":"Block Potion"},{"floor":35,"key":"LiquidBronze"},{"floor":39,"key":"Fire Potion"}],"is_trial":true,"path_per_floor":["M","M","?","T","M","E","?","E","T","M","?","E","R","M","R","B",null,"M","$","M","?","M","R","E","R","T","?","E","R","E","M","R","B",null,"M","$","M","$","M","M","E"],"character_chosen":"DEFECT","items_purchased":["Whetstone","SpeedPotion","Emotion Chip","Fission"],"campfire_rested":2,"item_purchase_floors":[19,36,38,38],"current_hp_per_floor":[61,60,42,42,42,38,38,34,34,34,34,34,34,34,34,34,62,62,62,62,62,62,62,56,56,56,56,26,47,38,37,58,2,54,38,38,35,35,21,8,0],"gold":82,"neow_bonus":"","is_prod":false,"is_daily":false,"chose_seed":false,"campfire_upgraded":4,"win_rate":0,"timestamp":1541737900,"path_taken":["M","M","?","?","M","E","?","E","T","?","?","E","R","M","R","BOSS","M","$","?","?","?","R","E","R","T","?","E","R","E","M","R","BOSS","M","$","?","$","M","M","E"],"build_version":"2018-11-08","purchased_purges":0,"victory":false,"max_hp_per_floor":[71,71,71,71,71,71,71,71,71,71,71,71,71,71,71,71,71,71,71,71,71,71,71,71,71,71,71,71,71,71,71,71,71,71,71,71,71,71,71,71,71],"card_choices":[{"not_picked":["Beam Cell","Turbo","Coolheaded"],"picked":"SKIP","floor":1},{"not_picked":["Static Discharge","Turbo"],"picked":"Go for the Eyes","floor":2},{"not_picked":["Blizzard","Coolheaded"],"picked":"Conserve Battery","floor":5},{"not_picked":["Sunder","Turbo"],"picked":"Core Surge","floor":6},{"not_picked":["Leap","Auto Shields","Lockon"],"picked":"SKIP","floor":8},{"not_picked":["Ball Lightning","Beam Cell","Sweeping Beam"],"picked":"SKIP","floor":10},{"not_picked":["Hologram","BootSequence","Conserve Battery"],"picked":"SKIP","floor":12},{"not_picked":["Beam Cell","Streamline","Steam"],"picked":"SKIP","floor":14},{"not_picked":["Storm","Rip and Tear","Lockon"],"picked":"SKIP","floor":18},{"not_picked":["Rebound","BootSequence","Genetic Algorithm"],"picked":"SKIP","floor":20},{"not_picked":["Barrage","Rebound","Doom and Gloom"],"picked":"SKIP","floor":22},{"not_picked":["Genetic Algorithm","Fusion","Static Discharge+1"],"picked":"SKIP","floor":24},{"not_picked":["Double Energy","Redo","Barrage+1"],"picked":"SKIP","floor":28},{"not_picked":["Melter","Compile Driver+1","Lockon"],"picked":"SKIP","floor":30},{"not_picked":["Steam","Barrage","Ball Lightning"],"picked":"SKIP","floor":31},{"not_picked":["Rainbow","Meteor Strike"],"picked":"Thunder Strike","floor":33},{"not_picked":["Hologram+1","Conserve Battery+1"],"picked":"Leap+1","floor":35},{"not_picked":["Compile Driver","Ball Lightning","Barrage"],"picked":"SKIP","floor":37},{"not_picked":["Coolheaded","White Noise","Leap"],"picked":"SKIP","floor":39},{"not_picked":["Reprogram","Beam Cell","Leap"],"picked":"SKIP","floor":40}],"player_experience":1607990,"relics_obtained":[{"floor":4,"key":"Ornamental Fan"},{"floor":6,"key":"Darkstone Periapt"},{"floor":8,"key":"Smiling Mask"},{"floor":9,"key":"Potion Belt"},{"floor":12,"key":"Mummified Hand"},{"floor":24,"key":"Bottled Lightning"},{"floor":26,"key":"Turnip"},{"floor":28,"key":"MawBank"},{"floor":30,"key":"Anchor"}],"event_choices":[{"damage_healed":0,"gold_gain":0,"player_choice":"Success","damage_taken":18,"relics_obtained":["Letter Opener"],"max_hp_gain":0,"max_hp_loss":0,"event_name":"Scrap Ooze","floor":3,"gold_loss":0},{"cards_removed":["Reinforced Body"],"damage_healed":0,"gold_gain":0,"player_choice":"Purged","damage_taken":0,"max_hp_gain":0,"max_hp_loss":0,"event_name":"Purifier","floor":7,"gold_loss":0},{"damage_healed":0,"gold_gain":0,"player_choice":"Trade","damage_taken":0,"relics_obtained":["CultistMask"],"max_hp_gain":0,"max_hp_loss":0,"event_name":"FaceTrader","floor":11,"gold_loss":0},{"damage_healed":0,"gold_gain":0,"player_choice":"Ignored","damage_taken":0,"max_hp_gain":0,"max_hp_loss":0,"event_name":"Transmorgrifier","floor":21,"gold_loss":0},{"damage_healed":0,"gold_gain":0,"player_choice":"Got Potions","damage_taken":0,"max_hp_gain":0,"max_hp_loss":0,"event_name":"Lab","floor":27,"gold_loss":0}],"is_beta":false,"boss_relics":[{"not_picked":["White Beast Statue","Empty Cage"],"picked":"Lizard Tail"},{"not_picked":["Snecko Eye","Calling Bell"],"picked":"Black Star"}],"items_purged_floors":[],"is_endless":false,"potions_floor_spawned":[1,10,14,18,22,24,30,35,39],"killed_by":"Giant Head","ascension_level":20}