{"gold_per_floor":[118,132,132,20,20,54,54,70,70,70,70,83,83,113,113,212,212,212,36,36,36,0,0,0,0],"floor_reached":25,"playtime":1366,"items_purged":["Strike_B","Strike_B"],"score":238,"play_id":"c42a0cdd-74d0-45cd-87c9-1bfec3c6e43a","local_time":"20181004213739","is_ascension_mode":true,"campfire_choices":[{"data":"Self Repair","floor":7,"key":"SMITH"},{"data":"Storm","floor":11,"key":"SMITH"},{"data":"Zap","floor":13,"key":"SMITH"},{"data":"Strike_B","floor":15,"key":"PURGE"},{"data":"Self Repair","floor":24,"key":"SMITH"}],"neow_cost":"NONE","seed_source_timestamp":1556112656534629,"circlet_count":0,"master_deck":["Defend_B","Defend_B","Defend_B","Defend_B","Zap+1","Dualcast","Lockon+1","Cold Snap","Gash","Self Repair+1","Storm","Storm+1","Ball Lightning","Multi-Cast","Aggregate","Capacitor","Self Repair+1"],"relics":["Cracked Core","Pear","Centennial Puzzle","Bottled Lightning","Peace Pipe","Ectoplasm","Red Mask","Ice Cream"],"potions_floor_usage":[],"damage_taken":[{"damage":6,"enemies":"2 Louse","floor":1,"turns":3},{"damage":0,"enemies":"Cultist","floor":2,"turns":3},{"damage":30,"enemies":"3 Sentries","floor":6,"turns":8},{"damage":0,"enemies":"Small Slimes","floor":8,"turns":3},{"damage":3,"enemies":"Blue Slaver","floor":12,"turns":4},{"damage":19,"enemies":"Lagavulin","floor":14,"turns":6},{"damage":18,"enemies":"The Guardian","floor":16,"turns":10},{"damage":10,"enemies":"3 Byrds","floor":18,"turns":3},{"damage":53,"enemies":"Masked Bandits","floor":20,"turns":4},{"damage":22,"enemies":"2 Thieves","floor":22,"turns":4},{"damage":67,"enemies":"Slavers","floor":23,"turns":7},{"damage":19,"enemies":"Gremlin Leader","floor":25,"turns":5}],"seed_played":"6162875964298238699","potions_obtained":[{"floor":2,"key":"SteroidPotion"},{"floor":8,"key":"AttackPotion"},{"floor":14,"key":"SkillPotion"}],"is_trial":false,"path_per_floor":["M","M","?","$","?","E","R","M","T","$","R","M","R","E","R","B",null,"M","$","?","?","M","E","R"],"character_chosen":"DEFECT","items_purchased":["Self Repair","Capacitor"],"campfire_rested":0,"item_purchase_floors":[4,19],"current_hp_per_floor":[69,69,69,69,61,38,38,48,48,48,48,55,55,46,46,38,85,85,85,42,85,73,16,16,0],"gold":0,"neow_bonus":"TRANSFORM_CARD","is_prod":false,"is_daily":false,"chose_seed":false,"campfire_upgraded":4,"win_rate":0,"timestamp":1538681859,"path_taken":["M","M","?","?","?","E","R","M","T","$","R","?","R","E","R","BOSS","M","$","?","?","M","E","R","E"],"build_version":"2018-09-27","purchased_purges":2,"victory":false,"max_hp_per_floor":[75,75,75,75,85,85,85,85,85,85,85,85,85,85,85,85,85,85,85,85,85,85,85,85,85],"card_choices":[{"not_picked":["Sweeping Beam","Redo"],"picked":"Cold Snap","floor":1},{"not_picked":["Hello World","Reinforced Body"],"picked":"Gash","floor":2},{"not_picked":["Conserve Battery","Sweeping Beam"],"picked":"Storm","floor":6},{"not_picked":["Ball Lightning","Conserve Battery"],"picked":"Storm","floor":8},{"not_picked":["Static Discharge","Ball Lightning","Force Field"],"picked":"SKIP","floor":12},{"not_picked":["Static Discharge","Stack"],"picked":"Ball Lightning","floor":14},{"not_picked":["Thunder Strike","Biased Cognition"],"picked":"Multi-Cast","floor":16},{"not_picked":["Beam Cell","Sweeping Beam"],"picked":"Aggregate","floor":18},{"not_picked":["Rip and Tear+1","Reprogram","Hologram"],"picked":"SKIP","floor":22},{"not_picked":["Streamline+1","Consume"],"picked":"Self Repair","floor":23}],"player_experience":80509,"relics_obtained":[{"floor":6,"key":"Centennial Puzzle"},{"floor":9,"key":"Bottled Lightning"},{"floor":14,"key":"Peace Pipe"},{"floor":20,"key":"Red Mask"},{"floor":23,"key":"Ice Cream"}],"event_choices":[{"event_name":"Living Wall","player_choice":"Grow","floor":3,"damage_taken":0},{"event_name":"Scrap Ooze","player_choice":"success","floor":5,"damage_taken":18},{"event_name":"Masked Bandits","player_choice":"Fought Bandits","floor":20,"damage_taken":0},{"event_name":"Wheel of Change","player_choice":"Full Heal","floor":21,"damage_taken":0}],"is_beta":false,"boss_relics":[{"not_picked":["Pandora\u0027s Box","Calling Bell"],"picked":"Ectoplasm"}],"items_purged_floors":[4,19],"is_endless":false,"potions_floor_spawned":[2,8,14,20,22],"killed_by":"Gremlin Leader","ascension_level":1}