{"gold_per_floor":[119,44,44,62,77,77,103,28,52,52,66,66,83,100,100,178,178,190,202,202,249,249],"floor_reached":22,"playtime":876,"items_purged":["Strike_R"],"score":344,"play_id":"adf8c73a-2aba-4429-b31a-00c9771dc49f","local_time":"20181116021120","is_ascension_mode":true,"campfire_choices":[{"data":"Rampage","floor":6,"key":"SMITH"},{"data":"Havoc","floor":10,"key":"SMITH"},{"data":"True Grit","floor":15,"key":"SMITH"}],"neow_cost":"NONE","seed_source_timestamp":152382007948413,"circlet_count":0,"master_deck":["AscendersBane","Strike_R","Strike_R","Defend_R","Defend_R","Defend_R","Defend_R","Bash","Rampage+1","Havoc+1","True Grit+1","Headbutt","Warcry","Sever Soul","Fiend Fire","Dark Embrace"],"relics":["Black Blood","Oddly Smooth Stone","Ancient Tea Set","Dream Catcher"],"potions_floor_usage":[5,7,16,19,22],"damage_taken":[{"damage":6,"enemies":"Cultist","floor":1,"turns":3},{"damage":10,"enemies":"Small Slimes","floor":4,"turns":3},{"damage":7,"enemies":"Jaw Worm","floor":5,"turns":4},{"damage":30,"enemies":"Lagavulin","floor":7,"turns":6},{"damage":11,"enemies":"Red Slaver","floor":11,"turns":4},{"damage":11,"enemies":"Looter","floor":13,"turns":3},{"damage":0,"enemies":"Exordium Wildlife","floor":14,"turns":4},{"damage":15,"enemies":"The Guardian","floor":16,"turns":9},{"damage":24,"enemies":"Chosen","floor":18,"turns":5},{"damage":40,"enemies":"3 Byrds","floor":19,"turns":7},{"damage":36,"enemies":"Centurion and Healer","floor":22,"turns":4}],"seed_played":"416963911923892063","potions_obtained":[{"floor":1,"key":"BloodPotion"},{"floor":4,"key":"Strength Potion"},{"floor":13,"key":"Energy Potion"},{"floor":14,"key":"LiquidBronze"},{"floor":16,"key":"SpeedPotion"},{"floor":18,"key":"PowerPotion"}],"is_trial":false,"path_per_floor":["M","$","?","M","M","R","E","?","T","R","M","$","M","M","R","B",null,"M","M","?","T","M"],"character_chosen":"IRONCLAD","items_purchased":[],"campfire_rested":0,"item_purchase_floors":[],"current_hp_per_floor":[75,75,75,71,78,78,54,54,54,54,49,49,44,50,50,41,72,58,28,28,28,0],"gold":249,"neow_bonus":"TEN_PERCENT_HP_BONUS","is_prod":false,"is_daily":false,"chose_seed":false,"campfire_upgraded":3,"win_rate":0,"timestamp":1542330680,"path_taken":["M","?","?","M","M","R","E","?","T","R","M","?","M","?","R","BOSS","M","M","?","?","?"],"build_version":"2018-11-15","purchased_purges":1,"victory":false,"max_hp_per_floor":[82,82,82,82,82,82,82,82,82,82,82,82,82,82,82,82,82,82,82,82,82,82],"card_choices":[{"not_picked":["Perfected Strike","Second Wind"],"picked":"Rampage","floor":1},{"not_picked":["Warcry","Armaments"],"picked":"Havoc","floor":4},{"not_picked":["Sentinel","Clothesline"],"picked":"True Grit","floor":5},{"not_picked":["Blood for Blood","Twin Strike"],"picked":"Headbutt","floor":7},{"not_picked":["Headbutt","Perfected Strike"],"picked":"Warcry","floor":11},{"not_picked":["Anger","Wild Strike"],"picked":"Sever Soul","floor":13},{"not_picked":["Sever Soul","Anger","Wild Strike"],"picked":"SKIP","floor":14},{"not_picked":["Offering","Berserk"],"picked":"Fiend Fire","floor":16},{"not_picked":["Wild Strike","Clothesline","Heavy Blade"],"picked":"SKIP","floor":18},{"not_picked":["Uppercut","Armaments"],"picked":"Dark Embrace","floor":19}],"player_experience":336628,"relics_obtained":[{"floor":7,"key":"Oddly Smooth Stone"},{"floor":9,"key":"Ancient Tea Set"},{"floor":21,"key":"Dream Catcher"}],"event_choices":[{"cards_removed":["Strike_R"],"damage_healed":0,"gold_gain":0,"player_choice":"Forget","damage_taken":0,"max_hp_gain":0,"max_hp_loss":0,"event_name":"Living Wall","floor":3,"gold_loss":0},{"cards_removed":["Strike_R"],"damage_healed":0,"gold_gain":0,"player_choice":"Card Removal","damage_taken":0,"max_hp_gain":0,"max_hp_loss":0,"event_name":"The Cleric","floor":8,"gold_loss":75},{"damage_healed":0,"gold_gain":0,"player_choice":"Ignored","damage_taken":0,"max_hp_gain":0,"max_hp_loss":0,"event_name":"Cursed Tome","floor":20,"gold_loss":0}],"is_beta":false,"boss_relics":[{"not_picked":["Sozu","Cursed Key"],"picked":"Black Blood"}],"items_purged_floors":[2],"is_endless":false,"potions_floor_spawned":[1,4,13,14,16,18],"killed_by":"Centurion and Healer","ascension_level":17}