{"gold_per_floor":[112,126,7,7,18,18,18,18,18,18,46,46,62,94,94,166,166,176,188,204,216,216,216,249,249,249,268,298,298,235,246,246,323,323,342,355,115,115,115,144,144,169,216,227,237,262,262,36,36,36],"floor_reached":51,"playtime":2188,"items_purged":["Strike_R"],"score":1427,"play_id":"f01c5b4f-d06f-46e9-90ad-b52fc46ad7bf","local_time":"20190411111743","is_ascension_mode":true,"campfire_choices":[{"data":"Inflame","floor":6.0,"key":"SMITH"},{"data":"Bash","floor":8.0,"key":"SMITH"},{"floor":15.0,"key":"REST"},{"floor":23.0,"key":"REST"},{"data":"Uppercut","floor":25.0,"key":"SMITH"},{"floor":32.0,"key":"REST"},{"floor":47.0,"key":"REST"},{"floor":49.0,"key":"REST"}],"neow_cost":"NONE","seed_source_timestamp":10769920090062,"circlet_count":0,"master_deck":["AscendersBane","Strike_R+1","Strike_R","Strike_R","Defend_R","Defend_R+1","Defend_R","Defend_R","Bash+1","Cleave","Iron Wave","Inflame+1","Shrug It Off+1","Heavy Blade","Flame Barrier","Second Wind","Feed","Power Through","Pommel Strike","Spot Weakness+1","Battle Trance","Uppercut+1","Headbutt","Spot Weakness","Heavy Blade","Feel No Pain","Immolate","True Grit+1","Dark Shackles","True Grit+1","Dual Wield+1","Pommel Strike+1","Battle Trance","Clothesline","Heavy Blade+1"],"special_seed":0,"relics":["Burning Blood","Centennial Puzzle","Calipers","Anchor","Happy Flower","Philosopher\u0027s Stone","Strawberry","Bottled Tornado","Juzu Bracelet","Dream Catcher","Runic Cube","War Paint","Unceasing Top","Pantograph","Potion Belt","Omamori"],"potions_floor_usage":[50,50,50],"damage_taken":[{"damage":6.0,"enemies":"Cultist","floor":1.0,"turns":3.0},{"damage":7.0,"enemies":"Jaw Worm","floor":2.0,"turns":3.0},{"damage":0.0,"enemies":"2 Louse","floor":5.0,"turns":3.0},{"damage":26.0,"enemies":"Gremlin Nob","floor":11.0,"turns":4.0},{"damage":3.0,"enemies":"Lots of Slimes","floor":13.0,"turns":4.0},{"damage":12.0,"enemies":"3 Sentries","floor":14.0,"turns":7.0},{"damage":36.0,"enemies":"Slime Boss","floor":16.0,"turns":10.0},{"damage":11.0,"enemies":"2 Thieves","floor":18.0,"turns":5.0},{"damage":1.0,"enemies":"Shell Parasite","floor":19.0,"turns":5.0},{"damage":33.0,"enemies":"3 Cultists","floor":20.0,"turns":6.0},{"damage":15.0,"enemies":"Centurion and Healer","floor":21.0,"turns":9.0},{"damage":30.0,"enemies":"Book of Stabbing","floor":24.0,"turns":5.0},{"damage":0.0,"enemies":"Snecko","floor":27.0,"turns":4.0},{"damage":13.0,"enemies":"Gremlin Leader","floor":28.0,"turns":8.0},{"damage":18.0,"enemies":"Sentry and Sphere","floor":31.0,"turns":4.0},{"damage":56.0,"enemies":"Automaton","floor":33.0,"turns":8.0},{"damage":2.0,"enemies":"Orb Walker","floor":35.0,"turns":3.0},{"damage":3.0,"enemies":"3 Shapes","floor":36.0,"turns":6.0},{"damage":40.0,"enemies":"Reptomancer","floor":40.0,"turns":6.0},{"damage":29.0,"enemies":"Nemesis","floor":42.0,"turns":7.0},{"damage":38.0,"enemies":"3 Darklings","floor":44.0,"turns":6.0},{"damage":6.0,"enemies":"Maw","floor":45.0,"turns":7.0},{"damage":20.0,"enemies":"Reptomancer","floor":46.0,"turns":8.0},{"damage":106,"enemies":"Awakened One","floor":50,"turns":12}],"seed_played":"-2421018085234738893","potions_obtained":[{"floor":2.0,"key":"EntropicBrew"},{"floor":5.0,"key":"Swift Potion"},{"floor":16.0,"key":"Dexterity Potion"},{"floor":19.0,"key":"GamblersBrew"},{"floor":20.0,"key":"SteroidPotion"},{"floor":27.0,"key":"Fruit Juice"},{"floor":29.0,"key":"Explosive Potion"},{"floor":29.0,"key":"Weak Potion"},{"floor":33.0,"key":"GamblersBrew"},{"floor":36.0,"key":"EssenceOfSteel"},{"floor":40.0,"key":"BloodPotion"},{"floor":45.0,"key":"PowerPotion"}],"is_trial":false,"path_per_floor":["M","M","$","$","M","R","?","R","T","$","E","?","M","E","R","B",null,"M","M","M","M","?","R","E","R","T","M","E","?","?","M","R","B",null,"M","M","$","?","?","E","T","E","T","M","M","E","R","$","R","B",null],"character_chosen":"IRONCLAD","items_purchased":["Inflame","Shrug It Off","Dark Shackles","Regen Potion","Dexterity Potion","Strength Potion","Regen Potion","Clothesline"],"campfire_rested":5,"item_purchase_floors":[3,3,37,37,48,48,48,48],"current_hp_per_floor":[68,67,67,67,73,73,50,50,50,50,30,30,33,27,49,19,61,56,61,37,31,31,55,38,38,38,47,45,45,45,36,65,15,78,82,85,85,85,85,69,69,46,46,24,24,13,44,44,75,18],"gold":36,"neow_bonus":"RANDOM_COMMON_RELIC","is_prod":false,"is_daily":false,"chose_seed":false,"campfire_upgraded":3,"win_rate":0,"timestamp":1555006663,"path_taken":["M","M","?","$","M","R","?","R","T","?","E","?","M","E","R","BOSS","M","?","M","?","?","R","E","R","T","M","E","?","?","M","R","BOSS","M","M","$","?","?","E","?","E","T","M","M","E","R","$","R","BOSS"],"build_version":"2019-01-23","purchased_purges":1,"victory":true,"max_hp_per_floor":[75,75,75,75,75,75,75,75,75,75,75,75,75,75,75,75,75,75,75,78,81,81,81,88,88,88,91,96,96,96,99,99,99,99,99,99,99,99,99,102,102,102,102,102,102,105,105,105,105,108],"card_choices":[{"not_picked":["Headbutt","Havoc"],"picked":"Cleave","floor":1.0},{"not_picked":["Infernal Blade","Wild Strike"],"picked":"Iron Wave","floor":2.0},{"not_picked":["Fire Breathing","Iron Wave"],"picked":"Heavy Blade","floor":5.0},{"not_picked":["Seeing Red","Havoc"],"picked":"Flame Barrier","floor":11.0},{"not_picked":["Whirlwind","Body Slam"],"picked":"Second Wind","floor":13.0},{"not_picked":["Flex","Dual Wield","Perfected Strike"],"picked":"SKIP","floor":14.0},{"not_picked":["Berserk","Exhume"],"picked":"Feed","floor":16.0},{"not_picked":["Cleave+1","Perfected Strike"],"picked":"Power Through","floor":18.0},{"not_picked":["Sentinel","Wild Strike"],"picked":"Pommel Strike","floor":19.0},{"not_picked":["Iron Wave","Havoc"],"picked":"Spot Weakness","floor":20.0},{"not_picked":["Perfected Strike","Flex"],"picked":"Battle Trance","floor":21.0},{"not_picked":["Perfected Strike","True Grit"],"picked":"Uppercut","floor":24.0},{"not_picked":["Carnage","Uppercut"],"picked":"Headbutt","floor":27.0},{"not_picked":["Thunderclap","Perfected Strike"],"picked":"Spot Weakness","floor":28.0},{"not_picked":["Flex","Perfected Strike"],"picked":"Heavy Blade","floor":31.0},{"not_picked":["Dual Wield","Inflame"],"picked":"Feel No Pain","floor":32.0},{"not_picked":["Barricade","Feed"],"picked":"Immolate","floor":33.0},{"not_picked":["Shrug It Off","Pommel Strike"],"picked":"True Grit+1","floor":35.0},{"not_picked":["Iron Wave+1","Pommel Strike","Clothesline"],"picked":"SKIP","floor":36.0},{"not_picked":["Double Tap","Feed","Heavy Blade"],"picked":"SKIP","floor":40.0},{"not_picked":["Inflame","Iron Wave"],"picked":"Dual Wield+1","floor":42.0},{"not_picked":["Anger","Cleave"],"picked":"Pommel Strike+1","floor":44.0},{"not_picked":["Evolve+1","Havoc","Thunderclap"],"picked":"SKIP","floor":45.0},{"not_picked":["Clothesline","Clash"],"picked":"Battle Trance","floor":46.0},{"not_picked":["Intimidate","Perfected Strike"],"picked":"Heavy Blade+1","floor":49.0}],"player_experience":2441554,"relics_obtained":[{"floor":9.0,"key":"Calipers"},{"floor":11.0,"key":"Anchor"},{"floor":14.0,"key":"Happy Flower"},{"floor":24.0,"key":"Strawberry"},{"floor":26.0,"key":"Bottled Tornado"},{"floor":28.0,"key":"Juzu Bracelet"},{"floor":40.0,"key":"War Paint"},{"floor":41.0,"key":"Unceasing Top"},{"floor":42.0,"key":"Pantograph"},{"floor":43.0,"key":"Potion Belt"},{"floor":46.0,"key":"Omamori"}],"event_choices":[{"damage_healed":0.0,"max_hp_gain":0.0,"max_hp_loss":0.0,"gold_gain":0.0,"event_name":"Shining Light","player_choice":"Entered Light","floor":7.0,"gold_loss":0.0,"damage_taken":23.0,"cards_upgraded":["Defend_R","Strike_R"]},{"cards_removed":["Strike_R"],"damage_healed":0.0,"max_hp_gain":0.0,"max_hp_loss":0.0,"gold_gain":0.0,"event_name":"Purifier","player_choice":"Purged","floor":12.0,"gold_loss":0.0,"damage_taken":0.0},{"damage_healed":0.0,"max_hp_gain":0.0,"max_hp_loss":0.0,"gold_gain":0.0,"event_name":"FaceTrader","player_choice":"Leave","floor":22.0,"gold_loss":0.0,"damage_taken":0.0},{"damage_healed":0.0,"max_hp_gain":0.0,"max_hp_loss":0.0,"gold_gain":0.0,"event_name":"Lab","player_choice":"Got Potions","floor":29.0,"gold_loss":0.0,"damage_taken":0.0},{"damage_healed":0.0,"max_hp_gain":0.0,"max_hp_loss":0.0,"gold_gain":0.0,"event_name":"WeMeetAgain","player_choice":"Paid Gold","floor":30.0,"gold_loss":63.0,"damage_taken":0.0,"relics_obtained":["Dream Catcher"]},{"damage_healed":0.0,"max_hp_gain":0.0,"max_hp_loss":0.0,"gold_gain":0.0,"event_name":"Match and Keep!","player_choice":"0 cards matched","floor":38.0,"gold_loss":0.0,"damage_taken":0.0,"cards_obtained":[]},{"damage_healed":0.0,"max_hp_gain":0.0,"max_hp_loss":0.0,"gold_gain":0.0,"event_name":"Duplicator","player_choice":"Copied","floor":39.0,"gold_loss":0.0,"damage_taken":0.0,"cards_obtained":["True Grit"]}],"is_beta":false,"boss_relics":[{"not_picked":["Tiny House","Runic Dome"],"picked":"Philosopher\u0027s Stone"},{"not_picked":["Calling Bell","Coffee Dripper"],"picked":"Runic Cube"}],"items_purged_floors":[37],"is_endless":false,"potions_floor_spawned":[2,5,16,19,20,27,31,33,36,40,45],"ascension_level":15}