{"gold_per_floor":[210,228,228,228,243,268,280,317,352,364,403,430,11,28,28,100,100,114,8,23,23,40,40,70,33,81,81,113,129,129,79,79,151,151,163,163,180,196,43,77,77,77,77,77,104,117,117,127,127,127],"floor_reached":51,"playtime":2047,"items_purged":["Strike_R","Strike_R","Strike_R"],"score":1410,"play_id":"272ec3c1-17ba-4388-ada3-5aa6a0737021","local_time":"20190429211159","is_ascension_mode":true,"campfire_choices":[{"data":"Immolate","floor":7,"key":"SMITH"},{"data":"Shockwave","floor":10,"key":"SMITH"},{"data":"Armaments","floor":15,"key":"SMITH"},{"data":"Corruption","floor":23,"key":"SMITH"},{"data":"Juggernaut","floor":30,"key":"SMITH"},{"floor":32,"key":"REST"},{"floor":41,"key":"REST"},{"data":"True Grit","floor":42,"key":"SMITH"},{"data":"Disarm","floor":44,"key":"SMITH"},{"floor":49,"key":"REST"}],"neow_cost":"NONE","seed_source_timestamp":62235599331170,"circlet_count":0,"master_deck":["AscendersBane","Strike_R","Strike_R","Defend_R","Defend_R","Defend_R","Defend_R+1","Bash","Anger","Shockwave+1","Immolate+1","Armaments+1","Pommel Strike","True Grit+1","Juggernaut+1","Corruption+1","Shrug It Off","Shrug It Off+1","Metallicize","Disarm+1","Shrug It Off","Impervious","Battle Trance+1","Disarm","Shrug It Off","Flame Barrier+1","Pommel Strike+1","Body Slam","Barricade"],"relics":["Burning Blood","CultistMask","MawBank","Blood Vial","Oddly Smooth Stone","Smiling Mask","Bronze Scales","Strange Spoon","Velvet Choker","Potion Belt","Centennial Puzzle","Ice Cream","Black Star","Strawberry","WingedGreaves","Paper Frog","War Paint","Kunai"],"potions_floor_usage":[11,24,33,33,33,40,50],"damage_taken":[{"damage":10,"enemies":"Jaw Worm","floor":1,"turns":5},{"damage":1,"enemies":"Cultist","floor":2,"turns":4},{"damage":3,"enemies":"2 Louse","floor":5,"turns":3},{"damage":32,"enemies":"Gremlin Nob","floor":6,"turns":5},{"damage":2,"enemies":"3 Sentries","floor":8,"turns":3},{"damage":7,"enemies":"Gremlin Nob","floor":11,"turns":3},{"damage":2,"enemies":"Exordium Thugs","floor":12,"turns":3},{"damage":8,"enemies":"2 Fungi Beasts","floor":14,"turns":3},{"damage":33,"enemies":"Slime Boss","floor":16,"turns":6},{"damage":1,"enemies":"Spheric Guardian","floor":18,"turns":3},{"damage":14,"enemies":"3 Byrds","floor":20,"turns":3},{"damage":6,"enemies":"Snecko","floor":22,"turns":5},{"damage":33,"enemies":"Gremlin Leader","floor":24,"turns":6},{"damage":32,"enemies":"Slavers","floor":28,"turns":4},{"damage":20,"enemies":"Snake Plant","floor":29,"turns":5},{"damage":56,"enemies":"Automaton","floor":33,"turns":11},{"damage":0,"enemies":"3 Shapes","floor":35,"turns":6},{"damage":26,"enemies":"Orb Walker","floor":37,"turns":5},{"damage":14,"enemies":"4 Shapes","floor":38,"turns":7},{"damage":36,"enemies":"Reptomancer","floor":40,"turns":6},{"damage":34,"enemies":"Giant Head","floor":45,"turns":12},{"damage":0,"enemies":"Sphere and 2 Shapes","floor":46,"turns":5},{"damage":13,"enemies":"Maw","floor":48,"turns":8},{"damage":34,"enemies":"Awakened One","floor":50,"turns":13}],"seed_played":"-7897808565100698134","potions_obtained":[{"floor":6,"key":"Poison Potion"},{"floor":8,"key":"Dexterity Potion"},{"floor":12,"key":"Explosive Potion"},{"floor":24,"key":"GamblersBrew"},{"floor":29,"key":"SneckoOil"},{"floor":33,"key":"SteroidPotion"},{"floor":35,"key":"Dexterity Potion"},{"floor":38,"key":"Explosive Potion"}],"is_trial":false,"path_per_floor":["M","M","?","?","M","E","R","E","T","R","E","M","$","M","R","B",null,"M","$","M","?","M","R","E","$","T","?","E","M","R","$","R","B",null,"M","?","M","M","$","E","R","R","T","R","E","M","?","M","R","B",null],"character_chosen":"IRONCLAD","items_purchased":["True Grit","Bronze Scales","Strange Spoon","Corruption","Shrug It Off","Disarm","Disarm","Shrug It Off"],"campfire_rested":3,"item_purchase_floors":[13,13,13,19,19,25,39,39],"current_hp_per_floor":[64,69,74,74,77,51,51,55,55,55,56,62,62,62,62,37,69,76,76,70,70,72,72,47,47,47,80,54,42,42,42,66,18,65,73,73,55,49,49,28,54,54,54,54,28,36,36,31,57,31],"gold":127,"neow_bonus":"HUNDRED_GOLD","is_prod":false,"is_daily":false,"chose_seed":false,"campfire_upgraded":7,"win_rate":0,"timestamp":1556597519,"path_taken":["M","M","?","?","M","E","R","E","T","R","E","M","$","?","R","BOSS","M","$","?","?","M","R","E","?","T","?","E","?","R","?","R","BOSS","M","?","M","M","$","E","R","R","T","R","E","M","?","?","R","BOSS"],"build_version":"2019-01-23","purchased_purges":3,"victory":true,"max_hp_per_floor":[75,75,80,80,80,80,80,80,80,80,80,80,80,80,80,80,80,80,80,80,80,80,80,80,80,80,80,80,80,80,80,80,80,80,80,80,80,80,80,87,87,87,87,87,87,87,87,87,87,87],"card_choices":[{"not_picked":["Sword Boomerang","Iron Wave"],"picked":"Combust","floor":1},{"not_picked":["Clash","Wild Strike"],"picked":"Anger","floor":2},{"not_picked":["Rage","Body Slam"],"picked":"Shockwave","floor":5},{"not_picked":["True Grit","Sword Boomerang"],"picked":"Immolate","floor":6},{"not_picked":["Havoc","Blood for Blood","Dropkick"],"picked":"SKIP","floor":8},{"not_picked":["Searing Blow","Rupture"],"picked":"Armaments","floor":11},{"not_picked":["Cleave","Combust"],"picked":"Pommel Strike","floor":12},{"not_picked":["Clash","Hemokinesis","Warcry"],"picked":"SKIP","floor":14},{"not_picked":["Bludgeon","Brutality"],"picked":"Juggernaut","floor":16},{"not_picked":["Bloodletting","Anger+1","Burning Pact"],"picked":"SKIP","floor":18},{"not_picked":["Perfected Strike","Cleave","Infernal Blade"],"picked":"SKIP","floor":20},{"not_picked":["Warcry","Iron Wave","Blood for Blood"],"picked":"SKIP","floor":22},{"not_picked":["Anger","Sword Boomerang"],"picked":"Metallicize","floor":24},{"not_picked":["Hemokinesis","Shockwave"],"picked":"Shrug It Off","floor":28},{"not_picked":["Rampage","Armaments+1","Flex"],"picked":"SKIP","floor":29},{"not_picked":["Offering","Juggernaut"],"picked":"Impervious","floor":33},{"not_picked":["Cleave","Sentinel","Clash"],"picked":"SKIP","floor":35},{"not_picked":["Body Slam","Dropkick","Metallicize+1"],"picked":"SKIP","floor":37},{"not_picked":["Havoc","Sword Boomerang"],"picked":"Battle Trance+1","floor":38},{"not_picked":["Wild Strike","Blood for Blood"],"picked":"Flame Barrier+1","floor":40},{"not_picked":["Headbutt+1","Twin Strike"],"picked":"Pommel Strike+1","floor":45},{"not_picked":["Dropkick","Carnage"],"picked":"Body Slam","floor":46},{"not_picked":["Body Slam","Thunderclap+1","Sever Soul+1"],"picked":"SKIP","floor":48}],"player_experience":2509432,"relics_obtained":[{"floor":6,"key":"MawBank"},{"floor":8,"key":"Blood Vial"},{"floor":9,"key":"Oddly Smooth Stone"},{"floor":11,"key":"Smiling Mask"},{"floor":24,"key":"Potion Belt"},{"floor":26,"key":"Centennial Puzzle"},{"floor":28,"key":"Ice Cream"},{"floor":40,"key":"Strawberry"},{"floor":40,"key":"WingedGreaves"},{"floor":43,"key":"Paper Frog"},{"floor":45,"key":"War Paint"},{"floor":45,"key":"Kunai"}],"event_choices":[{"damage_healed":0,"gold_gain":0,"player_choice":"Donut","damage_taken":0,"max_hp_gain":5,"max_hp_loss":0,"event_name":"Big Fish","floor":3,"gold_loss":0},{"damage_healed":0,"gold_gain":0,"player_choice":"Trade","damage_taken":0,"relics_obtained":["CultistMask"],"max_hp_gain":0,"max_hp_loss":0,"event_name":"FaceTrader","floor":4,"gold_loss":0},{"damage_healed":0,"gold_gain":0,"player_choice":"Copied","damage_taken":0,"max_hp_gain":0,"max_hp_loss":0,"event_name":"Duplicator","floor":21,"gold_loss":0,"cards_obtained":["Shrug It Off"]},{"cards_removed":["Combust"],"damage_healed":33,"gold_gain":0,"player_choice":"Offered Uncommon","damage_taken":0,"max_hp_gain":0,"max_hp_loss":0,"event_name":"Bonfire Elementals","floor":27,"gold_loss":0},{"damage_healed":0,"gold_gain":0,"player_choice":"Memory 1","damage_taken":0,"max_hp_gain":0,"max_hp_loss":0,"event_name":"SensoryStone","floor":36,"gold_loss":0},{"damage_healed":0,"gold_gain":0,"player_choice":"1 cards matched","damage_taken":0,"max_hp_gain":0,"max_hp_loss":0,"event_name":"Match and Keep!","floor":47,"gold_loss":0,"cards_obtained":["Barricade"]}],"is_beta":false,"boss_relics":[{"not_picked":["Black Blood","Calling Bell"],"picked":"Velvet Choker"},{"not_picked":["White Beast Statue","Philosopher\u0027s Stone"],"picked":"Black Star"}],"items_purged_floors":[13,31,39],"is_endless":false,"potions_floor_spawned":[6,8,12,16,24,29,33,35,38],"ascension_level":15}