{"gold_per_floor":[119,119,1,1,22,57,76,76,128,128,147,191,212,253,253,346,409,427,427,427,452,476,476,476],"floor_reached":24,"playtime":1229,"items_purged":["Strike_G"],"score":582,"play_id":"adbab42c-2b92-44f6-b82f-1e312f864e73","local_time":"20190304150148","is_ascension_mode":true,"campfire_choices":[{"data":"Tactician","floor":8.0,"key":"SMITH"},{"data":"Calculated Gamble","floor":10.0,"key":"SMITH"},{"data":"Acrobatics","floor":15.0,"key":"SMITH"},{"data":"Expertise","floor":23.0,"key":"SMITH"}],"neow_cost":"NONE","seed_source_timestamp":16721162425100,"circlet_count":0,"master_deck":["AscendersBane","Defend_G","Defend_G","Defend_G","Defend_G","Defend_G","Strike_G","Strike_G+1","Strike_G","Strike_G+1","Survivor","Neutralize+1","Terror","Footwork","Calculated Gamble+1","Acrobatics+1","Tactician+1","Bouncing Flask","Noxious Fumes","Blur","Malaise","Expertise+1","Concentrate","Backflip"],"special_seed":0,"relics":["Ring of the Snake","NeowsBlessing","Golden Idol","Vajra","Whetstone","Bronze Scales","Question Card","Bottled Lightning","Tiny House"],"potions_floor_usage":[24],"damage_taken":[{"damage":0.0,"enemies":"Jaw Worm","floor":1.0,"turns":1.0},{"damage":0.0,"enemies":"2 Louse","floor":5.0,"turns":1.0},{"damage":0.0,"enemies":"Gremlin Nob","floor":6.0,"turns":1.0},{"damage":0.0,"enemies":"Cultist","floor":7.0,"turns":3.0},{"damage":0.0,"enemies":"Looter","floor":11.0,"turns":3.0},{"damage":14.0,"enemies":"Lagavulin","floor":12.0,"turns":7.0},{"damage":1.0,"enemies":"3 Louse","floor":13.0,"turns":3.0},{"damage":24.0,"enemies":"3 Sentries","floor":14.0,"turns":6.0},{"damage":0.0,"enemies":"The Guardian","floor":16.0,"turns":7.0},{"damage":15.0,"enemies":"3 Byrds","floor":18.0,"turns":4.0},{"damage":14.0,"enemies":"Shell Parasite","floor":21.0,"turns":6.0},{"damage":3.0,"enemies":"Sentry and Sphere","floor":22.0,"turns":6.0},{"damage":9,"enemies":"Slavers","floor":24,"turns":4}],"seed_played":"-128234224460855881","potions_obtained":[{"floor":1.0,"key":"AttackPotion"},{"floor":6.0,"key":"GhostInAJar"},{"floor":17.0,"key":"SneckoOil"},{"floor":21.0,"key":"SkillPotion"}],"is_trial":false,"path_per_floor":["M","?","$","?","M","E","M","R","T","R","M","E","M","E","R","B",null,"M","?","?","M","M","R","E"],"character_chosen":"THE_SILENT","items_purchased":["Footwork"],"campfire_rested":0,"item_purchase_floors":[3],"current_hp_per_floor":[59,59,59,59,59,59,59,59,59,59,59,45,44,20,20,20,55,40,40,40,26,23,23,14],"gold":476,"neow_bonus":"THREE_ENEMY_KILL","is_prod":false,"is_daily":false,"chose_seed":false,"campfire_upgraded":4,"win_rate":0,"timestamp":1551682908,"path_taken":["M","?","$","?","M","E","M","R","T","R","?","E","M","E","R","BOSS","M","?","?","M","M","R","E"],"build_version":"2019-01-23","purchased_purges":1,"victory":false,"max_hp_per_floor":[66,60,60,60,60,60,60,60,60,60,60,60,60,60,60,60,65,65,65,65,65,65,65,65],"card_choices":[{"not_picked":["Blur","Deflect"],"picked":"Terror","floor":1.0},{"not_picked":["Poisoned Stab","Dash"],"picked":"Calculated Gamble","floor":5.0},{"not_picked":["Blade Dance","Dodge and Roll"],"picked":"Acrobatics","floor":6.0},{"not_picked":["Backflip","Masterful Stab"],"picked":"Tactician","floor":7.0},{"not_picked":["Dagger Throw","Endless Agony"],"picked":"Bouncing Flask","floor":11.0},{"not_picked":["Calculated Gamble","Slice","Crippling Poison"],"picked":"SKIP","floor":12.0},{"not_picked":["Envenom","Cloak And Dagger","Dagger Throw"],"picked":"Noxious Fumes","floor":13.0},{"not_picked":["Tactician","Catalyst","Quick Slash"],"picked":"Blur","floor":14.0},{"not_picked":["Unload","A Thousand Cuts","Phantasmal Killer"],"picked":"Malaise","floor":16.0},{"not_picked":["Quick Slash","Underhanded Strike","Catalyst"],"picked":"Expertise","floor":17.0},{"not_picked":["Catalyst","Tactician","Footwork","Dagger Throw"],"picked":"SKIP","floor":18.0},{"not_picked":["Sucker Punch+1","Cloak And Dagger","Choke"],"picked":"Backflip","floor":21.0},{"not_picked":["Accuracy","Acrobatics","PiercingWail","Deadly Poison"],"picked":"SKIP","floor":22.0}],"player_experience":2718971,"relics_obtained":[{"floor":4.0,"key":"Vajra"},{"floor":6.0,"key":"Whetstone"},{"floor":9.0,"key":"Bronze Scales"},{"floor":12.0,"key":"Question Card"},{"floor":14.0,"key":"Bottled Lightning"}],"event_choices":[{"damage_healed":0.0,"max_hp_gain":0.0,"max_hp_loss":6.0,"gold_gain":0.0,"event_name":"Golden Idol","player_choice":"Lose Max HP","floor":2.0,"gold_loss":0.0,"damage_taken":0.0,"relics_obtained":["Golden Idol"]},{"damage_healed":0.0,"max_hp_gain":0.0,"max_hp_loss":0.0,"gold_gain":0.0,"event_name":"Wheel of Change","player_choice":"Relic","floor":4.0,"gold_loss":0.0,"damage_taken":0.0},{"damage_healed":0.0,"max_hp_gain":0.0,"max_hp_loss":0.0,"gold_gain":0.0,"event_name":"The Library","player_choice":"Read","floor":19.0,"gold_loss":0.0,"damage_taken":0.0,"cards_obtained":["Concentrate"]},{"damage_healed":0.0,"max_hp_gain":0.0,"max_hp_loss":0.0,"gold_gain":0.0,"event_name":"Ghosts","player_choice":"Ignored","floor":20.0,"gold_loss":0.0,"damage_taken":0.0}],"is_beta":false,"boss_relics":[{"not_picked":["HoveringKite","Ectoplasm"],"picked":"Tiny House"}],"items_purged_floors":[3],"is_endless":false,"potions_floor_spawned":[1,6,13,14,21],"killed_by":"Slavers","ascension_level":20}