{"gold_per_floor":[20,30,46,46,46,46,78,96,96,96,96,96,110,145,145,216,216,236,256,271,10,10],"floor_reached":22,"playtime":1660,"items_purged":["Strike_R"],"score":343,"play_id":"2a45269b-a144-4926-a59b-aadfa07fb993","local_time":"20180722075926","is_ascension_mode":true,"campfire_choices":[{"data":"Inflame","floor":6.0,"key":"SMITH"},{"data":"Bash","floor":10.0,"key":"SMITH"},{"data":"Disarm","floor":15.0,"key":"SMITH"}],"neow_cost":"NO_GOLD","seed_source_timestamp":694202462810,"circlet_count":0,"master_deck":["Strike_R","Strike_R","Defend_R","Defend_R","Defend_R","Defend_R","Bash+1","AscendersBane","Disarm+1","Flame Barrier+1","Inflame+1","Feel No Pain","Clothesline","Cleave","Twin Strike","Limit Break","Thunderclap","Anger+1","Shrug It Off+1","Shrug It Off","True Grit","Impervious"],"special_seed":0,"relics":["Burning Blood","Sundial","Blue Candle","Champion Belt","Prayer Wheel","Empty Cage"],"potions_floor_usage":[],"damage_taken":[{"damage":14.0,"enemies":"2 Louse","floor":1.0,"turns":3.0},{"damage":2.0,"enemies":"Jaw Worm","floor":2.0,"turns":5.0},{"damage":0.0,"enemies":"Small Slimes","floor":3.0,"turns":5.0},{"damage":11.0,"enemies":"Lagavulin","floor":7.0,"turns":10.0},{"damage":17.0,"enemies":"Blue Slaver","floor":8.0,"turns":6.0},{"damage":6.0,"enemies":"3 Louse","floor":13.0,"turns":4.0},{"damage":17.0,"enemies":"3 Sentries","floor":14.0,"turns":9.0},{"damage":36.0,"enemies":"The Guardian","floor":16.0,"turns":14.0},{"damage":22,"enemies":"Spheric Guardian","floor":18,"turns":4},{"damage":25,"enemies":"2 Thieves","floor":19,"turns":4},{"damage":16,"enemies":"Snecko","floor":20,"turns":6},{"damage":27,"enemies":"Sentry and Sphere","floor":22,"turns":4}],"seed_played":"-8811025096625436543","potions_obtained":[{"floor":1.0,"key":"Weak Potion"},{"floor":3.0,"key":"FearPotion"},{"floor":16.0,"key":"Dexterity Potion"}],"is_trial":false,"path_per_floor":["M","M","M","?","$","R","E","M","T","R","?","?","M","E","R","B",null,"M","M","M","$"],"character_chosen":"IRONCLAD","items_purchased":["True Grit","Impervious"],"campfire_rested":0,"item_purchase_floors":[21,21],"current_hp_per_floor":[60,64,70,70,70,70,65,54,54,54,54,59,59,48,48,18,65,49,30,20,20,0],"gold":10,"neow_bonus":"ONE_RARE_RELIC","is_prod":false,"is_daily":false,"chose_seed":false,"campfire_upgraded":3,"win_rate":0,"timestamp":1532271566,"path_taken":["M","M","M","?","$","R","E","?","T","R","?","?","M","E","R","BOSS","M","M","M","$","M"],"build_version":"2018-07-19v2","purchased_purges":1,"victory":false,"max_hp_per_floor":[75,75,75,75,75,75,75,75,75,75,75,80,80,80,80,80,80,80,80,80,80,80],"card_choices":[{"not_picked":["Reckless Charge","Dropkick"],"picked":"Disarm","floor":1.0},{"not_picked":["Blood for Blood","Headbutt"],"picked":"Flame Barrier","floor":2.0},{"not_picked":["Thunderclap","Burning Pact"],"picked":"Inflame","floor":3.0},{"not_picked":["Pommel Strike","Inflame"],"picked":"Feel No Pain","floor":7.0},{"not_picked":["Warcry","Flex"],"picked":"Clothesline","floor":8.0},{"not_picked":["Body Slam","Dual Wield"],"picked":"Cleave","floor":13.0},{"not_picked":["Iron Wave","Armaments"],"picked":"Twin Strike","floor":14.0},{"not_picked":["Fiend Fire","Double Tap"],"picked":"Limit Break","floor":16.0},{"not_picked":["Heavy Blade","Clothesline"],"picked":"Thunderclap","floor":18},{"not_picked":["True Grit","Iron Wave"],"picked":"Anger+1","floor":18},{"not_picked":["Sword Boomerang","Clothesline"],"picked":"Shrug It Off+1","floor":19},{"not_picked":["Combust","Feel No Pain","Havoc"],"picked":"SKIP","floor":19},{"not_picked":["Inflame+1","Armaments"],"picked":"Shrug It Off","floor":20},{"not_picked":["Twin Strike","Body Slam","Clothesline"],"picked":"SKIP","floor":20}],"player_experience":843326,"relics_obtained":[{"floor":7.0,"key":"Blue Candle"},{"floor":9.0,"key":"Champion Belt"},{"floor":14.0,"key":"Prayer Wheel"}],"event_choices":[{"event_name":"Scrap Ooze","player_choice":"unsuccessful","floor":4.0,"damage_taken":0.0},{"event_name":"Living Wall","player_choice":"Grow","floor":11.0,"damage_taken":0.0},{"event_name":"Big Fish","player_choice":"Donut","floor":12.0,"damage_taken":0.0}],"is_beta":false,"boss_relics":[{"not_picked":["Eternal Feather","Black Star"],"picked":"Empty Cage"}],"items_purged_floors":[21],"is_endless":false,"potions_floor_spawned":[1,3,16,20],"killed_by":"Sentry and Sphere","ascension_level":15}