{"gold_per_floor":[116,116,35,35,60,94,94,119,119,153,89,117,134,151,151,230,230,246,263,276,58,58,58,121,121,121,149,167,200,200,212,212,286,286,303,228,228,246,246,246,273,273,273,273,301,313,313,346,346,346,346,346,346,4,33,33],"floor_reached":57,"playtime":2534,"items_purged":["Strike_B"],"score":3594,"play_id":"79a86618-35c3-4a47-8bb4-3c51cb185455","local_time":"20190420011127","is_ascension_mode":true,"campfire_choices":[{"data":"Consume","floor":7.0,"key":"SMITH"},{"data":"Dualcast","floor":15.0,"key":"SMITH"},{"data":"Multi-Cast","floor":23.0,"key":"SMITH"},{"data":"Hologram","floor":25.0,"key":"SMITH"},{"floor":32.0,"key":"RECALL"},{"data":"Zap","floor":40.0,"key":"SMITH"},{"data":"Glacier","floor":42.0,"key":"SMITH"},{"data":"Echo Form","floor":44.0,"key":"SMITH"},{"data":"Auto Shields","floor":47.0,"key":"SMITH"},{"data":"Defend_B","floor":49.0,"key":"SMITH"},{"data":"Self Repair","floor":53.0,"key":"SMITH"}],"neow_cost":"NONE","seed_source_timestamp":3474289226200,"circlet_count":0,"master_deck":["AscendersBane","Strike_B+1","Defend_B","Defend_B","Defend_B","Defend_B+1","Zap+1","Dualcast+1","Cold Snap+1","Auto Shields+1","Darkness+1","Consume+1","Hologram+1","Self Repair+1","Glacier+1","Multi-Cast+1","Coolheaded+1","Echo Form+1","Defragment+1","Go for the Eyes+1","Electrodynamics+1","Machine Learning+1"],"special_seed":0,"relics":["Cracked Core","NeowsBlessing","DataDisk","Pen Nib","Omamori","Lantern","Bottled Flame","Cables","Blood Vial","Coffee Dripper","Chemical X","Tiny Chest","Frozen Egg 2","Matryoshka","White Beast Statue","Smiling Mask","Singing Bowl","Bronze Scales","Incense Burner","Orichalcum","Dodecahedron","Whetstone","Bottled Tornado","Gambling Chip","Bag of Preparation"],"potions_floor_usage":[56],"damage_taken":[{"damage":0.0,"enemies":"2 Louse","floor":1.0,"turns":1.0},{"damage":0.0,"enemies":"Gremlin Nob","floor":6.0,"turns":1.0},{"damage":0.0,"enemies":"Lagavulin","floor":8.0,"turns":1.0},{"damage":32.0,"enemies":"Gremlin Nob","floor":10.0,"turns":4.0},{"damage":0.0,"enemies":"3 Sentries","floor":12.0,"turns":6.0},{"damage":0.0,"enemies":"Jaw Worm","floor":13.0,"turns":4.0},{"damage":0.0,"enemies":"Small Slimes","floor":14.0,"turns":5.0},{"damage":0.0,"enemies":"Hexaghost","floor":16.0,"turns":7.0},{"damage":1.0,"enemies":"Spheric Guardian","floor":18.0,"turns":5.0},{"damage":1.0,"enemies":"2 Thieves","floor":19.0,"turns":4.0},{"damage":2.0,"enemies":"Sentry and Sphere","floor":20.0,"turns":3.0},{"damage":0.0,"enemies":"Book of Stabbing","floor":24.0,"turns":5.0},{"damage":2.0,"enemies":"Slavers","floor":27.0,"turns":3.0},{"damage":19.0,"enemies":"Snake Plant","floor":28.0,"turns":2.0},{"damage":0.0,"enemies":"Gremlin Leader","floor":29.0,"turns":7.0},{"damage":0.0,"enemies":"Centurion and Healer","floor":31.0,"turns":4.0},{"damage":10.0,"enemies":"Collector","floor":33.0,"turns":6.0},{"damage":9.0,"enemies":"3 Darklings","floor":35.0,"turns":2.0},{"damage":0.0,"enemies":"Orb Walker","floor":38.0,"turns":2.0},{"damage":0.0,"enemies":"Reptomancer","floor":41.0,"turns":6.0},{"damage":0.0,"enemies":"Giant Head","floor":45.0,"turns":4.0},{"damage":0.0,"enemies":"Spire Growth","floor":46.0,"turns":4.0},{"damage":0.0,"enemies":"Reptomancer","floor":48.0,"turns":5.0},{"damage":60.0,"enemies":"Time Eater","floor":50.0,"turns":15.0},{"damage":0.0,"enemies":"Donu and Deca","floor":51.0,"turns":12.0},{"damage":47,"enemies":"Shield and Spear","floor":55,"turns":6},{"damage":40,"enemies":"The Heart","floor":56,"turns":11}],"seed_played":"-5017001581077749452","potions_obtained":[{"floor":8.0,"key":"SkillPotion"},{"floor":10.0,"key":"FocusPotion"},{"floor":12.0,"key":"LiquidBronze"},{"floor":16.0,"key":"Weak Potion"},{"floor":20.0,"key":"Fire Potion"},{"floor":24.0,"key":"Weak Potion"},{"floor":31.0,"key":"FocusPotion"},{"floor":35.0,"key":"SneckoOil"},{"floor":38.0,"key":"Swift Potion"},{"floor":41.0,"key":"SkillPotion"},{"floor":45.0,"key":"Block Potion"},{"floor":48.0,"key":"Fire Potion"},{"floor":55,"key":"Dexterity Potion"}],"is_trial":false,"path_per_floor":["M","?","$","?","T","E","R","E","T","E","?","E","M","M","R","B",null,"M","M","M","$","?","R","E","R","T","E","M","E","?","M","R","B",null,"M","$","T","M","T","R","E","R","T","R","E","M","R","E","R","B","B",null,"R","$","E","B",null],"character_chosen":"DEFECT","items_purchased":["Darkness","Chemical X","Gambling Chip"],"campfire_rested":0,"item_purchase_floors":[3,21,54],"current_hp_per_floor":[64,64,64,43,43,43,43,43,43,11,11,11,20,29,29,38,63,71,71,69,69,69,69,71,71,71,69,59,68,68,71,71,68,70,69,69,69,73,73,73,75,75,75,75,77,79,79,81,81,35,51,74,74,74,49,21],"gold":33,"neow_bonus":"THREE_ENEMY_KILL","is_prod":false,"is_daily":false,"chose_seed":false,"campfire_upgraded":10,"win_rate":0,"timestamp":1555693887,"path_taken":["M","?","?","?","?","E","R","E","T","E","?","E","M","M","R","BOSS","M","M","M","$","?","R","E","R","T","E","?","E","?","M","R","BOSS","M","$","?","?","?","R","E","R","T","R","E","M","R","E","R","BOSS","BOSS","R","$","E","BOSS"],"build_version":"2019-01-23","purchased_purges":1,"victory":true,"max_hp_per_floor":[71,71,71,71,71,71,71,71,71,71,71,71,71,71,71,71,71,71,71,71,71,71,71,71,71,71,71,71,71,71,71,71,71,71,71,71,71,73,73,73,75,75,75,75,77,79,79,81,81,81,81,81,81,81,81,81],"card_choices":[{"not_picked":["Loop","Compile Driver"],"picked":"Cold Snap","floor":1.0},{"not_picked":["Stack","White Noise"],"picked":"Consume","floor":6.0},{"not_picked":["Stack","Heatsinks","Sweeping Beam"],"picked":"SKIP","floor":8.0},{"not_picked":["Cold Snap","Fusion"],"picked":"Hologram","floor":10.0},{"not_picked":["Static Discharge","Conserve Battery"],"picked":"Self Repair","floor":12.0},{"not_picked":["Steam","Leap","Redo"],"picked":"SKIP","floor":13.0},{"not_picked":["Ball Lightning","Thunder Strike"],"picked":"Glacier","floor":14.0},{"not_picked":["Echo Form","Thunder Strike"],"picked":"Multi-Cast","floor":16.0},{"not_picked":["Steam","Go for the Eyes+1"],"picked":"Coolheaded+1","floor":18.0},{"not_picked":["Leap","Storm","Hologram"],"picked":"SKIP","floor":19.0},{"not_picked":["Leap","Storm","Hologram"],"picked":"SKIP","floor":19.0},{"not_picked":["Leap","Storm","Hologram"],"picked":"SKIP","floor":19.0},{"not_picked":["Go for the Eyes","Compile Driver","BootSequence"],"picked":"SKIP","floor":20.0},{"not_picked":["Beam Cell","Go for the Eyes","Leap"],"picked":"SKIP","floor":24.0},{"not_picked":["White Noise","Steam"],"picked":"Defragment","floor":27.0},{"not_picked":["Core Surge","Undo"],"picked":"Go for the Eyes+1","floor":28.0},{"not_picked":["Self Repair+1","Doom and Gloom","Leap"],"picked":"SKIP","floor":29.0},{"not_picked":["Sunder","Steam","Hello World+1"],"picked":"SKIP","floor":31.0},{"not_picked":["Echo Form+1","Reboot"],"picked":"Electrodynamics+1","floor":33.0},{"not_picked":["Gash+1","Beam Cell+1","Go for the Eyes"],"picked":"SKIP","floor":35.0},{"not_picked":["Steam","Barrage","Coolheaded"],"picked":"Singing Bowl","floor":38.0},{"not_picked":["Gash","Chaos+1","Self Repair+1"],"picked":"Singing Bowl","floor":41.0},{"not_picked":["Gash","Leap","Consume"],"picked":"Singing Bowl","floor":45.0},{"not_picked":["Compile Driver","Redo","Double Energy+1"],"picked":"Singing Bowl","floor":46.0},{"not_picked":["Rebound","Steam+1","Cold Snap+1"],"picked":"Singing Bowl","floor":48.0},{"not_picked":["Barrage","Heatsinks+1"],"picked":"Machine Learning+1","floor":55}],"player_experience":3020324,"relics_obtained":[{"floor":5.0,"key":"DataDisk"},{"floor":6.0,"key":"Pen Nib"},{"floor":8.0,"key":"Omamori"},{"floor":9.0,"key":"Lantern"},{"floor":10.0,"key":"Bottled Flame"},{"floor":12.0,"key":"Blood Vial"},{"floor":24.0,"key":"Tiny Chest"},{"floor":27.0,"key":"Frozen Egg 2"},{"floor":29.0,"key":"Matryoshka"},{"floor":37.0,"key":"Smiling Mask"},{"floor":37.0,"key":"Singing Bowl"},{"floor":39.0,"key":"Bronze Scales"},{"floor":39.0,"key":"Incense Burner"},{"floor":41.0,"key":"Orichalcum"},{"floor":43.0,"key":"Dodecahedron"},{"floor":45.0,"key":"Whetstone"},{"floor":48.0,"key":"Bottled Tornado"},{"floor":55,"key":"Bag of Preparation"}],"event_choices":[{"damage_healed":0.0,"max_hp_gain":0.0,"max_hp_loss":0.0,"gold_gain":0.0,"cards_transformed":["Strike_B"],"event_name":"Living Wall","player_choice":"Change","floor":2.0,"gold_loss":0.0,"damage_taken":0.0,"cards_obtained":["Auto Shields"]},{"damage_healed":0.0,"max_hp_gain":0.0,"max_hp_loss":0.0,"gold_gain":0.0,"event_name":"Shining Light","player_choice":"Entered Light","floor":4.0,"gold_loss":0.0,"damage_taken":21.0,"cards_upgraded":["Cold Snap","Darkness"]},{"damage_healed":0.0,"max_hp_gain":0.0,"max_hp_loss":0.0,"gold_gain":0.0,"event_name":"WeMeetAgain","player_choice":"Paid Gold","floor":11.0,"gold_loss":64.0,"damage_taken":0.0,"relics_obtained":["Cables"]},{"damage_healed":0.0,"max_hp_gain":0.0,"max_hp_loss":0.0,"gold_gain":0.0,"event_name":"Match and Keep!","player_choice":"1 cards matched","floor":22.0,"gold_loss":0.0,"damage_taken":0.0,"cards_obtained":["Echo Form"]},{"cards_removed":["Strike_B"],"damage_healed":0.0,"max_hp_gain":0.0,"max_hp_loss":0.0,"gold_gain":0.0,"event_name":"Bonfire Elementals","player_choice":"Offered Basic","floor":30.0,"gold_loss":0.0,"damage_taken":0.0}],"is_beta":false,"boss_relics":[{"not_picked":["Empty Cage","Philosopher\u0027s Stone"],"picked":"Coffee Dripper"},{"not_picked":["Eternal Feather","FrozenCore"],"picked":"White Beast Statue"}],"items_purged_floors":[36],"is_endless":false,"potions_floor_spawned":[8,10,12,16,20,24,31,35,38,41,45,46,48,55],"ascension_level":20}