{"gold_per_floor":[12,32,32,45,62,87,87,118,191,191,191,217,217,229,259,259],"floor_reached":16,"playtime":982,"items_purged":[],"score":150,"play_id":"29aafeaa-a729-4584-9f4c-649adeef0f90","local_time":"25611024214514","is_ascension_mode":true,"campfire_choices":[{"floor":7.0,"key":"REST"},{"floor":11.0,"key":"REST"},{"floor":15,"key":"DIG"}],"neow_cost":"NO_GOLD","seed_source_timestamp":43356232862183,"circlet_count":0,"master_deck":["Defend_G","Defend_G","Defend_G","Defend_G","Strike_G","Strike_G","Strike_G","Strike_G","Survivor+1","Neutralize+1","Escape Plan","Acrobatics","Underhanded Strike","Outmaneuver","PiercingWail","Masterful Stab","Heel Hook"],"special_seed":0,"relics":["Ring of the Snake","Bag of Marbles","Shovel","Dodecahedron","Smiling Mask","Tiny Chest"],"potions_floor_usage":[16,16],"damage_taken":[{"damage":1.0,"enemies":"Jaw Worm","floor":1.0,"turns":5.0},{"damage":0.0,"enemies":"Cultist","floor":2.0,"turns":5.0},{"damage":4.0,"enemies":"Small Slimes","floor":4.0,"turns":4.0},{"damage":12.0,"enemies":"2 Fungi Beasts","floor":5.0,"turns":5.0},{"damage":18.0,"enemies":"3 Sentries","floor":6.0,"turns":13.0},{"damage":35.0,"enemies":"Lagavulin","floor":8.0,"turns":8.0},{"damage":41,"enemies":"Gremlin Nob","floor":12,"turns":7},{"damage":1,"enemies":"Red Slaver","floor":14,"turns":2},{"damage":81,"enemies":"Hexaghost","floor":16,"turns":18}],"seed_played":"7774576178177804231","potions_obtained":[{"floor":5.0,"key":"Fire Potion"},{"floor":6.0,"key":"EssenceOfSteel"},{"floor":8.0,"key":"Explosive Potion"},{"floor":12,"key":"Poison Potion"}],"is_trial":false,"path_per_floor":["M","M","?","M","M","E","R","E","T","?","R","E","?","M","R"],"character_chosen":"THE_SILENT","items_purchased":[],"campfire_rested":2,"item_purchase_floors":[],"current_hp_per_floor":[69,69,69,65,53,35,56,21,21,21,42,1,80,79,79,0],"gold":259,"neow_bonus":"TRANSFORM_TWO_CARDS","is_prod":false,"is_daily":false,"chose_seed":false,"campfire_upgraded":0,"win_rate":0,"timestamp":1540392314,"path_taken":["M","M","?","M","M","E","R","E","T","?","R","E","?","M","R","BOSS"],"build_version":"2018-10-18","purchased_purges":0,"victory":false,"max_hp_per_floor":[70,70,70,70,70,70,70,70,70,70,70,70,80,80,80,80],"card_choices":[{"not_picked":["Acrobatics","Sucker Punch"],"picked":"Underhanded Strike","floor":1.0},{"not_picked":["Bouncing Flask","Concentrate"],"picked":"Outmaneuver","floor":2.0},{"not_picked":["Expertise","Deflect"],"picked":"PiercingWail","floor":4.0},{"not_picked":["Flying Knee","Acrobatics","Finisher"],"picked":"SKIP","floor":5.0},{"not_picked":["Predator","Acrobatics","Bane"],"picked":"SKIP","floor":6.0},{"not_picked":["Dagger Throw","Finisher"],"picked":"A Thousand Cuts","floor":8.0},{"not_picked":["Deadly Poison","PiercingWail"],"picked":"Masterful Stab","floor":12},{"not_picked":["PiercingWail","Reflex"],"picked":"Heel Hook","floor":14}],"player_experience":225730,"relics_obtained":[{"floor":6.0,"key":"Bag of Marbles"},{"floor":8.0,"key":"Shovel"},{"floor":9.0,"key":"Dodecahedron"},{"floor":12,"key":"Smiling Mask"},{"floor":15,"key":"Tiny Chest"}],"event_choices":[{"damage_healed":0.0,"max_hp_gain":0.0,"max_hp_loss":0.0,"gold_gain":0.0,"event_name":"Living Wall","player_choice":"Grow","floor":3.0,"gold_loss":0.0,"damage_taken":0.0,"cards_upgraded":["Neutralize"]},{"damage_healed":0.0,"max_hp_gain":0.0,"max_hp_loss":0.0,"gold_gain":0.0,"event_name":"Upgrade Shrine","player_choice":"Upgraded","floor":10.0,"gold_loss":0.0,"damage_taken":0.0,"cards_upgraded":["Survivor"]},{"cards_removed":["A Thousand Cuts"],"damage_healed":69,"gold_gain":0,"player_choice":"Offered Rare","damage_taken":0,"max_hp_gain":10,"max_hp_loss":0,"event_name":"Bonfire Elementals","floor":13,"gold_loss":0}],"is_beta":false,"boss_relics":[],"items_purged_floors":[],"is_endless":false,"potions_floor_spawned":[5,6,8,12],"killed_by":"Hexaghost","ascension_level":5}