{"gold_per_floor":[14,14,24,44,63,63,80,80,80,80,90,120,138,172,172,172],"floor_reached":16,"playtime":688,"items_purged":[],"score":228,"play_id":"13912867-1cfe-4b76-906a-e20ca8d298bf","local_time":"20190425001508","is_ascension_mode":true,"campfire_choices":[{"data":"Dash","floor":6.0,"key":"SMITH"},{"data":"Poisoned Stab","floor":8.0,"key":"SMITH"},{"data":"Tactician","floor":15.0,"key":"SMITH"}],"neow_cost":"NO_GOLD","seed_source_timestamp":4433168481200,"circlet_count":0,"master_deck":["AscendersBane","Defend_G","Defend_G","Defend_G","Defend_G","Strike_G","Strike_G","Strike_G","Strike_G","Survivor","Neutralize","Dash+1","Infinite Blades","Poisoned Stab+1","Tactician+1","Acrobatics+1"],"special_seed":0,"relics":["Ring of the Snake","Bag of Marbles","Ancient Tea Set","Toxic Egg 2"],"potions_floor_usage":[16],"damage_taken":[{"damage":0.0,"enemies":"2 Louse","floor":1.0,"turns":6.0},{"damage":1.0,"enemies":"Cultist","floor":3.0,"turns":5.0},{"damage":0.0,"enemies":"Small Slimes","floor":4.0,"turns":4.0},{"damage":2.0,"enemies":"2 Fungi Beasts","floor":5.0,"turns":4.0},{"damage":0.0,"enemies":"Blue Slaver","floor":7.0,"turns":5.0},{"damage":5.0,"enemies":"Exordium Thugs","floor":11.0,"turns":6.0},{"damage":22.0,"enemies":"Gremlin Nob","floor":12.0,"turns":4.0},{"damage":0.0,"enemies":"Gremlin Gang","floor":13.0,"turns":4.0},{"damage":12.0,"enemies":"Lagavulin","floor":14.0,"turns":6.0},{"damage":22,"enemies":"Hexaghost","floor":16,"turns":8}],"seed_played":"4420023021195214409","potions_obtained":[{"floor":1.0,"key":"Energy Potion"},{"floor":3.0,"key":"GhostInAJar"},{"floor":12.0,"key":"Ancient Potion"},{"floor":13.0,"key":"GamblersBrew"}],"is_trial":false,"path_per_floor":["M","?","M","M","M","R","M","R","T","?","M","E","M","E","R","B"],"character_chosen":"THE_SILENT","items_purchased":[],"campfire_rested":0,"item_purchase_floors":[],"current_hp_per_floor":[59,59,58,58,56,56,56,56,56,56,51,29,29,17,17,0],"gold":172,"neow_bonus":"REMOVE_TWO","is_prod":false,"is_daily":false,"chose_seed":false,"campfire_upgraded":3,"win_rate":0,"timestamp":1556122508,"path_taken":["M","?","M","M","M","R","M","R","T","?","M","E","?","E","R","BOSS"],"build_version":"2019-01-23","purchased_purges":0,"victory":false,"max_hp_per_floor":[66,66,66,66,66,66,66,66,66,66,66,66,66,66,66,66],"card_choices":[{"not_picked":["Bane","Heel Hook"],"picked":"Dash","floor":1.0},{"not_picked":["Endless Agony","Dagger Spray","Prepared"],"picked":"SKIP","floor":3.0},{"not_picked":["Predator","PiercingWail"],"picked":"Infinite Blades","floor":4.0},{"not_picked":["Acrobatics","Backstab"],"picked":"Poisoned Stab","floor":5.0},{"not_picked":["Outmaneuver","Setup","Leg Sweep"],"picked":"SKIP","floor":7.0},{"not_picked":["Dodge and Roll","Skewer","Prepared"],"picked":"SKIP","floor":11.0},{"not_picked":["Envenom","Masterful Stab"],"picked":"Tactician","floor":12.0},{"not_picked":["Distraction","Outmaneuver","Setup"],"picked":"SKIP","floor":13.0},{"not_picked":["Flying Knee","Distraction"],"picked":"Acrobatics","floor":14.0}],"player_experience":3041661,"relics_obtained":[{"floor":9.0,"key":"Bag of Marbles"},{"floor":12.0,"key":"Ancient Tea Set"},{"floor":14.0,"key":"Toxic Egg 2"}],"event_choices":[{"damage_healed":0.0,"max_hp_gain":0.0,"max_hp_loss":0.0,"gold_gain":0.0,"event_name":"The Cleric","player_choice":"Leave","floor":2.0,"gold_loss":0.0,"damage_taken":0.0},{"damage_healed":0.0,"max_hp_gain":0.0,"max_hp_loss":0.0,"gold_gain":0.0,"event_name":"Match and Keep!","player_choice":"0 cards matched","floor":10.0,"gold_loss":0.0,"damage_taken":0.0,"cards_obtained":[]}],"is_beta":false,"boss_relics":[],"items_purged_floors":[],"is_endless":false,"potions_floor_spawned":[1,3,4,12,13],"killed_by":"Hexaghost","ascension_level":20}