{"gold_per_floor":[114,131,131,306,50,83,83,116,116,41,55,68,68,92,92,213,213,191,0,0,21],"floor_reached":21,"playtime":680,"items_purged":["Doubt"],"score":189,"play_id":"4c2a654f-9859-42bc-96eb-27b59457d5f5","local_time":"25610722112954","is_ascension_mode":false,"campfire_choices":[{"floor":15.0,"key":"REST"}],"neow_cost":"","seed_source_timestamp":0,"circlet_count":0,"master_deck":["Defend_G","Defend_G","Defend_G","Defend_G","Defend_G","Strike_G","Strike_G","Strike_G","Strike_G","Strike_G","Survivor","Neutralize","Finisher","PiercingWail","Injury","Outmaneuver","Dodge and Roll","Phantasmal Killer","Bullet Time","Leg Sweep"],"special_seed":0,"relics":["Ring of the Snake","NlothsMask","Mercury Hourglass","Oddly Smooth Stone","Golden Idol","Strawberry","Centennial Puzzle","Black Star","HandDrill"],"potions_floor_usage":[16,16],"damage_taken":[{"damage":5.0,"enemies":"Jaw Worm","floor":1.0,"turns":5.0},{"damage":0.0,"enemies":"Cultist","floor":2.0,"turns":3.0},{"damage":6.0,"enemies":"3 Sentries","floor":6.0,"turns":7.0},{"damage":24.0,"enemies":"Gremlin Nob","floor":8.0,"turns":4.0},{"damage":0.0,"enemies":"2 Louse","floor":11.0,"turns":2.0},{"damage":5.0,"enemies":"Blue Slaver","floor":12.0,"turns":5.0},{"damage":2.0,"enemies":"Exordium Wildlife","floor":14.0,"turns":4.0},{"damage":37,"enemies":"The Guardian","floor":16,"turns":14},{"damage":19,"enemies":"2 Thieves","floor":18,"turns":5},{"damage":53,"enemies":"Spheric Guardian","floor":21,"turns":8}],"seed_played":"-4905806136451546091","potions_obtained":[{"floor":6.0,"key":"FearPotion"},{"floor":12.0,"key":"SkillPotion"},{"floor":14.0,"key":"SkillPotion"},{"floor":21,"key":"SteroidPotion"}],"is_trial":false,"path_per_floor":["M","M","?","?","$","E","?","E","T","$","M","M","?","M","R","B",null,"M","$","?"],"character_chosen":"THE_SILENT","items_purchased":["Mercury Hourglass","HandDrill"],"campfire_rested":1,"item_purchase_floors":[5,19],"current_hp_per_floor":[65,65,65,65,65,59,59,42,42,42,42,37,25,23,46,9,77,58,58,58,5],"gold":21,"neow_bonus":"","is_prod":false,"is_daily":false,"chose_seed":false,"campfire_upgraded":0,"win_rate":0,"timestamp":1532233794,"path_taken":["M","M","?","?","$","E","?","E","T","$","M","?","?","M","R","BOSS","M","$","?","M"],"build_version":"2018-07-19v2","purchased_purges":1,"victory":false,"max_hp_per_floor":[70,70,70,70,70,70,70,77,77,77,77,77,77,77,77,77,77,77,77,77,77],"card_choices":[{"not_picked":["Bane","Slice"],"picked":"Finisher","floor":1.0},{"not_picked":["Well Laid Plans","Expertise","Prepared"],"picked":"SKIP","floor":2.0},{"not_picked":["Underhanded Strike","Doppelganger"],"picked":"PiercingWail","floor":6.0},{"not_picked":["PiercingWail","Distraction","Masterful Stab"],"picked":"SKIP","floor":8.0},{"not_picked":["PiercingWail","Bane"],"picked":"Outmaneuver","floor":11.0},{"not_picked":["Deflect","Quick Slash"],"picked":"Dodge and Roll","floor":12.0},{"not_picked":["Bane","Terror"],"picked":"Phantasmal Killer","floor":14.0},{"not_picked":["Wraith Form v2","Corpse Explosion"],"picked":"Bullet Time","floor":16},{"not_picked":["PiercingWail","Bane","Acrobatics"],"picked":"SKIP","floor":18}],"player_experience":108367,"relics_obtained":[{"floor":6.0,"key":"Oddly Smooth Stone"},{"floor":8.0,"key":"Strawberry"}],"event_choices":[{"event_name":"FaceTrader","player_choice":"Trade","floor":3.0,"damage_taken":0.0},{"event_name":"Liars Game","player_choice":"agreed","floor":4.0,"damage_taken":0.0},{"event_name":"Golden Idol","player_choice":"Take Wound","floor":7.0,"damage_taken":0.0},{"event_name":"Scrap Ooze","player_choice":"success","floor":13.0,"damage_taken":12.0},{"event_name":"The Library","player_choice":"Read","floor":20,"damage_taken":0}],"is_beta":false,"boss_relics":[{"not_picked":["White Beast Statue","Philosopher\u0027s Stone"],"picked":"Black Star"}],"items_purged_floors":[10],"is_endless":false,"potions_floor_spawned":[6,12,14,21],"killed_by":"Spheric Guardian","ascension_level":0}