{"gold_per_floor":[119,119,119,119,44,44,60,60,86,116,129,142,155,165,165,165],"floor_reached":16,"playtime":419,"items_purged":["Writhe"],"score":184,"play_id":"46eda85d-23e6-4f47-a277-402906a22d0d","local_time":"25611124214321","is_ascension_mode":true,"campfire_choices":[{"floor":6.0,"key":"REST"},{"floor":8.0,"key":"REST"},{"data":"Perfected Strike","floor":15,"key":"SMITH"}],"neow_cost":"CURSE","seed_source_timestamp":40521508100069,"circlet_count":0,"master_deck":["AscendersBane","Strike_R","Strike_R","Strike_R","Strike_R","Strike_R+1","Defend_R+1","Defend_R","Defend_R","Defend_R","Bash","Perfected Strike+1","Wild Strike","True Grit","Twin Strike","Clothesline","True Grit"],"special_seed":0,"relics":["Burning Blood","Turnip","Ancient Tea Set","Vajra","Bag of Preparation"],"potions_floor_usage":[14],"damage_taken":[{"damage":8.0,"enemies":"Jaw Worm","floor":1.0,"turns":5.0},{"damage":7.0,"enemies":"Small Slimes","floor":7.0,"turns":4.0},{"damage":32.0,"enemies":"3 Sentries","floor":10.0,"turns":9.0},{"damage":3.0,"enemies":"2 Louse","floor":11.0,"turns":3.0},{"damage":13.0,"enemies":"Exordium Wildlife","floor":12.0,"turns":4.0},{"damage":6.0,"enemies":"3 Louse","floor":13.0,"turns":2.0},{"damage":4,"enemies":"2 Fungi Beasts","floor":14,"turns":2},{"damage":34,"enemies":"Hexaghost","floor":16,"turns":9}],"seed_played":"383574504538169597","potions_obtained":[{"floor":12.0,"key":"Explosive Potion"},{"floor":13.0,"key":"Ancient Potion"}],"is_trial":false,"path_per_floor":["M","?","?","?","$","R","M","R","T","E","M","M","M","M","R","B"],"character_chosen":"IRONCLAD","items_purchased":[],"campfire_rested":2,"item_purchase_floors":[],"current_hp_per_floor":[66,43,48,13,13,37,36,60,60,34,37,30,30,32,32,0],"gold":165,"neow_bonus":"ONE_RARE_RELIC","is_prod":false,"is_daily":false,"chose_seed":false,"campfire_upgraded":1,"win_rate":0,"timestamp":1543070601,"path_taken":["M","?","?","?","$","R","M","R","T","E","M","M","?","M","R","BOSS"],"build_version":"2018-11-15","purchased_purges":1,"victory":false,"max_hp_per_floor":[75,75,80,80,80,80,80,80,80,80,80,80,80,80,80,80],"card_choices":[{"not_picked":["Searing Blow","Hemokinesis","Iron Wave"],"picked":"SKIP","floor":1.0},{"not_picked":["Thunderclap","Clash"],"picked":"Perfected Strike","floor":7.0},{"not_picked":["Spot Weakness","Anger"],"picked":"Wild Strike","floor":10.0},{"not_picked":["Entrench","Heavy Blade"],"picked":"True Grit","floor":11.0},{"not_picked":["Cleave","Warcry"],"picked":"Twin Strike","floor":12.0},{"not_picked":["Sword Boomerang","Thunderclap"],"picked":"Clothesline","floor":13.0},{"not_picked":["Sword Boomerang","Barricade"],"picked":"True Grit","floor":14}],"player_experience":184064,"relics_obtained":[{"floor":9.0,"key":"Vajra"},{"floor":10.0,"key":"Bag of Preparation"}],"event_choices":[{"damage_healed":0.0,"max_hp_gain":0.0,"max_hp_loss":0.0,"gold_gain":0.0,"event_name":"Shining Light","player_choice":"Entered Light","floor":2.0,"gold_loss":0.0,"damage_taken":23.0,"cards_upgraded":["Defend_R","Strike_R"]},{"damage_healed":0.0,"max_hp_gain":5.0,"max_hp_loss":0.0,"gold_gain":0.0,"event_name":"Big Fish","player_choice":"Donut","floor":3.0,"gold_loss":0.0,"damage_taken":0.0},{"damage_healed":0.0,"max_hp_gain":0.0,"max_hp_loss":0.0,"gold_gain":0.0,"event_name":"Scrap Ooze","player_choice":"Success","floor":4.0,"gold_loss":0.0,"damage_taken":35.0,"relics_obtained":["Ancient Tea Set"]}],"is_beta":false,"boss_relics":[],"items_purged_floors":[5],"is_endless":false,"potions_floor_spawned":[12,13],"killed_by":"Hexaghost","ascension_level":16}