{"gold_per_floor":[112,112,127,73,92,92,124,124,124,151,163,194,194,220,220,297,297,313,313,332,346,358,689,713,776,800,243,262,288,304,339,339,411,411,431,431,72,82,0,32,32,67,67,93,128,154,184,184,184,184,184,184,184,43,77,77],"floor_reached":57,"playtime":2886,"items_purged":["Twin Strike","Clothesline"],"score":4168,"play_id":"eb42c169-5837-45ed-8521-70345838cd17","local_time":"20190125193121","daily_mods":["SealedDeck","DeadlyEvents","Elite Swarm"],"is_ascension_mode":true,"campfire_choices":[{"data":"Corruption","floor":6.0,"key":"SMITH"},{"data":"Feel No Pain","floor":8.0,"key":"SMITH"},{"floor":13.0,"key":"DIG"},{"data":"Dark Embrace","floor":15.0,"key":"SMITH"},{"floor":32,"key":"DIG"},{"floor":41,"key":"DIG"},{"floor":49,"key":"RECALL"},{"floor":53,"key":"DIG"}],"neow_cost":"","seed_source_timestamp":0,"circlet_count":0,"master_deck":["AscendersBane","Shrug It Off","Headbutt","Shrug It Off","Feel No Pain+1","Shockwave+1","Anger+1","Spot Weakness","Shrug It Off","Corruption+1","Juggernaut","Immolate","Body Slam+1","Impervious","Dark Embrace+1","Exhume","Feel No Pain","Shrug It Off+1","Impervious+1","Flame Barrier+1","Dark Shackles+1","Ghostly Armor+1","Second Wind+1","Exhume+1","Exhume+1","Entrench+1","Discovery+1","True Grit+1","Feel No Pain","Battle Trance+1","Reaper","Exhume+1","Barricade","Fiend Fire","Offering+1","Feel No Pain+1","Warcry+1","Impervious+1"],"special_seed":0,"relics":["Burning Blood","Dead Branch","Shovel","Meat on the Bone","Mercury Hourglass","Smiling Mask","Ice Cream","Black Star","Old Coin","Toxic Egg 2","Whetstone","Tiny Chest","Bottled Lightning","Vajra","Charon\u0027s Ashes","PreservedInsect","Bottled Tornado","Boot","WingedGreaves","Orichalcum","Fusion Hammer","Potion Belt","Red Mask","Art of War","Strawberry","Regal Pillow","Omamori","Anchor","Oddly Smooth Stone","Ginger","Frozen Egg 2","Pantograph","Mango","Lantern","Incense Burner","Bag of Preparation","War Paint","Letter Opener","Ornamental Fan","Gremlin Horn"],"potions_floor_usage":[29,56],"damage_taken":[{"damage":0.0,"enemies":"Cultist","floor":1.0,"turns":3.0},{"damage":2.0,"enemies":"Jaw Worm","floor":3.0,"turns":3.0},{"damage":0.0,"enemies":"2 Louse","floor":5.0,"turns":4.0},{"damage":0.0,"enemies":"Lagavulin","floor":7.0,"turns":6.0},{"damage":23.0,"enemies":"Gremlin Nob","floor":10.0,"turns":4.0},{"damage":6.0,"enemies":"Exordium Thugs","floor":11.0,"turns":3.0},{"damage":2.0,"enemies":"3 Sentries","floor":12.0,"turns":5.0},{"damage":6.0,"enemies":"Gremlin Nob","floor":14.0,"turns":3.0},{"damage":11.0,"enemies":"Hexaghost","floor":16.0,"turns":3.0},{"damage":0.0,"enemies":"Chosen","floor":18.0,"turns":3.0},{"damage":6.0,"enemies":"3 Byrds","floor":20.0,"turns":5.0},{"damage":0.0,"enemies":"Snake Plant","floor":21.0,"turns":4.0},{"damage":0.0,"enemies":"Centurion and Healer","floor":22.0,"turns":5.0},{"damage":14.0,"enemies":"Book of Stabbing","floor":23.0,"turns":4.0},{"damage":30.0,"enemies":"Slavers","floor":25.0,"turns":6.0},{"damage":3,"enemies":"Cultist and Chosen","floor":28,"turns":4},{"damage":4,"enemies":"Gremlin Leader","floor":29,"turns":5},{"damage":0,"enemies":"Shelled Parasite and Fungi","floor":30,"turns":1},{"damage":0,"enemies":"Book of Stabbing","floor":31,"turns":3},{"damage":0,"enemies":"Automaton","floor":33,"turns":1},{"damage":0,"enemies":"3 Darklings","floor":35,"turns":1},{"damage":0,"enemies":"3 Shapes","floor":38,"turns":2},{"damage":0,"enemies":"Nemesis","floor":40,"turns":3},{"damage":0,"enemies":"Reptomancer","floor":42,"turns":3},{"damage":0,"enemies":"Nemesis","floor":44,"turns":1},{"damage":3,"enemies":"Giant Head","floor":45,"turns":2},{"damage":3,"enemies":"Reptomancer","floor":46,"turns":3},{"damage":0,"enemies":"Giant Head","floor":47,"turns":1},{"damage":12,"enemies":"Awakened One","floor":50,"turns":4},{"damage":1,"enemies":"Time Eater","floor":51,"turns":2},{"damage":6,"enemies":"Shield and Spear","floor":55,"turns":2},{"damage":9,"enemies":"The Heart","floor":56,"turns":6}],"seed_played":"-9004207049932289528","potions_obtained":[{"floor":1.0,"key":"Poison Potion"},{"floor":3.0,"key":"BloodPotion"},{"floor":7.0,"key":"Fruit Juice"},{"floor":14.0,"key":"AttackPotion"},{"floor":22.0,"key":"SmokeBomb"},{"floor":28,"key":"EssenceOfSteel"},{"floor":29,"key":"Fruit Juice"},{"floor":30,"key":"Weak Potion"},{"floor":38,"key":"Weak Potion"},{"floor":47,"key":"Dexterity Potion"}],"is_trial":true,"path_per_floor":["M","?","M","$","M","R","E","R","T","E","M","E","R","E","R","B",null,"M","?","M","M","M","E","T","E","T","$","M","E","M","E","R","B",null,"M","?","$","M","?","E","R","E","T","E","E","E","E","T","R","B","B",null,"R","$","E","B",null],"character_chosen":"IRONCLAD","items_purchased":["FearPotion","Charon\u0027s Ashes","Flame Barrier+1","Dark Shackles+1","True Grit+1","Feel No Pain","Potion Belt","SkillPotion","Feel No Pain+1","Warcry+1"],"campfire_rested":0,"item_purchase_floors":[4,27,27,27,37,37,37,37,54,54],"current_hp_per_floor":[74,74,75,75,75,75,80,80,80,63,63,67,67,67,67,62,76,80,57,57,63,69,61,61,49,49,49,52,59,65,71,71,77,87,90,90,90,90,90,97,97,97,97,97,97,111,111,111,111,105,111,111,111,111,111,108],"gold":77,"neow_bonus":"","is_prod":false,"is_daily":false,"chose_seed":false,"campfire_upgraded":3,"win_rate":0,"timestamp":1548473481,"path_taken":["M","?","M","$","?","R","E","R","T","E","M","E","R","E","R","BOSS","M","?","M","M","?","E","?","E","T","$","M","E","M","E","R","BOSS","M","?","$","M","?","E","R","E","T","E","?","E","E","?","R","BOSS","BOSS","R","$","E","BOSS"],"build_version":"2019-01-23","purchased_purges":2,"victory":true,"max_hp_per_floor":[75,75,75,75,75,75,80,80,80,80,80,80,80,80,80,80,80,80,85,85,85,85,85,85,85,85,85,85,90,90,90,90,90,90,90,90,90,90,90,97,97,97,97,97,97,111,111,111,111,111,111,111,111,111,111,111],"card_choices":[{"not_picked":["Wild Strike","Shrug It Off","Cleave"],"picked":"SKIP","floor":1.0},{"not_picked":["Sever Soul","Power Through","Thunderclap"],"picked":"SKIP","floor":3.0},{"not_picked":["Body Slam","Sword Boomerang"],"picked":"Corruption","floor":5.0},{"not_picked":["Brutality","Reaper"],"picked":"Juggernaut","floor":7.0},{"not_picked":["Reaper","Bludgeon"],"picked":"Immolate","floor":10.0},{"not_picked":["Metallicize","Iron Wave"],"picked":"Body Slam","floor":11.0},{"not_picked":["Barricade","Bludgeon"],"picked":"Impervious","floor":12.0},{"not_picked":["Offering","Limit Break"],"picked":"Dark Embrace","floor":14.0},{"not_picked":["Feed","Berserk"],"picked":"Exhume","floor":16.0},{"not_picked":["Warcry","Headbutt+1"],"picked":"Feel No Pain","floor":18.0},{"not_picked":["Sword Boomerang","Warcry"],"picked":"Shrug It Off","floor":20.0},{"not_picked":["Dropkick","Bloodletting","Juggernaut"],"picked":"SKIP","floor":21.0},{"not_picked":["Reckless Charge","Spot Weakness","Perfected Strike"],"picked":"SKIP","floor":22.0},{"not_picked":["Bludgeon","Limit Break"],"picked":"Impervious","floor":23.0},{"not_picked":["Demon Form","Immolate","Feed"],"picked":"SKIP","floor":25},{"not_picked":["Pommel Strike","Searing Blow"],"picked":"Ghostly Armor+1","floor":28},{"not_picked":["Demon Form","Brutality","Feed"],"picked":"SKIP","floor":29},{"not_picked":["Warcry+1","Armaments+1"],"picked":"Second Wind+1","floor":30},{"not_picked":["Double Tap+1","Barricade"],"picked":"Exhume+1","floor":31},{"not_picked":["Reaper","Bludgeon"],"picked":"Exhume+1","floor":33},{"not_picked":["Pummel+1","Twin Strike"],"picked":"Entrench+1","floor":35},{"not_picked":["Jack Of All Trades+1","Forethought+1"],"picked":"Discovery+1","floor":36},{"not_picked":["Headbutt+1","Bloodletting+1"],"picked":"Battle Trance+1","floor":38},{"not_picked":["Limit Break+1","Bludgeon"],"picked":"Reaper","floor":40},{"not_picked":["Berserk","Limit Break+1"],"picked":"Exhume+1","floor":42},{"not_picked":["Berserk","Limit Break+1"],"picked":"Barricade","floor":44},{"not_picked":["Double Tap+1","Brutality","Berserk"],"picked":"SKIP","floor":45},{"not_picked":["Double Tap+1","Dark Embrace+1"],"picked":"Fiend Fire","floor":46},{"not_picked":["Dark Embrace+1","Feed"],"picked":"Offering+1","floor":47},{"not_picked":["Berserk+1","Bludgeon"],"picked":"Impervious+1","floor":55}],"player_experience":2060421,"relics_obtained":[{"floor":7.0,"key":"Dead Branch"},{"floor":9.0,"key":"Shovel"},{"floor":10.0,"key":"Meat on the Bone"},{"floor":12.0,"key":"Mercury Hourglass"},{"floor":13.0,"key":"Smiling Mask"},{"floor":14.0,"key":"Ice Cream"},{"floor":23.0,"key":"Old Coin"},{"floor":23.0,"key":"Toxic Egg 2"},{"floor":24.0,"key":"Whetstone"},{"floor":25,"key":"Tiny Chest"},{"floor":25,"key":"Bottled Lightning"},{"floor":26,"key":"Vajra"},{"floor":29,"key":"PreservedInsect"},{"floor":29,"key":"Bottled Tornado"},{"floor":31,"key":"Boot"},{"floor":31,"key":"WingedGreaves"},{"floor":32,"key":"Orichalcum"},{"floor":40,"key":"Art of War"},{"floor":40,"key":"Strawberry"},{"floor":41,"key":"Regal Pillow"},{"floor":42,"key":"Omamori"},{"floor":42,"key":"Anchor"},{"floor":44,"key":"Oddly Smooth Stone"},{"floor":44,"key":"Ginger"},{"floor":45,"key":"Frozen Egg 2"},{"floor":45,"key":"Pantograph"},{"floor":46,"key":"Mango"},{"floor":46,"key":"Lantern"},{"floor":47,"key":"Incense Burner"},{"floor":47,"key":"Bag of Preparation"},{"floor":48,"key":"War Paint"},{"floor":53,"key":"Letter Opener"},{"floor":55,"key":"Ornamental Fan"},{"floor":55,"key":"Gremlin Horn"}],"event_choices":[{"damage_healed":0.0,"max_hp_gain":0.0,"max_hp_loss":0.0,"gold_gain":0.0,"event_name":"Transmorgrifier","player_choice":"Ignored","floor":2.0,"gold_loss":0.0,"damage_taken":0.0},{"damage_healed":0.0,"max_hp_gain":5.0,"max_hp_loss":0.0,"gold_gain":0.0,"event_name":"Forgotten Altar","player_choice":"Shed Blood","floor":19.0,"gold_loss":0.0,"damage_taken":28.0},{"damage_healed":0,"gold_gain":0,"player_choice":"Memory 1","damage_taken":0,"max_hp_gain":0,"max_hp_loss":0,"event_name":"SensoryStone","floor":36,"gold_loss":0},{"damage_healed":0,"gold_gain":0,"player_choice":"Paid","damage_taken":0,"relics_obtained":["Red Mask"],"max_hp_gain":0,"max_hp_loss":0,"event_name":"Tomb of Lord Red Mask","floor":39,"gold_loss":82}],"is_beta":false,"boss_relics":[{"not_picked":["Runic Dome","Sozu"],"picked":"Black Star"},{"not_picked":["Cursed Key","Busted Crown"],"picked":"Fusion Hammer"}],"items_purged_floors":[27,37],"is_endless":false,"potions_floor_spawned":[1,3,7,14,22,28,29,30,31,33,38,45,47],"ascension_level":20}