{"gold_per_floor":[20,31,106,106,120,120,130,130,155,155,172,172,172],"floor_reached":13,"playtime":387,"items_purged":[],"score":150,"play_id":"e3efe04a-b09b-4df2-8969-dfdc137622f8","local_time":"20190407212144","is_ascension_mode":true,"campfire_choices":[{"data":"Deadly Poison","floor":6,"key":"SMITH"},{"data":"Noxious Fumes","floor":8,"key":"SMITH"},{"data":"Neutralize","floor":10,"key":"SMITH"}],"neow_cost":"NO_GOLD","seed_source_timestamp":35181255631599,"circlet_count":0,"master_deck":["AscendersBane","Defend_G","Defend_G","Defend_G","Defend_G","Strike_G","Strike_G","Strike_G","Strike_G","Survivor","Neutralize+1","Well Laid Plans","Tactician+1","Deadly Poison+1","Noxious Fumes+1"],"relics":["Ring of the Snake","Golden Idol"],"potions_floor_usage":[13],"damage_taken":[{"damage":4,"enemies":"Cultist","floor":1,"turns":6},{"damage":6,"enemies":"Jaw Worm","floor":2,"turns":8},{"damage":0,"enemies":"2 Louse","floor":5,"turns":3},{"damage":0,"enemies":"Blue Slaver","floor":7,"turns":4},{"damage":14,"enemies":"Exordium Wildlife","floor":11,"turns":5},{"damage":22,"enemies":"3 Sentries","floor":13,"turns":4}],"seed_played":"-1898570452353491098","potions_obtained":[{"floor":2,"key":"Dexterity Potion"},{"floor":5,"key":"Poison Potion"}],"is_trial":false,"path_per_floor":["M","M","?","?","M","R","M","R","T","R","M","?","E"],"character_chosen":"THE_SILENT","items_purchased":[],"campfire_rested":0,"item_purchase_floors":[],"current_hp_per_floor":[55,49,38,38,38,38,38,38,38,38,24,24,2],"gold":172,"neow_bonus":"REMOVE_TWO","is_prod":false,"is_daily":false,"chose_seed":false,"campfire_upgraded":3,"win_rate":0,"timestamp":1554643304,"path_taken":["M","M","?","?","?","R","M","R","T","R","M","?","E"],"build_version":"2019-04-04","purchased_purges":0,"victory":false,"max_hp_per_floor":[66,66,66,66,66,66,66,66,66,66,66,60,60],"card_choices":[{"not_picked":["Deflect","Crippling Poison"],"picked":"Well Laid Plans","floor":1},{"not_picked":["PiercingWail","Expertise"],"picked":"Tactician","floor":2},{"not_picked":["Well Laid Plans","Sucker Punch"],"picked":"Deadly Poison","floor":5},{"not_picked":["Dodge and Roll","Crippling Poison"],"picked":"Noxious Fumes","floor":7},{"not_picked":["Noxious Fumes","Choke","Concentrate"],"picked":"SKIP","floor":11},{"not_picked":["Noxious Fumes","Choke","Concentrate"],"picked":"SKIP","floor":11}],"player_experience":1351034,"relics_obtained":[],"event_choices":[{"damage_healed":0,"gold_gain":75,"player_choice":"Gather Gold","damage_taken":11,"max_hp_gain":0,"max_hp_loss":0,"event_name":"World of Goop","floor":3,"gold_loss":0},{"damage_healed":0,"gold_gain":0,"player_choice":"Forge","damage_taken":0,"max_hp_gain":0,"max_hp_loss":0,"event_name":"Accursed Blacksmith","floor":4,"gold_loss":0,"cards_upgraded":["Tactician"]},{"damage_healed":0,"gold_gain":0,"player_choice":"Lose Max HP","damage_taken":0,"relics_obtained":["Golden Idol"],"max_hp_gain":0,"max_hp_loss":6,"event_name":"Golden Idol","floor":12,"gold_loss":0}],"is_beta":true,"boss_relics":[],"items_purged_floors":[],"is_endless":false,"potions_floor_spawned":[2,5,7],"killed_by":"3 Sentries","ascension_level":20}