{"gold_per_floor":[112,132,132,132,157,157,181,221,221,240,240],"floor_reached":11,"playtime":366,"items_purged":[],"score":131,"play_id":"1321c167-2500-47bc-9863-0279e3b8f237","local_time":"20181021213349","is_ascension_mode":true,"campfire_choices":[{"data":"Defragment","floor":6.0,"key":"SMITH"}],"neow_cost":"TEN_PERCENT_HP_LOSS","seed_source_timestamp":51052656079995,"circlet_count":0,"master_deck":["Strike_B","Strike_B","Strike_B","Strike_B","Defend_B","Defend_B","Defend_B","Defend_B","Zap+1","Dualcast","AscendersBane","All For One","Ball Lightning","Defragment+1","Coolheaded","Conserve Battery","Core Surge+1"],"special_seed":0,"relics":["Cracked Core","Golden Idol","Molten Egg 2","Bottled Tornado"],"potions_floor_usage":[8,11],"damage_taken":[{"damage":2.0,"enemies":"Jaw Worm","floor":1.0,"turns":4.0},{"damage":1.0,"enemies":"Cultist","floor":2.0,"turns":3.0},{"damage":0.0,"enemies":"Small Slimes","floor":5.0,"turns":2.0},{"damage":17,"enemies":"3 Louse","floor":7,"turns":3},{"damage":22,"enemies":"3 Sentries","floor":8,"turns":7},{"damage":7,"enemies":"Blue Slaver","floor":10,"turns":4},{"damage":17,"enemies":"Gremlin Gang","floor":11,"turns":2}],"seed_played":"-2430875735463938751","potions_obtained":[{"floor":1.0,"key":"SteroidPotion"},{"floor":5.0,"key":"Regen Potion"},{"floor":10,"key":"Dexterity Potion"}],"is_trial":false,"path_per_floor":["M","M","?","?","M","R","M","E","T","M"],"character_chosen":"DEFECT","items_purchased":[],"campfire_rested":0,"item_purchase_floors":[],"current_hp_per_floor":[62,61,61,39,39,39,22,15,15,8,0],"gold":240,"neow_bonus":"THREE_RARE_CARDS","is_prod":false,"is_daily":false,"chose_seed":false,"campfire_upgraded":1,"win_rate":0,"timestamp":1540182829,"path_taken":["M","M","?","?","?","R","M","E","T","M","M"],"build_version":"2018-10-18","purchased_purges":0,"victory":false,"max_hp_per_floor":[64,64,64,64,64,64,64,64,64,64,64],"card_choices":[{"not_picked":["Thunder Strike","Meteor Strike"],"picked":"All For One","floor":0.0},{"not_picked":["Consume","Auto Shields","Force Field"],"picked":"SKIP","floor":1.0},{"not_picked":["Barrage","Coolheaded"],"picked":"Ball Lightning","floor":2.0},{"not_picked":["Self Repair","Compile Driver"],"picked":"Defragment","floor":5.0},{"not_picked":["Streamline","Compile Driver"],"picked":"Coolheaded","floor":7},{"not_picked":["Reinforced Body","Barrage"],"picked":"Conserve Battery","floor":8},{"not_picked":["Scrape+1","Steam Power"],"picked":"Core Surge+1","floor":10}],"player_experience":1414742,"relics_obtained":[{"floor":8,"key":"Molten Egg 2"},{"floor":9,"key":"Bottled Tornado"}],"event_choices":[{"damage_healed":0.0,"max_hp_gain":0.0,"max_hp_loss":0.0,"gold_gain":0.0,"event_name":"Upgrade Shrine","player_choice":"Upgraded","floor":3.0,"gold_loss":0.0,"damage_taken":0.0,"cards_upgraded":["Zap"]},{"damage_healed":0.0,"max_hp_gain":0.0,"max_hp_loss":0.0,"gold_gain":0.0,"event_name":"Golden Idol","player_choice":"Take Damage","floor":4.0,"gold_loss":0.0,"damage_taken":22.0,"relics_obtained":["Golden Idol"]}],"is_beta":false,"boss_relics":[],"items_purged_floors":[],"is_endless":false,"potions_floor_spawned":[1,5,10],"killed_by":"Gremlin Gang","ascension_level":15}