{"gold_per_floor":[16,33,44,62,62,62,126,126,150,168,202,202,213,247,247,323,323,233,233,78,78,78,78,78,78,78,78,78,78,78,78,78,78,78,78,78,40,40,40,40,40,40,40,40,40,40,40,40,40,40],"floor_reached":51,"playtime":3076,"items_purged":[],"score":1300,"play_id":"c2cec9f8-eb57-41cd-a5ae-2d7cbd9f1a43","local_time":"20180801151343","is_ascension_mode":true,"campfire_choices":[{"data":"Inflame","floor":6.0,"key":"SMITH"},{"data":"Bash","floor":8.0,"key":"SMITH"},{"data":"Demon Form","floor":15.0,"key":"SMITH"},{"floor":23.0,"key":"REST"},{"floor":25.0,"key":"REST"},{"data":"True Grit","floor":27.0,"key":"SMITH"},{"floor":32.0,"key":"REST"},{"floor":40.0,"key":"REST"},{"floor":42.0,"key":"REST"},{"floor":49,"key":"REST"}],"neow_cost":"NO_GOLD","seed_source_timestamp":24982193126297,"circlet_count":0,"master_deck":["Strike_R","Strike_R","Strike_R+1","Strike_R+1","Defend_R","Defend_R","Defend_R","Defend_R","Bash+1","AscendersBane","Feed","Flame Barrier","Anger","Inflame+1","Headbutt","Metallicize","Demon Form+1","Body Slam+1","Power Through","Seeing Red","Heavy Blade+1","True Grit+1","Exhume","Impervious","Shrug It Off+1","Shockwave","Headbutt+1","Heavy Blade+1","True Grit+1","Entrench+1","Sword Boomerang+1"],"special_seed":0,"relics":["Burning Blood","Strawberry","Juzu Bracelet","Whetstone","Pen Nib","Molten Egg 2","Charon\u0027s Ashes","Ectoplasm","GremlinMask","Nunchaku","Dream Catcher","Bottled Lightning","Paper Frog","Sozu","Toxic Egg 2","Bottled Flame"],"potions_floor_usage":[44],"damage_taken":[{"damage":3.0,"enemies":"2 Louse","floor":1.0,"turns":3.0},{"damage":12.0,"enemies":"Jaw Worm","floor":2.0,"turns":4.0},{"damage":12.0,"enemies":"Small Slimes","floor":3.0,"turns":3.0},{"damage":12.0,"enemies":"Looter","floor":4.0,"turns":3.0},{"damage":28.0,"enemies":"Lagavulin Event","floor":7.0,"turns":5.0},{"damage":5.0,"enemies":"3 Louse","floor":10.0,"turns":4.0},{"damage":8.0,"enemies":"Gremlin Nob","floor":11.0,"turns":3.0},{"damage":0.0,"enemies":"Large Slime","floor":13.0,"turns":6.0},{"damage":19.0,"enemies":"Lagavulin","floor":14.0,"turns":7.0},{"damage":39.0,"enemies":"Hexaghost","floor":16.0,"turns":8.0},{"damage":26.0,"enemies":"2 Thieves","floor":18.0,"turns":5.0},{"damage":27.0,"enemies":"Spheric Guardian","floor":21.0,"turns":4.0},{"damage":22.0,"enemies":"Slavers","floor":24.0,"turns":4.0},{"damage":7.0,"enemies":"Cultist and Chosen","floor":29.0,"turns":6.0},{"damage":55.0,"enemies":"Gremlin Leader","floor":30.0,"turns":5.0},{"damage":57.0,"enemies":"Automaton","floor":33.0,"turns":6.0},{"damage":23.0,"enemies":"3 Shapes","floor":35.0,"turns":5.0},{"damage":46.0,"enemies":"3 Darklings","floor":36.0,"turns":4.0},{"damage":18.0,"enemies":"Transient","floor":41.0,"turns":5.0},{"damage":37,"enemies":"2 Orb Walkers","floor":44,"turns":5},{"damage":12,"enemies":"Spire Growth","floor":45,"turns":4},{"damage":9,"enemies":"Flame Bruiser 2 Orb","floor":47,"turns":7},{"damage":0,"enemies":"Sphere and 2 Shapes","floor":48,"turns":4},{"damage":74,"enemies":"Donu and Deca","floor":50,"turns":8}],"seed_played":"3580625404266867530","potions_obtained":[{"floor":1.0,"key":"Fire Potion"},{"floor":3.0,"key":"FearPotion"},{"floor":11.0,"key":"Swift Potion"},{"floor":16.0,"key":"Explosive Potion"},{"floor":21.0,"key":"Explosive Potion"},{"floor":30.0,"key":"Poison Potion"}],"is_trial":false,"path_per_floor":["M","M","M","M","?","R","?","R","T","M","E","T","M","E","R","B",null,"M","?","$","M","?","R","E","R","T","R","?","M","E","T","R","B",null,"M","M","$","$","?","R","M","R","T","E","M","?","M","M","R","B"],"character_chosen":"IRONCLAD","items_purchased":["Power Through","Seeing Red","Shockwave"],"campfire_rested":6,"item_purchase_floors":[20,20,37],"current_hp_per_floor":[74,71,68,65,61,61,42,42,42,46,44,44,53,43,43,10,82,65,65,65,44,44,76,63,96,96,96,96,95,46,46,79,28,91,77,37,37,37,37,71,59,93,93,65,59,59,56,68,105,37],"gold":40,"neow_bonus":"THREE_RARE_CARDS","is_prod":false,"is_daily":false,"chose_seed":false,"campfire_upgraded":4,"win_rate":0,"timestamp":1533161623,"path_taken":["M","M","M","M","?","R","?","R","T","M","E","?","M","E","R","BOSS","M","?","$","M","?","R","E","R","T","R","?","M","E","?","R","BOSS","M","M","?","$","?","R","M","R","T","E","M","?","M","M","R","BOSS"],"build_version":"2018-07-26","purchased_purges":0,"victory":true,"max_hp_per_floor":[78,81,84,87,94,94,97,97,97,100,100,100,103,106,106,106,106,109,109,109,109,109,109,112,112,112,112,112,112,112,112,112,112,112,115,115,115,115,115,115,115,115,115,118,118,118,118,124,124,124],"card_choices":[{"not_picked":["Juggernaut","Barricade"],"picked":"Feed","floor":0.0},{"not_picked":["Rupture","Feel No Pain"],"picked":"Flame Barrier","floor":1.0},{"not_picked":["Perfected Strike","Body Slam"],"picked":"Anger","floor":2.0},{"not_picked":["Body Slam","Clothesline","Warcry"],"picked":"SKIP","floor":3.0},{"not_picked":["Perfected Strike","Flex"],"picked":"Inflame","floor":4.0},{"not_picked":["Reckless Charge","Armaments"],"picked":"Headbutt","floor":7.0},{"not_picked":["Flame Barrier","Flex"],"picked":"Metallicize","floor":10.0},{"not_picked":["Carnage","Blood for Blood","Perfected Strike"],"picked":"SKIP","floor":11.0},{"not_picked":["Reckless Charge+1","Cleave+1"],"picked":"Demon Form","floor":13.0},{"not_picked":["Pommel Strike+1","Warcry"],"picked":"Intimidate","floor":14.0},{"not_picked":["Armaments","Flex"],"picked":"Body Slam+1","floor":18.0},{"not_picked":["Fire Breathing","Havoc+1"],"picked":"Heavy Blade+1","floor":21.0},{"not_picked":["Burning Pact","Seeing Red"],"picked":"True Grit","floor":24.0},{"not_picked":["True Grit","Anger+1","Clash+1"],"picked":"SKIP","floor":29.0},{"not_picked":["Brutality","Intimidate","Anger+1"],"picked":"SKIP","floor":30.0},{"not_picked":["Immolate+1","Double Tap"],"picked":"Impervious","floor":33.0},{"not_picked":["Feel No Pain","Pommel Strike+1"],"picked":"Shrug It Off+1","floor":35.0},{"not_picked":["True Grit","Reckless Charge+1","Flex"],"picked":"SKIP","floor":36.0},{"not_picked":["Anger+1","Flex"],"picked":"Headbutt+1","floor":40.0},{"not_picked":["Sentinel+1","Perfected Strike+1"],"picked":"Heavy Blade+1","floor":41.0},{"not_picked":["Immolate+1","Anger+1","Flex+1"],"picked":"SKIP","floor":44},{"not_picked":["Anger+1","Sentinel+1","Cleave+1"],"picked":"SKIP","floor":45},{"not_picked":["Body Slam+1","Clothesline+1"],"picked":"True Grit+1","floor":47},{"not_picked":["Dropkick+1","Second Wind+1"],"picked":"Entrench+1","floor":48},{"not_picked":["Iron Wave+1","Twin Strike+1"],"picked":"Sword Boomerang+1","floor":49}],"player_experience":964068,"relics_obtained":[{"floor":7.0,"key":"Juzu Bracelet"},{"floor":9.0,"key":"Whetstone"},{"floor":11.0,"key":"Pen Nib"},{"floor":12.0,"key":"Molten Egg 2"},{"floor":14.0,"key":"Charon\u0027s Ashes"},{"floor":24.0,"key":"Nunchaku"},{"floor":26.0,"key":"Dream Catcher"},{"floor":30.0,"key":"Bottled Lightning"},{"floor":31.0,"key":"Paper Frog"},{"floor":43.0,"key":"Toxic Egg 2"},{"floor":44,"key":"Bottled Flame"}],"event_choices":[{"event_name":"Scrap Ooze","player_choice":"success","floor":5.0,"damage_taken":11.0},{"event_name":"Dead Adventurer","player_choice":"Searched \u00271\u0027 times","floor":7.0,"damage_taken":0.0},{"event_name":"FaceTrader","player_choice":"Trade","floor":19.0,"damage_taken":0.0},{"event_name":"Drug Dealer","player_choice":"Ignored","floor":22.0,"damage_taken":0.0},{"event_name":"Transmorgrifier","player_choice":"Transform","floor":28.0,"damage_taken":0.0},{"event_name":"The Lab","player_choice":"Got Potions","floor":39.0,"damage_taken":0.0},{"event_name":"Falling","player_choice":"Removed Skill","floor":46,"damage_taken":0}],"is_beta":false,"boss_relics":[{"not_picked":["Calling Bell","Lizard Tail"],"picked":"Ectoplasm"},{"not_picked":["Orrery","Coffee Dripper"],"picked":"Sozu"}],"items_purged_floors":[],"is_endless":false,"potions_floor_spawned":[1,3,4,11,16,21,30,36,41],"ascension_level":15}