{"gold_per_floor":[110,123,123,138,63,98,98,112,112,112,136,172,188,207,207,296,296,309,137,155,155,155,155,155,168,195,195,214,33,47,66,66,138,138,149,168,168,168,186,220,232,248,248,248,150,150,163,175,175,175],"floor_reached":51,"playtime":3425,"items_purged":["Strike_B","Defend_B"],"score":1247,"play_id":"f6390140-d45f-4828-a345-4c0e7f660b5f","local_time":"20180628205146","is_ascension_mode":true,"campfire_choices":[{"data":"Zap","floor":7,"key":"SMITH"},{"floor":10,"key":"REST"},{"floor":15,"key":"REST"},{"data":"Self Repair","floor":23,"key":"SMITH"},{"data":"Hologram","floor":32,"key":"SMITH"},{"data":"Reinforced Body","floor":44,"key":"SMITH"},{"data":"Creative AI","floor":46,"key":"SMITH"},{"floor":49,"key":"REST"}],"neow_cost":"NONE","seed_source_timestamp":46170514499561,"circlet_count":0,"master_deck":["Defend_B+1","Defend_B+1","Zap+1","Dualcast+1","AscendersBane","Conserve Battery","Ball Lightning","Ball Lightning","Ball Lightning","Streamline","Cold Snap","Creative AI+1","Coolheaded","Amplify+1","Buffer+1","Reboot+1","Storm","Self Repair+1","Leap","Leap+1","Glacier","Electrodynamics","Leap","Hologram+1","Go for the Eyes","Biased Cognition","Hologram+1","Cold Snap","Creative AI+1","Defragment+1","Stack+1","Leap","Reinforced Body+1","Dark Shackles","Storm","Turbo+1"],"relics":["Cracked Core","Bloody Idol","Mummified Hand","Ornamental Fan","Odd Mushroom","Astrolabe","Omamori","Sozu","Calipers","War Paint","Symbiotic Virus"],"potions_floor_usage":[50,50],"damage_taken":[{"damage":1,"enemies":"Small Slimes","floor":1,"turns":3},{"damage":0,"enemies":"2 Louse","floor":2,"turns":3},{"damage":0,"enemies":"Jaw Worm","floor":4,"turns":3},{"damage":20,"enemies":"Lagavulin","floor":6,"turns":5},{"damage":11,"enemies":"Lots of Slimes","floor":8,"turns":3},{"damage":6,"enemies":"Blue Slaver","floor":11,"turns":3},{"damage":13,"floor":12,"turns":3},{"damage":0,"enemies":"Large Slime","floor":13,"turns":3},{"damage":2,"enemies":"Exordium Wildlife","floor":14,"turns":3},{"damage":22,"enemies":"Hexaghost","floor":16,"turns":9},{"damage":11,"enemies":"Spheric Guardian","floor":18,"turns":6},{"damage":9,"enemies":"3 Byrds","floor":20,"turns":4},{"damage":38,"enemies":"Snake Plant","floor":25,"turns":4},{"damage":6,"enemies":"Snecko","floor":28,"turns":5},{"damage":8,"enemies":"3 Cultists","floor":30,"turns":4},{"damage":10,"enemies":"Snake Plant","floor":31,"turns":4},{"damage":0,"enemies":"Automaton","floor":33,"turns":7},{"damage":0,"enemies":"Orb Walker","floor":35,"turns":3},{"damage":0,"enemies":"3 Shapes","floor":36,"turns":1},{"damage":0,"floor":38,"turns":4},{"damage":3,"enemies":"Maw","floor":39,"turns":6},{"damage":0,"enemies":"Nemesis","floor":40,"turns":7},{"damage":4,"enemies":"Sphere and 2 Shapes","floor":41,"turns":6},{"damage":4,"enemies":"4 Shapes","floor":42,"turns":3},{"damage":0,"enemies":"Maw","floor":47,"turns":7},{"damage":27,"enemies":"3 Darklings","floor":48,"turns":4},{"damage":29,"enemies":"Time Eater","floor":50,"turns":8}],"seed_played":"-6800398208163235264","potions_obtained":[{"floor":4,"key":"Ancient Potion"},{"floor":11,"key":"EssenceOfSteel"},{"floor":14,"key":"LiquidBronze"}],"is_trial":false,"path_per_floor":["M","M","?","M","$","E","R","M","T","R","M","?","M","M","R","B",null,"M","$","M","?","?","R","?","M","T","?","M","$","M","M","R","B",null,"M","M","?","?","M","E","M","M","T","R","$","R","M","M","R","B"],"character_chosen":"DEFECT","items_purchased":["Self Repair","Electrodynamics","Leap","Dark Shackles"],"campfire_rested":3,"item_purchase_floors":[19,29,29,45],"current_hp_per_floor":[67,67,49,49,49,29,29,18,18,40,34,21,21,19,41,19,61,50,50,55,55,55,55,55,32,37,37,56,56,53,68,68,73,75,75,75,75,75,75,75,75,75,75,75,75,75,75,63,75,56],"gold":175,"neow_bonus":"UPGRADE_CARD","is_prod":false,"is_daily":false,"chose_seed":false,"campfire_upgraded":5,"win_rate":0,"timestamp":1530244306,"path_taken":["M","M","?","M","$","E","R","M","T","R","?","?","M","M","R","BOSS","M","$","M","?","?","R","?","M","T","?","?","?","M","M","R","BOSS","M","M","?","?","?","E","M","M","T","R","$","R","M","M","R","BOSS"],"build_version":"2018-06-28","purchased_purges":2,"victory":true,"max_hp_per_floor":[75,75,75,75,75,75,75,75,75,75,75,75,75,75,75,75,75,75,75,75,75,75,75,75,75,75,75,75,75,75,75,75,75,75,75,75,75,75,75,75,75,75,75,75,75,75,75,75,75,75],"card_choices":[{"not_picked":["Compile Driver","Steam"],"picked":"Conserve Battery","floor":1},{"not_picked":["Aggregate","Streamline"],"picked":"Ball Lightning","floor":2},{"not_picked":["Compile Driver","Turbo"],"picked":"Ball Lightning","floor":4},{"not_picked":["Turbo","Redo"],"picked":"Ball Lightning","floor":6},{"not_picked":["Compile Driver","Double Energy"],"picked":"Streamline","floor":8},{"not_picked":["Chill","Heatsinks"],"picked":"Cold Snap","floor":11},{"not_picked":["Hologram","Turbo"],"picked":"Creative AI","floor":12},{"not_picked":["Redo","Gash","Recycle"],"picked":"SKIP","floor":13},{"not_picked":["Aggregate","Streamline"],"picked":"Coolheaded","floor":14},{"not_picked":["Meteor Strike","Rainbow"],"picked":"Reboot","floor":16},{"not_picked":["Doom and Gloom","Barrage"],"picked":"Storm","floor":18},{"not_picked":["Beam Cell","Skim"],"picked":"Leap","floor":20},{"not_picked":["Stack","Scrape+1"],"picked":"Leap","floor":25},{"not_picked":["Darkness","Doom and Gloom+1"],"picked":"Glacier","floor":28},{"not_picked":["Scrape","Coolheaded"],"picked":"Hologram","floor":30},{"not_picked":["Glacier","Stack"],"picked":"Go for the Eyes","floor":31},{"not_picked":["Seek","Fission"],"picked":"Biased Cognition","floor":33},{"not_picked":["Double Energy+1","Gash"],"picked":"Hologram","floor":35},{"not_picked":["Self Repair+1","Sweeping Beam+1"],"picked":"Cold Snap","floor":36},{"not_picked":["Gash","Cold Snap"],"picked":"Defragment+1","floor":38},{"not_picked":["Sweeping Beam","Go for the Eyes","Loop"],"picked":"SKIP","floor":39},{"not_picked":["Fusion+1","Fission"],"picked":"Stack+1","floor":40},{"not_picked":["Go for the Eyes","Sweeping Beam"],"picked":"Leap","floor":41},{"not_picked":["Double Energy+1","Reprogram"],"picked":"Reinforced Body","floor":42},{"not_picked":["Conserve Battery+1","Hologram"],"picked":"Storm","floor":47},{"not_picked":["Leap","Melter"],"picked":"Turbo+1","floor":48}],"player_experience":615538,"relics_obtained":[{"floor":6,"key":"Mummified Hand"},{"floor":9,"key":"Ornamental Fan"},{"floor":12,"key":"Odd Mushroom"},{"floor":26,"key":"Omamori"},{"floor":38,"key":"Calipers"},{"floor":40,"key":"War Paint"},{"floor":43,"key":"Symbiotic Virus"}],"event_choices":[{"event_name":"Golden Idol","player_choice":"Take Damage","floor":3,"damage_taken":0},{"event_name":"Mushrooms","player_choice":"Fought Mushrooms","floor":12,"damage_taken":0},{"event_name":"Purifier","player_choice":"One Purge","floor":21,"damage_taken":0},{"event_name":"Upgrade Shrine","player_choice":"Upgraded","floor":22,"damage_taken":0},{"event_name":"Forgotten Altar","player_choice":"Gave Idol","floor":24,"damage_taken":0},{"event_name":"Back to Basics","player_choice":"Simplicity","floor":27,"damage_taken":0},{"event_name":"Transmorgrifier","player_choice":"Transform","floor":37,"damage_taken":0},{"event_name":"MindBloom","player_choice":"Fight","floor":38,"damage_taken":0}],"boss_relics":[{"not_picked":["Cursed Key","Runic Pyramid"],"picked":"Astrolabe"},{"not_picked":["Coffee Dripper","Pandora\u0027s Box"],"picked":"Sozu"}],"items_purged_floors":[5,19],"is_endless":false,"potions_floor_spawned":[4,11,14,18,35,39,40,48],"ascension_level":13}