{"gold_per_floor":[111,111,111,61,75,75,118,218,270,270,295,295,319,319,319,447,447,462,462,165,165,16,60,80,37,37,37,56,56,69,94,94,94],"floor_reached":33,"playtime":1060,"items_purged":["Strike_B"],"score":381,"play_id":"eb48ffdc-c2d0-4331-b2cf-e3c369086ae4","local_time":"25611130202133","is_ascension_mode":true,"campfire_choices":[{"data":"Gash","floor":6.0,"key":"SMITH"},{"floor":10.0,"key":"REST"},{"data":"Cold Snap","floor":12.0,"key":"SMITH"},{"floor":15.0,"key":"REST"},{"floor":27.0,"key":"REST"},{"floor":29.0,"key":"REST"},{"floor":32,"key":"REST"}],"neow_cost":"NONE","seed_source_timestamp":20280428932636,"circlet_count":0,"master_deck":["Strike_B","Strike_B+1","Strike_B","Defend_B","Defend_B","Defend_B+1","Defend_B","Zap","Dualcast","Gash+1","Steam","Leap","Cold Snap+1","All For One","Streamline+1","Defragment","Static Discharge","Self Repair","Capacitor","Steam","Auto Shields","Hologram+1"],"special_seed":0,"relics":["White Beast Statue","Golden Idol","The Courier","DataDisk","Philosopher\u0027s Stone","Blood Vial","Bronze Scales","Incense Burner"],"potions_floor_usage":[31,33,33],"damage_taken":[{"damage":0.0,"enemies":"Small Slimes","floor":1.0,"turns":4.0},{"damage":7.0,"enemies":"2 Louse","floor":5.0,"turns":3.0},{"damage":41.0,"enemies":"Lagavulin","floor":7.0,"turns":8.0},{"damage":0.0,"enemies":"Cultist","floor":11.0,"turns":4.0},{"damage":21.0,"enemies":"Large Slime","floor":13.0,"turns":8.0},{"damage":29.0,"enemies":"The Guardian","floor":16.0,"turns":14.0},{"damage":9.0,"enemies":"Spheric Guardian","floor":18.0,"turns":4.0},{"damage":16.0,"enemies":"Book of Stabbing","floor":23.0,"turns":4.0},{"damage":25.0,"enemies":"2 Thieves","floor":24.0,"turns":4.0},{"damage":27.0,"enemies":"Snake Plant","floor":28.0,"turns":4.0},{"damage":10,"enemies":"Snecko","floor":30,"turns":5},{"damage":27,"enemies":"3 Cultists","floor":31,"turns":6},{"damage":71,"enemies":"Automaton","floor":33,"turns":6}],"seed_played":"-1405329702632108887","potions_obtained":[{"floor":1.0,"key":"SteroidPotion"},{"floor":5.0,"key":"EssenceOfSteel"},{"floor":7.0,"key":"EssenceOfSteel"},{"floor":11.0,"key":"Dexterity Potion"},{"floor":16.0,"key":"Swift Potion"},{"floor":18.0,"key":"PowerPotion"},{"floor":23.0,"key":"Ancient Potion"},{"floor":24.0,"key":"AttackPotion"},{"floor":28.0,"key":"SkillPotion"},{"floor":30,"key":"SkillPotion"},{"floor":31,"key":"AttackPotion"}],"is_trial":false,"path_per_floor":["M","?","?","?","M","R","E","?","T","R","M","R","M","?","R","B",null,"M","?","$","?","$","E","M","$","T","R","M","R","M","M","R","B"],"character_chosen":"DEFECT","items_purchased":["Blood Vial","Defragment","FocusPotion","Bronze Scales","Static Discharge","Steam"],"campfire_rested":5,"item_purchase_floors":[20,20,20,22,22,25],"current_hp_per_floor":[68,68,73,73,66,66,25,25,25,49,49,49,28,12,36,7,62,53,53,53,45,45,31,15,15,15,39,21,45,44,26,50,0],"gold":94,"neow_bonus":"BOSS_RELIC","is_prod":false,"is_daily":false,"chose_seed":false,"campfire_upgraded":2,"win_rate":0,"timestamp":1543584093,"path_taken":["M","?","?","?","M","R","E","?","T","R","?","R","M","?","R","BOSS","M","?","$","?","$","E","M","$","T","R","M","R","M","?","R","BOSS"],"build_version":"2018-11-15","purchased_purges":1,"victory":false,"max_hp_per_floor":[75,75,80,80,80,80,80,80,80,80,80,80,80,80,80,80,80,80,80,80,80,80,80,80,80,80,80,80,80,80,80,80,80],"card_choices":[{"not_picked":["Scrape","Glacier"],"picked":"Gash","floor":1.0},{"not_picked":["Stack","Barrage"],"picked":"Steam","floor":5.0},{"not_picked":["Force Field","Loop"],"picked":"Leap","floor":7.0},{"not_picked":["Coolheaded","Genetic Algorithm"],"picked":"Cold Snap","floor":11.0},{"not_picked":["Darkness","Reboot","Stack"],"picked":"SKIP","floor":13.0},{"not_picked":["Rainbow","Reboot"],"picked":"All For One","floor":16.0},{"not_picked":["Coolheaded","Double Energy+1"],"picked":"Streamline+1","floor":18.0},{"not_picked":["Reinforced Body","Sweeping Beam+1"],"picked":"Self Repair","floor":23.0},{"not_picked":["Barrage","Beam Cell"],"picked":"Capacitor","floor":24.0},{"not_picked":["Hologram","Ball Lightning"],"picked":"Auto Shields","floor":28.0},{"not_picked":["Sweeping Beam","Rip and Tear"],"picked":"Hologram+1","floor":30},{"not_picked":["Aggregate","Capacitor","Barrage"],"picked":"SKIP","floor":31}],"player_experience":195825,"relics_obtained":[{"floor":7.0,"key":"The Courier"},{"floor":9.0,"key":"DataDisk"},{"floor":23.0,"key":"Incense Burner"}],"event_choices":[{"damage_healed":0.0,"max_hp_gain":0.0,"max_hp_loss":0.0,"gold_gain":0.0,"event_name":"Golden Idol","player_choice":"Take Wound","floor":2.0,"gold_loss":0.0,"damage_taken":0.0,"relics_obtained":["Golden Idol"],"cards_obtained":["Injury"]},{"damage_healed":0.0,"max_hp_gain":5.0,"max_hp_loss":0.0,"gold_gain":0.0,"event_name":"Big Fish","player_choice":"Donut","floor":3.0,"gold_loss":0.0,"damage_taken":0.0},{"cards_removed":["Injury"],"damage_healed":0.0,"max_hp_gain":0.0,"max_hp_loss":0.0,"gold_gain":0.0,"event_name":"The Cleric","player_choice":"Card Removal","floor":4.0,"gold_loss":50.0,"damage_taken":0.0},{"damage_healed":0.0,"max_hp_gain":0.0,"max_hp_loss":0.0,"gold_gain":100.0,"event_name":"Wheel of Change","player_choice":"Gold","floor":8.0,"gold_loss":0.0,"damage_taken":0.0},{"damage_healed":0.0,"max_hp_gain":0.0,"max_hp_loss":0.0,"gold_gain":0.0,"event_name":"Shining Light","player_choice":"Entered Light","floor":14.0,"gold_loss":0.0,"damage_taken":16.0,"cards_upgraded":["Strike_B","Defend_B"]},{"damage_healed":0.0,"max_hp_gain":0.0,"max_hp_loss":0.0,"gold_gain":0.0,"event_name":"Vampires","player_choice":"Ignored","floor":19.0,"gold_loss":0.0,"damage_taken":0.0},{"damage_healed":0.0,"max_hp_gain":0.0,"max_hp_loss":0.0,"gold_gain":0.0,"event_name":"Knowing Skull","player_choice":"","floor":21.0,"potions_obtained":[],"gold_loss":0.0,"damage_taken":8.0,"cards_obtained":[]}],"is_beta":false,"boss_relics":[{"not_picked":["Calling Bell","Runic Pyramid"],"picked":"Philosopher\u0027s Stone"}],"items_purged_floors":[20],"is_endless":false,"potions_floor_spawned":[1,5,7,11,13,16,18,23,24,28,30,31],"killed_by":"Automaton","ascension_level":9}