{"gold_per_floor":[19,29,104,123,123,123,137,180,226,226,226,260,260,274,274,367,367,391,391,341,98,116,116,116,146,191,100,100,119,148,168,168,246,246,260,270,270,127,146,146,175,175,175,210,210,227,244,263,263,263],"floor_reached":51,"playtime":2064,"items_purged":[],"score":1328,"play_id":"390009b9-9e08-4caf-9273-9731488b956e","local_time":"20190209124359","is_ascension_mode":true,"campfire_choices":[{"data":"Zap","floor":6,"key":"SMITH"},{"data":"Dualcast","floor":10,"key":"SMITH"},{"floor":15,"key":"REST"},{"data":"Consume","floor":23,"key":"SMITH"},{"data":"Defragment","floor":28,"key":"SMITH"},{"data":"Loop","floor":32,"key":"SMITH"},{"data":"Storm","floor":40,"key":"SMITH"},{"data":"Creative AI","floor":42,"key":"SMITH"},{"data":"Coolheaded","floor":45,"key":"SMITH"},{"data":"Fission","floor":49,"key":"SMITH"}],"neow_cost":"NO_GOLD","seed_source_timestamp":102395825461386,"circlet_count":0,"master_deck":["AscendersBane","Dualcast+1","Seek","Compile Driver","Conserve Battery","Sweeping Beam","Gash+1","Gash+1","Chill","Consume+1","Loop+1","Streamline+1","Capacitor+1","Self Repair+1","Steam","Cold Snap+1","Go for the Eyes+1","Cold Snap+1","Defragment+1","Coolheaded+1","Doom and Gloom+1","Machine Learning","FTL+1","Electrodynamics","Core Surge+1","Lockon+1","Static Discharge+1","Gash+1","Storm+1","Glacier","Creative AI+1","Defragment+1","Fission+1"],"relics":["Cracked Core","Bloody Idol","Molten Egg 2","DataDisk","Oddly Smooth Stone","Happy Flower","Pandora\u0027s Box","PreservedInsect","Ginger","Anchor","Blue Candle","Astrolabe","Dodecahedron","Gremlin Horn","Bird Faced Urn"],"potions_floor_usage":[8,16,25,30,50,50],"damage_taken":[{"damage":0,"enemies":"Cultist","floor":1,"turns":3},{"damage":2,"enemies":"Jaw Worm","floor":2,"turns":3},{"damage":5,"enemies":"Small Slimes","floor":4,"turns":3},{"damage":2,"enemies":"2 Fungi Beasts","floor":7,"turns":3},{"damage":20,"enemies":"Gremlin Nob","floor":8,"turns":4},{"damage":6,"enemies":"3 Sentries","floor":12,"turns":6},{"damage":0,"enemies":"Blue Slaver","floor":14,"turns":3},{"damage":9,"enemies":"Hexaghost","floor":16,"turns":9},{"damage":17,"enemies":"2 Thieves","floor":18,"turns":3},{"damage":4,"enemies":"Spheric Guardian","floor":22,"turns":4},{"damage":21,"enemies":"Book of Stabbing","floor":25,"turns":5},{"damage":0,"enemies":"Snake Plant","floor":29,"turns":5},{"damage":16,"enemies":"Slavers","floor":30,"turns":4},{"damage":0,"enemies":"Cultist and Chosen","floor":31,"turns":7},{"damage":25,"enemies":"Champ","floor":33,"turns":12},{"damage":21,"enemies":"3 Darklings","floor":35,"turns":7},{"damage":8,"enemies":"3 Shapes","floor":36,"turns":4},{"damage":19,"enemies":"Transient","floor":39,"turns":5},{"damage":5,"enemies":"Reptomancer","floor":41,"turns":5},{"damage":13,"enemies":"Giant Head","floor":44,"turns":6},{"damage":4,"enemies":"Writhing Mass","floor":46,"turns":5},{"damage":0,"enemies":"4 Shapes","floor":47,"turns":3},{"damage":30,"enemies":"Maw","floor":48,"turns":5},{"damage":34,"enemies":"Donu and Deca","floor":50,"turns":7}],"seed_played":"2349135582570675586","potions_obtained":[{"floor":2,"key":"Weak Potion"},{"floor":7,"key":"Swift Potion"},{"floor":14,"key":"FocusPotion"},{"floor":30,"key":"Poison Potion"},{"floor":33,"key":"SteroidPotion"},{"floor":36,"key":"LiquidBronze"}],"is_trial":false,"path_per_floor":["M","M","?","M","?","R","M","E","T","R","?","E","?","M","R","B",null,"M","?","?","$","M","R","?","E","T","$","R","M","E","M","R","B",null,"M","M","?","$","M","R","E","R","T","E","R","M","M","M","R","B",null],"character_chosen":"DEFECT","items_purchased":["PreservedInsect","Cold Snap+1","Block Potion","Defragment","Coolheaded","Storm","Glacier"],"campfire_rested":1,"item_purchase_floors":[21,21,21,27,27,38,38],"current_hp_per_floor":[64,62,51,46,46,46,44,24,24,24,24,18,7,7,26,17,52,42,42,42,42,53,53,64,58,63,63,63,64,63,64,64,54,62,56,53,53,53,49,49,59,59,59,61,61,64,64,61,61,58],"gold":263,"neow_bonus":"THREE_RARE_CARDS","is_prod":false,"is_daily":false,"chose_seed":false,"campfire_upgraded":9,"win_rate":0,"timestamp":1549745039,"path_taken":["M","M","?","M","?","R","M","E","T","R","?","E","?","?","R","BOSS","M","?","?","$","?","R","?","E","T","$","R","M","E","M","R","BOSS","M","M","?","$","M","R","E","R","T","E","R","M","M","M","R","BOSS"],"build_version":"2019-01-23","purchased_purges":0,"victory":true,"max_hp_per_floor":[71,71,71,71,64,64,64,64,64,64,64,64,64,64,64,64,64,64,64,64,64,64,64,64,64,64,64,64,64,64,64,64,64,64,64,64,64,64,64,64,64,64,64,64,64,64,64,64,64,64],"card_choices":[{"not_picked":["Reboot","Creative AI"],"picked":"Seek","floor":0},{"not_picked":["Conserve Battery","Gash"],"picked":"Cold Snap","floor":1},{"not_picked":["Steam","Stack"],"picked":"Compile Driver","floor":2},{"not_picked":["Leap","Steam"],"picked":"Conserve Battery","floor":4},{"not_picked":["Leap","Hologram"],"picked":"Sweeping Beam","floor":7},{"not_picked":["Stack","Hologram"],"picked":"Gash","floor":8},{"not_picked":["Aggregate","Beam Cell+1","Lockon+1"],"picked":"SKIP","floor":12},{"not_picked":["Aggregate","Streamline+1"],"picked":"Gash+1","floor":14},{"not_picked":["Creative AI","Multi-Cast"],"picked":"Machine Learning","floor":16},{"not_picked":["Redo","Steam","Sweeping Beam+1"],"picked":"SKIP","floor":18},{"not_picked":["Gash+1","Redo"],"picked":"Go for the Eyes+1","floor":22},{"not_picked":["Rip and Tear+1","Scrape+1"],"picked":"Cold Snap+1","floor":25},{"not_picked":["Compile Driver+1","Glacier"],"picked":"Doom and Gloom+1","floor":29},{"not_picked":["Go for the Eyes+1","Rebound+1"],"picked":"Machine Learning","floor":30},{"not_picked":["Leap","Double Energy"],"picked":"FTL+1","floor":31},{"not_picked":["Machine Learning","Rainbow"],"picked":"Electrodynamics","floor":33},{"not_picked":["Conserve Battery","Cold Snap+1","Go for the Eyes+1"],"picked":"SKIP","floor":35},{"not_picked":["Coolheaded","Gash+1","Chaos"],"picked":"SKIP","floor":36},{"not_picked":["Coolheaded","Chaos"],"picked":"Gash+1","floor":36},{"not_picked":["Gash+1","Chill","Barrage+1"],"picked":"SKIP","floor":39},{"not_picked":["Rebound+1","Turbo"],"picked":"Creative AI","floor":41},{"not_picked":["Stack","Redo"],"picked":"Defragment+1","floor":44},{"not_picked":["Ball Lightning+1","Loop"],"picked":"Fission","floor":46},{"not_picked":["Darkness","Static Discharge","Auto Shields"],"picked":"SKIP","floor":47},{"not_picked":["Redo","Streamline+1","Consume+1"],"picked":"SKIP","floor":48}],"player_experience":2187906,"relics_obtained":[{"floor":8,"key":"Molten Egg 2"},{"floor":9,"key":"DataDisk"},{"floor":12,"key":"Oddly Smooth Stone"},{"floor":25,"key":"Ginger"},{"floor":26,"key":"Anchor"},{"floor":30,"key":"Blue Candle"},{"floor":41,"key":"Dodecahedron"},{"floor":43,"key":"Gremlin Horn"},{"floor":44,"key":"Bird Faced Urn"}],"event_choices":[{"damage_healed":0,"gold_gain":75,"player_choice":"Gather Gold","damage_taken":11,"max_hp_gain":0,"max_hp_loss":0,"event_name":"World of Goop","floor":3,"gold_loss":0},{"damage_healed":0,"gold_gain":0,"player_choice":"Lose Max HP","damage_taken":0,"relics_obtained":["Golden Idol"],"max_hp_gain":0,"max_hp_loss":7,"event_name":"Golden Idol","floor":5,"gold_loss":0},{"damage_healed":0,"gold_gain":0,"player_choice":"Ignored","damage_taken":0,"max_hp_gain":0,"max_hp_loss":0,"event_name":"Golden Wing","floor":11,"gold_loss":0},{"damage_healed":0,"gold_gain":0,"player_choice":"Success","damage_taken":11,"relics_obtained":["Happy Flower"],"max_hp_gain":0,"max_hp_loss":0,"event_name":"Scrap Ooze","floor":13,"gold_loss":0},{"damage_healed":0,"gold_gain":0,"player_choice":"Gave Idol","damage_taken":0,"relics_obtained":["Bloody Idol"],"max_hp_gain":0,"max_hp_loss":0,"event_name":"Forgotten Altar","floor":19,"relics_lost":["Golden Idol"],"gold_loss":0},{"damage_healed":0,"gold_gain":0,"player_choice":"Upgraded Two","damage_taken":0,"max_hp_gain":0,"max_hp_loss":0,"event_name":"Designer","floor":20,"gold_loss":50,"cards_upgraded":["Capacitor","Self Repair"]},{"cards_removed":["Loop"],"damage_healed":11,"gold_gain":0,"player_choice":"Offered Uncommon","damage_taken":0,"max_hp_gain":0,"max_hp_loss":0,"event_name":"Bonfire Elementals","floor":24,"gold_loss":0},{"damage_healed":0,"gold_gain":0,"player_choice":"Memory 1","damage_taken":0,"max_hp_gain":0,"max_hp_loss":0,"event_name":"SensoryStone","floor":37,"gold_loss":0}],"is_beta":false,"boss_relics":[{"not_picked":["Runic Pyramid","Eternal Feather"],"picked":"Pandora\u0027s Box"},{"not_picked":["Orrery","Lizard Tail"],"picked":"Astrolabe"}],"items_purged_floors":[],"is_endless":false,"potions_floor_spawned":[2,7,14,22,30,33,36,39,44,48],"ascension_level":15}