{"gold_per_floor":[113,124,7,7,19,19,53,69,69,103,103,28,28,45,45,119,119,137,152,52,69,69,101,101,114,114,114,140,158,188,188,188,264,264,280,300,377,391,408,408,408,408,408,283,315,240,90,124,124,124,124,124,124,124,155,155],"floor_reached":57,"playtime":3526,"items_purged":["Defend_G","Strike_G","Pain","Defend_G"],"score":3431,"play_id":"f35e65e4-1d52-4b92-8db9-86d6622cde6f","local_time":"20190425012353","is_ascension_mode":true,"campfire_choices":[{"data":"Dash","floor":6.0,"key":"SMITH"},{"data":"Underhanded Strike","floor":11.0,"key":"SMITH"},{"data":"Acrobatics","floor":15.0,"key":"SMITH"},{"data":"Reflex","floor":24.0,"key":"SMITH"},{"data":"Tools of the Trade","floor":27.0,"key":"SMITH"},{"data":"Well Laid Plans","floor":32.0,"key":"SMITH"},{"data":"Prepared","floor":40.0,"key":"SMITH"},{"data":"Tactician","floor":42.0,"key":"SMITH"},{"floor":49.0,"key":"RECALL"},{"data":"Footwork","floor":53.0,"key":"SMITH"}],"neow_cost":"NONE","seed_source_timestamp":5671258197600,"circlet_count":0,"master_deck":["AscendersBane","Defend_G","Survivor","Neutralize","Backstab","Footwork+1","Terror","Infinite Blades","Dash+1","Acrobatics+1","Underhanded Strike+1","Acrobatics+1","Tools of the Trade+1","Well Laid Plans+1","Reflex+1","Prepared+1","Escape Plan","Dash+1","Concentrate+1","Finisher+1","Tactician+1","After Image"],"special_seed":0,"relics":["Ring of the Snake","NeowsBlessing","Gremlin Horn","Sundial","StoneCalendar","Cursed Key","Art of War","Thread and Needle","Dodecahedron","Astrolabe","Paper Crane","Lantern","Shuriken"],"potions_floor_usage":[56],"damage_taken":[{"damage":0.0,"enemies":"Cultist","floor":1.0,"turns":1.0},{"damage":0.0,"enemies":"Jaw Worm","floor":2.0,"turns":1.0},{"damage":0.0,"enemies":"Small Slimes","floor":5.0,"turns":1.0},{"damage":0.0,"enemies":"Lagavulin","floor":7.0,"turns":7.0},{"damage":0.0,"enemies":"Gremlin Gang","floor":8.0,"turns":6.0},{"damage":13.0,"enemies":"3 Sentries","floor":10.0,"turns":13.0},{"damage":0.0,"enemies":"Looter","floor":14.0,"turns":4.0},{"damage":0.0,"enemies":"Slime Boss","floor":16.0,"turns":7.0},{"damage":10.0,"enemies":"Shell Parasite","floor":18.0,"turns":5.0},{"damage":4.0,"enemies":"2 Thieves","floor":19.0,"turns":4.0},{"damage":3.0,"enemies":"Snecko","floor":21.0,"turns":4.0},{"damage":0.0,"enemies":"Gremlin Leader","floor":23.0,"turns":4.0},{"damage":0.0,"enemies":"Centurion and Healer","floor":25.0,"turns":4.0},{"damage":3.0,"enemies":"Slavers","floor":28.0,"turns":7.0},{"damage":0.0,"enemies":"Cultist and Chosen","floor":29.0,"turns":5.0},{"damage":0.0,"enemies":"Gremlin Leader","floor":30.0,"turns":4.0},{"damage":0.0,"enemies":"Automaton","floor":33.0,"turns":4.0},{"damage":0.0,"enemies":"3 Shapes","floor":35.0,"turns":2.0},{"damage":0.0,"enemies":"Orb Walker","floor":36.0,"turns":2.0},{"damage":0.0,"enemies":"4 Shapes","floor":38.0,"turns":3.0},{"damage":3.0,"enemies":"Maw","floor":39.0,"turns":5.0},{"damage":0.0,"enemies":"Nemesis","floor":45.0,"turns":5.0},{"damage":0.0,"enemies":"Giant Head","floor":48.0,"turns":2.0},{"damage":0.0,"enemies":"Awakened One","floor":50.0,"turns":3.0},{"damage":0.0,"enemies":"Donu and Deca","floor":51.0,"turns":4.0},{"damage":0.0,"enemies":"Shield and Spear","floor":55.0,"turns":5.0},{"damage":31,"enemies":"The Heart","floor":56,"turns":7}],"seed_played":"7266885037565298217","potions_obtained":[{"floor":1.0,"key":"GhostInAJar"},{"floor":2.0,"key":"Fire Potion"},{"floor":10.0,"key":"Fire Potion"},{"floor":16.0,"key":"SteroidPotion"},{"floor":23.0,"key":"SkillPotion"},{"floor":30.0,"key":"SkillPotion"},{"floor":36.0,"key":"Ancient Potion"},{"floor":48.0,"key":"GhostInAJar"},{"floor":55.0,"key":"Fire Potion"}],"is_trial":false,"path_per_floor":["M","M","$","?","M","R","E","M","T","E","R","$","?","M","R","B",null,"M","M","$","M","?","E","R","M","T","R","E","M","E","?","R","B",null,"M","M","T","M","M","R","?","R","T","$","E","?","$","E","R","B","B",null,"R","$","E","B",null],"character_chosen":"THE_SILENT","items_purchased":["Terror","Infinite Blades"],"campfire_rested":0,"item_purchase_floors":[3,3],"current_hp_per_floor":[59,59,59,52,52,52,52,52,52,39,39,39,39,39,39,39,59,49,45,45,42,42,42,42,42,42,42,39,39,39,66,66,66,66,66,66,66,66,63,63,63,63,63,63,63,63,63,63,63,63,63,65,65,65,65,34],"gold":155,"neow_bonus":"THREE_ENEMY_KILL","is_prod":false,"is_daily":false,"chose_seed":false,"campfire_upgraded":9,"win_rate":0,"timestamp":1556126633,"path_taken":["M","M","?","?","M","R","E","M","T","E","R","$","?","M","R","BOSS","M","?","$","M","?","E","R","M","T","R","E","?","E","?","R","BOSS","M","M","?","?","M","R","?","R","T","$","E","?","$","E","R","BOSS","BOSS","R","$","E","BOSS"],"build_version":"2019-01-23","purchased_purges":4,"victory":true,"max_hp_per_floor":[66,66,66,66,66,66,66,66,66,66,66,66,66,66,66,66,66,66,66,66,66,66,66,66,66,66,66,66,66,66,66,66,66,66,66,66,66,66,66,66,66,66,66,66,66,66,66,66,66,66,66,66,66,66,66,66],"card_choices":[{"not_picked":["Endless Agony","Quick Slash"],"picked":"Backstab","floor":1.0},{"not_picked":["Dodge and Roll","Leg Sweep"],"picked":"Footwork","floor":2.0},{"not_picked":["Terror","Poisoned Stab"],"picked":"Dash","floor":5.0},{"not_picked":["Predator","Endless Agony"],"picked":"Acrobatics","floor":7.0},{"not_picked":["Dash","Expertise"],"picked":"Underhanded Strike","floor":8.0},{"not_picked":["Accuracy","Noxious Fumes"],"picked":"Acrobatics","floor":10.0},{"not_picked":["Eviscerate","Noxious Fumes","Catalyst"],"picked":"SKIP","floor":14.0},{"not_picked":["Burst","Phantasmal Killer"],"picked":"Tools of the Trade","floor":16.0},{"not_picked":["Quick Slash","Outmaneuver","Bane+1"],"picked":"SKIP","floor":18.0},{"not_picked":["Bane","Cloak And Dagger","Acrobatics"],"picked":"SKIP","floor":19.0},{"not_picked":["Underhanded Strike","Flying Knee","Quick Slash"],"picked":"SKIP","floor":21.0},{"not_picked":["Dodge and Roll","Sucker Punch+1"],"picked":"Reflex","floor":23.0},{"not_picked":["Well Laid Plans","Cloak And Dagger+1","Heel Hook"],"picked":"SKIP","floor":25.0},{"not_picked":["PiercingWail","Cloak And Dagger"],"picked":"Prepared","floor":28.0},{"not_picked":["Quick Slash","Dodge and Roll"],"picked":"Escape Plan","floor":29.0},{"not_picked":["Phantasmal Killer","Dodge and Roll+1","Outmaneuver"],"picked":"SKIP","floor":30.0},{"not_picked":["Blade Dance+1","Dagger Throw","Cloak And Dagger"],"picked":"SKIP","floor":35.0},{"not_picked":["Acrobatics","Blade Dance"],"picked":"Tactician","floor":36.0},{"not_picked":["Skewer","Footwork","PiercingWail"],"picked":"SKIP","floor":38.0},{"not_picked":["Tactician+1","Leg Sweep","Choke+1"],"picked":"SKIP","floor":39.0},{"not_picked":["Deflect","Wraith Form v2","Catalyst+1"],"picked":"SKIP","floor":45.0},{"not_picked":["Acrobatics","Outmaneuver","Flying Knee"],"picked":"SKIP","floor":48.0},{"not_picked":["Sucker Punch+1","Deflect"],"picked":"After Image","floor":55.0}],"player_experience":3042573,"relics_obtained":[{"floor":7.0,"key":"Gremlin Horn"},{"floor":9.0,"key":"Sundial"},{"floor":10.0,"key":"StoneCalendar"},{"floor":23.0,"key":"Art of War"},{"floor":28.0,"key":"Thread and Needle"},{"floor":30.0,"key":"Dodecahedron"},{"floor":45.0,"key":"Paper Crane"},{"floor":48.0,"key":"Lantern"},{"floor":55.0,"key":"Shuriken"}],"event_choices":[{"cards_removed":["Strike_G"],"damage_healed":0.0,"max_hp_gain":0.0,"max_hp_loss":0.0,"gold_gain":0.0,"event_name":"Golden Wing","player_choice":"Card Removal","floor":4.0,"gold_loss":0.0,"damage_taken":7.0},{"damage_healed":0.0,"max_hp_gain":0.0,"max_hp_loss":0.0,"gold_gain":0.0,"event_name":"Accursed Blacksmith","player_choice":"Forge","floor":13.0,"gold_loss":0.0,"damage_taken":0.0,"cards_upgraded":["Acrobatics"]},{"damage_healed":0.0,"max_hp_gain":0.0,"max_hp_loss":0.0,"gold_gain":0.0,"cards_transformed":["Strike_G"],"event_name":"Transmorgrifier","player_choice":"Transformed","floor":22.0,"gold_loss":0.0,"damage_taken":0.0,"cards_obtained":["Well Laid Plans"]},{"damage_healed":27.0,"max_hp_gain":0.0,"max_hp_loss":0.0,"gold_gain":0.0,"event_name":"Wheel of Change","player_choice":"Full Heal","floor":31.0,"gold_loss":0.0,"damage_taken":0.0},{"damage_healed":0.0,"max_hp_gain":0.0,"max_hp_loss":0.0,"gold_gain":0.0,"event_name":"Tomb of Lord Red Mask","player_choice":"Ignored","floor":41.0,"gold_loss":0.0,"damage_taken":0.0},{"cards_removed":["Defend_G"],"damage_healed":0.0,"max_hp_gain":0.0,"max_hp_loss":0.0,"gold_gain":0.0,"event_name":"Designer","player_choice":"Single Remove","floor":46.0,"gold_loss":75.0,"damage_taken":0.0}],"is_beta":false,"boss_relics":[{"not_picked":["Eternal Feather","Lizard Tail"],"picked":"Cursed Key"},{"not_picked":["Orrery","Black Star"],"picked":"Astrolabe"}],"items_purged_floors":[12,20,44,47],"is_endless":false,"potions_floor_spawned":[1,2,10,16,18,19,21,23,30,36,38,39,48,55],"ascension_level":20}