{"gold_per_floor":[114,128,146,71,221,236,265,265,265,284,284,16,35,64,64,141,141,154,79,79,79,25,25],"floor_reached":23,"playtime":808,"items_purged":["Strike_B"],"score":398,"play_id":"6cb4ae73-db88-42fc-8f07-c1ee333bfebe","local_time":"20190111172242","is_ascension_mode":true,"campfire_choices":[{"data":"Seek","floor":11,"key":"SMITH"},{"data":"Self Repair","floor":15,"key":"SMITH"}],"neow_cost":"NONE","seed_source_timestamp":82665509173344,"circlet_count":0,"master_deck":["AscendersBane","Strike_B","Strike_B","Defend_B","Defend_B","Defend_B","Defend_B","Zap+1","Dualcast","Chill","Cold Snap","Self Repair+1","Streamline","Ball Lightning","Seek+1","Glacier","Buffer"],"relics":["Cracked Core","Art of War","Kunai","OrangePellets","Matryoshka","Black Star"],"potions_floor_usage":[16,16,23],"damage_taken":[{"damage":1,"enemies":"Cultist","floor":1,"turns":3},{"damage":0,"enemies":"Small Slimes","floor":2,"turns":4},{"damage":1,"enemies":"2 Louse","floor":3,"turns":3},{"damage":10,"enemies":"Looter","floor":6,"turns":3},{"damage":42,"enemies":"Lagavulin","floor":7,"turns":10},{"damage":5,"enemies":"3 Louse","floor":10,"turns":3},{"damage":0,"enemies":"Exordium Thugs","floor":13,"turns":6},{"damage":3,"enemies":"3 Sentries","floor":14,"turns":8},{"damage":27,"enemies":"Slime Boss","floor":16,"turns":9},{"damage":1,"enemies":"Spheric Guardian","floor":18,"turns":7},{"damage":74,"enemies":"Gremlin Leader","floor":23,"turns":6}],"seed_played":"2797015835651030449","potions_obtained":[{"floor":1,"key":"SpeedPotion"},{"floor":3,"key":"FearPotion"},{"floor":7,"key":"Explosive Potion"},{"floor":13,"key":"SpeedPotion"},{"floor":18,"key":"FearPotion"}],"is_trial":false,"path_per_floor":["M","M","M","$","?","M","E","?","T","M","R","$","M","E","R","B",null,"M","?","?","?","$","E"],"character_chosen":"DEFECT","items_purchased":["OrangePellets","Glacier","PowerPotion"],"campfire_rested":0,"item_purchase_floors":[12,12,22],"current_hp_per_floor":[63,63,62,62,62,59,24,17,17,19,19,19,26,30,30,13,57,66,66,66,66,66,0],"gold":25,"neow_bonus":"UPGRADE_CARD","is_prod":false,"is_daily":false,"chose_seed":false,"campfire_upgraded":2,"win_rate":0,"timestamp":1547245362,"path_taken":["M","?","M","$","?","M","E","?","T","M","R","$","M","E","R","BOSS","M","?","?","?","$","E"],"build_version":"2019-01-10","purchased_purges":1,"victory":false,"max_hp_per_floor":[71,71,71,71,71,71,71,71,71,71,71,71,71,71,71,71,71,71,71,71,71,71,71],"card_choices":[{"not_picked":["Barrage","Auto Shields"],"picked":"Chill","floor":1},{"not_picked":["Hologram","BootSequence"],"picked":"Cold Snap","floor":2},{"not_picked":["Force Field","Leap"],"picked":"Self Repair","floor":3},{"not_picked":["Beam Cell","Conserve Battery"],"picked":"Streamline","floor":6},{"not_picked":["Doom and Gloom","Stack"],"picked":"Ball Lightning","floor":7},{"not_picked":["Rebound","Beam Cell"],"picked":"Seek","floor":10},{"not_picked":["Doom and Gloom","Steam Power","Go for the Eyes"],"picked":"SKIP","floor":13},{"not_picked":["Doom and Gloom","Steam Power","Go for the Eyes"],"picked":"SKIP","floor":13},{"not_picked":["Rainbow","Lockon","Heatsinks"],"picked":"SKIP","floor":14},{"not_picked":["Multi-Cast","Thunder Strike"],"picked":"Buffer","floor":16},{"not_picked":["Sunder","Reprogram","Cold Snap"],"picked":"SKIP","floor":18}],"player_experience":1604415,"relics_obtained":[{"floor":7,"key":"Art of War"},{"floor":9,"key":"Kunai"},{"floor":14,"key":"Matryoshka"}],"event_choices":[{"damage_healed":0,"gold_gain":150,"player_choice":"AGREE","damage_taken":0,"max_hp_gain":0,"max_hp_loss":0,"event_name":"Liars Game","floor":5,"gold_loss":0,"cards_obtained":["Doubt"]},{"cards_removed":["Doubt"],"damage_healed":0,"gold_gain":0,"player_choice":"Card Removal","damage_taken":7,"max_hp_gain":0,"max_hp_loss":0,"event_name":"Golden Wing","floor":8,"gold_loss":0},{"cards_removed":["Strike_B"],"damage_healed":0,"gold_gain":0,"player_choice":"Gave Gold","damage_taken":0,"max_hp_gain":0,"max_hp_loss":0,"event_name":"Beggar","floor":19,"gold_loss":75},{"damage_healed":0,"gold_gain":0,"player_choice":"Ignored","damage_taken":0,"max_hp_gain":0,"max_hp_loss":0,"event_name":"The Mausoleum","floor":21,"gold_loss":0}],"is_beta":true,"boss_relics":[{"not_picked":["Busted Crown","Fusion Hammer"],"picked":"Black Star"}],"items_purged_floors":[4],"is_endless":false,"potions_floor_spawned":[1,3,7,13,18],"killed_by":"Gremlin Leader","ascension_level":20}