{"gold_per_floor":[109,34,53,53,66,96,96,96,123,23,38,38,38,50,50,50],"floor_reached":16,"playtime":765,"items_purged":["Strike_R","Strike_R"],"score":100,"play_id":"5f94ccc2-d529-43bb-9656-792be03b5c00","local_time":"20190322034235","is_ascension_mode":false,"campfire_choices":[{"data":"Pommel Strike","floor":7,"key":"SMITH"},{"floor":15,"key":"REST"}],"neow_cost":"CURSE","seed_source_timestamp":587521793480700,"circlet_count":0,"master_deck":["Strike_R+1","Strike_R","Strike_R","Defend_R","Defend_R","Defend_R","Defend_R","Bash","Bloodletting","Pommel Strike+1","Twin Strike","Immolate","Ghostly Armor+1","Blood for Blood"],"relics":["Burning Blood","StoneCalendar","Omamori","Magic Flower","Potion Belt"],"potions_floor_usage":[11,16],"damage_taken":[{"damage":6,"enemies":"Cultist","floor":1,"turns":3},{"damage":5,"enemies":"Jaw Worm","floor":3,"turns":6},{"damage":12,"enemies":"2 Louse","floor":5,"turns":3},{"damage":29,"enemies":"Gremlin Nob","floor":6,"turns":4},{"damage":19,"enemies":"Large Slime","floor":11,"turns":3},{"damage":3,"enemies":"Blue Slaver","floor":14,"turns":4},{"damage":36,"enemies":"The Guardian","floor":16,"turns":7}],"seed_played":"5491703614744827817","potions_obtained":[{"floor":6,"key":"PowerPotion"},{"floor":14,"key":"SkillPotion"}],"is_trial":false,"path_per_floor":["M","$","M","?","M","E","R","?","T","$","M","?","$","M","R","B"],"character_chosen":"IRONCLAD","items_purchased":[],"campfire_rested":1,"item_purchase_floors":[],"current_hp_per_floor":[80,80,80,80,74,51,51,33,33,33,23,7,7,13,37,1],"gold":50,"neow_bonus":"ONE_RARE_RELIC","is_prod":false,"is_daily":false,"chose_seed":false,"campfire_upgraded":1,"win_rate":0.0,"timestamp":1553218955,"path_taken":["M","$","?","?","M","E","R","?","T","$","M","?","?","M","R","BOSS"],"build_version":"2019-01-23","purchased_purges":2,"victory":false,"max_hp_per_floor":[80,80,80,80,80,80,80,80,80,80,80,80,80,80,80,80],"card_choices":[{"not_picked":["Wild Strike","Blood for Blood"],"picked":"Bloodletting","floor":1},{"not_picked":["Warcry","Clash"],"picked":"Pommel Strike","floor":3},{"not_picked":["Flex","Headbutt"],"picked":"Twin Strike","floor":5},{"not_picked":["Anger","Armaments"],"picked":"Immolate","floor":6},{"not_picked":["Wild Strike","Burning Pact"],"picked":"Ghostly Armor","floor":11},{"not_picked":["Pummel","Perfected Strike"],"picked":"Blood for Blood","floor":14}],"player_experience":20998,"relics_obtained":[{"floor":6,"key":"Omamori"},{"floor":9,"key":"Potion Belt"}],"event_choices":[{"cards_removed":["Normality"],"damage_healed":0,"gold_gain":0,"player_choice":"Forget","damage_taken":0,"max_hp_gain":0,"max_hp_loss":0,"event_name":"Living Wall","floor":4,"gold_loss":0},{"damage_healed":0,"gold_gain":0,"player_choice":"Success","damage_taken":18,"relics_obtained":["Magic Flower"],"max_hp_gain":0,"max_hp_loss":0,"event_name":"Scrap Ooze","floor":8,"gold_loss":0},{"damage_healed":0,"gold_gain":0,"player_choice":"Entered Light","damage_taken":16,"max_hp_gain":0,"max_hp_loss":0,"event_name":"Shining Light","floor":12,"gold_loss":0,"cards_upgraded":["Ghostly Armor","Strike_R"]}],"is_beta":false,"boss_relics":[],"items_purged_floors":[2,10],"is_endless":false,"potions_floor_spawned":[6,14],"killed_by":"The Guardian","ascension_level":0}