{"gold_per_floor":[216,292,306,306,306,306,332,332,357,357,377,391,409,440,440,511,511,521,533,533,533,65,65,65,92,104,132,144],"floor_reached":28,"playtime":891,"items_purged":["Strike_R"],"score":370,"play_id":"075b4c9f-8169-4fca-ad6a-5d25ecdb0cdc","local_time":"20190418194955","is_ascension_mode":true,"campfire_choices":[{"data":"Rampage","floor":6,"key":"SMITH"},{"data":"Spot Weakness","floor":8,"key":"SMITH"},{"floor":10,"key":"REST"},{"floor":15,"key":"REST"},{"data":"Double Tap","floor":24,"key":"SMITH"}],"neow_cost":"NONE","seed_source_timestamp":556582996255500,"circlet_count":0,"master_deck":["AscendersBane","Strike_R+1","Strike_R+1","Strike_R","Strike_R","Defend_R","Defend_R","Defend_R","Defend_R","Bash","Ghostly Armor","Rampage+1","Spot Weakness+1","Shrug It Off","Inflame+1","Flame Barrier","Double Tap+1","Cleave","Evolve+1","Necronomicurse","Doubt","Doubt","Entrench"],"relics":["Burning Blood","Matryoshka","Frozen Egg 2","Mummified Hand","Whetstone","Odd Mushroom","Potion Belt","Cursed Key","Anchor","Self Forming Clay","Necronomicon","MawBank","Darkstone Periapt"],"potions_floor_usage":[13,14,16,16,28],"damage_taken":[{"damage":9,"enemies":"Cultist","floor":1,"turns":5},{"damage":14,"enemies":"Jaw Worm","floor":3,"turns":6},{"damage":48,"enemies":"Gremlin Nob","floor":7,"turns":5},{"damage":36,"enemies":"The Mushroom Lair","floor":11,"turns":5},{"damage":8,"enemies":"2 Louse","floor":12,"turns":3},{"damage":8,"enemies":"Blue Slaver","floor":13,"turns":3},{"damage":20,"enemies":"3 Sentries","floor":14,"turns":9},{"damage":35,"enemies":"Slime Boss","floor":16,"turns":8},{"damage":4,"enemies":"Shell Parasite","floor":18,"turns":5},{"damage":31,"enemies":"3 Byrds","floor":19,"turns":5},{"damage":27,"enemies":"Snake Plant","floor":27,"turns":3},{"damage":34,"enemies":"Snecko","floor":28,"turns":5}],"seed_played":"208527901532677828","potions_obtained":[{"floor":7,"key":"Poison Potion"},{"floor":12,"key":"Energy Potion"},{"floor":13,"key":"Regen Potion"},{"floor":14,"key":"AttackPotion"},{"floor":19,"key":"Regen Potion"}],"is_trial":false,"path_per_floor":["M","T","M","?","?","R","E","R","T","R","?","M","M","E","R","B",null,"M","M","?","?","$","?","R","T","T","M","M"],"character_chosen":"IRONCLAD","items_purchased":["Anchor","Self Forming Clay"],"campfire_rested":2,"item_purchase_floors":[22,22],"current_hp_per_floor":[69,69,61,61,66,66,24,24,24,49,19,17,15,16,41,12,67,69,44,72,56,56,40,40,40,40,19,0],"gold":144,"neow_bonus":"HUNDRED_GOLD","is_prod":false,"is_daily":false,"chose_seed":false,"campfire_upgraded":3,"win_rate":0,"timestamp":1555606195,"path_taken":["M","?","M","?","?","R","E","R","T","R","?","M","?","E","R","BOSS","M","M","?","?","$","?","R","?","T","M","M"],"build_version":"2019-01-23","purchased_purges":1,"victory":false,"max_hp_per_floor":[80,80,80,80,85,85,85,85,85,85,85,85,85,85,85,85,85,85,85,85,90,90,90,90,90,90,90,90],"card_choices":[{"not_picked":["Iron Wave","Power Through"],"picked":"Ghostly Armor","floor":1},{"not_picked":["Sword Boomerang","Wild Strike"],"picked":"Rampage","floor":3},{"not_picked":["Heavy Blade","Hemokinesis"],"picked":"Spot Weakness","floor":7},{"not_picked":["Iron Wave","Heavy Blade"],"picked":"Shrug It Off","floor":11},{"not_picked":["Limit Break","Iron Wave"],"picked":"Inflame+1","floor":12},{"not_picked":["Intimidate","Havoc","Second Wind"],"picked":"SKIP","floor":13},{"not_picked":["Thunderclap","Headbutt"],"picked":"Flame Barrier","floor":14},{"not_picked":["Fiend Fire","Brutality+1"],"picked":"Double Tap","floor":16},{"not_picked":["True Grit","Dual Wield"],"picked":"Cleave","floor":18},{"not_picked":["Rupture+1","True Grit"],"picked":"Evolve+1","floor":19},{"not_picked":["Cleave","Havoc"],"picked":"Entrench","floor":27}],"player_experience":298420,"relics_obtained":[{"floor":2,"key":"Matryoshka"},{"floor":7,"key":"Frozen Egg 2"},{"floor":9,"key":"Mummified Hand"},{"floor":9,"key":"Whetstone"},{"floor":11,"key":"Odd Mushroom"},{"floor":14,"key":"Potion Belt"},{"floor":23,"key":"Necronomicon"},{"floor":25,"key":"MawBank"},{"floor":26,"key":"Darkstone Periapt"}],"event_choices":[{"damage_healed":0,"gold_gain":0,"player_choice":"Ignored","damage_taken":0,"max_hp_gain":0,"max_hp_loss":0,"event_name":"Golden Idol","floor":4,"gold_loss":0},{"damage_healed":0,"gold_gain":0,"player_choice":"Donut","damage_taken":0,"max_hp_gain":5,"max_hp_loss":0,"event_name":"Big Fish","floor":5,"gold_loss":0},{"damage_healed":0,"gold_gain":0,"player_choice":"Fought Mushrooms","damage_taken":0,"max_hp_gain":0,"max_hp_loss":0,"event_name":"Mushrooms","floor":11,"gold_loss":0},{"damage_healed":28,"gold_gain":0,"player_choice":"Heal","damage_taken":0,"max_hp_gain":0,"max_hp_loss":0,"event_name":"The Library","floor":20,"gold_loss":0},{"damage_healed":0,"gold_gain":0,"player_choice":"Shed Blood","damage_taken":21,"max_hp_gain":5,"max_hp_loss":0,"event_name":"Forgotten Altar","floor":21,"gold_loss":0},{"damage_healed":0,"gold_gain":0,"player_choice":"Obtained Book","damage_taken":16,"max_hp_gain":0,"max_hp_loss":0,"event_name":"Cursed Tome","floor":23,"gold_loss":0}],"is_beta":false,"boss_relics":[{"not_picked":["Runic Cube","Astrolabe"],"picked":"Cursed Key"}],"items_purged_floors":[22],"is_endless":false,"potions_floor_spawned":[7,12,13,14,19],"killed_by":"Snecko","ascension_level":13}