{"gold_per_floor":[119,119,69,43,63,89,137,209,209,240,285,331,382,454,454,569,569,581,581,581,581,581,612,683,738,738,1087,1153,1206,1254,2,2,128,128,168,168,238,300,17,65,111,140,167,220,247,15,15,42,42,67],"floor_reached":51,"playtime":2934,"items_purged":["Writhe"],"score":1885,"play_id":"3f47bd70-29f5-481d-a142-bd8ca39306fc","local_time":"20181225002219","daily_mods":["SealedDeck","Vintage","Diverse","Colorless Cards","Flight","Elite Swarm"],"is_ascension_mode":false,"campfire_choices":[{"data":"Acrobatics","floor":15.0,"key":"SMITH"},{"data":"Double Energy","floor":32,"key":"SMITH"},{"data":"Adrenaline","floor":49,"key":"SMITH"}],"neow_cost":"","seed_source_timestamp":0,"circlet_count":0,"master_deck":["Backflip","Escape Plan","Heel Hook","Go for the Eyes","Flex","Double Energy+1","Reinforced Body","Ball Lightning","FTL","Acrobatics+1","HandOfGreed","Adrenaline+1","All For One","Mayhem","Creative AI","Malaise+1","Deflect+1","Exhume+1","Barricade","Thinking Ahead+1","After Image","Grand Finale","Master of Strategy+1","Turbo+1","Armaments+1"],"special_seed":0,"relics":["Cracked Core","Anchor","Cables","Lantern","Mummified Hand","Oddly Smooth Stone","Smiling Mask","Orichalcum","Matryoshka","Toxic Egg 2","Du-Vu Doll","The Courier","Black Star","DataDisk","MutagenicStrength","Regal Pillow","Peace Pipe","Calipers","Torii","Juzu Bracelet","Symbiotic Virus","Art of War","Ancient Tea Set","Meat on the Bone","Gremlin Horn","Old Coin","Bronze Scales","Shuriken","Singing Bowl","Pear","Pen Nib","PreservedInsect","Bag of Preparation","Omamori","Thread and Needle","Centennial Puzzle","Boot","Bird Faced Urn","Sling","Cursed Key","Tiny Chest","Unceasing Top","Letter Opener","ClockworkSouvenir","Bag of Marbles","Dream Catcher","Kunai","Dodecahedron","Bottled Lightning","FossilizedHelix","Frozen Egg 2","Sundial","Ornamental Fan","Darkstone Periapt","Prayer Wheel","Gambling Chip","Ginger","Emotion Chip","StoneCalendar"],"potions_floor_usage":[24,24,25,33],"damage_taken":[{"damage":0.0,"enemies":"Jaw Worm","floor":1.0,"turns":2.0},{"damage":0.0,"enemies":"Small Slimes","floor":5.0,"turns":1.0},{"damage":0.0,"enemies":"3 Sentries","floor":6.0,"turns":3.0},{"damage":0.0,"enemies":"Lagavulin","floor":7.0,"turns":4.0},{"damage":0.0,"enemies":"3 Sentries","floor":8.0,"turns":4.0},{"damage":0.0,"enemies":"Gremlin Nob","floor":10.0,"turns":2.0},{"damage":0.0,"enemies":"Lagavulin","floor":11.0,"turns":3.0},{"damage":0.0,"enemies":"3 Sentries","floor":12.0,"turns":3.0},{"damage":0.0,"enemies":"Gremlin Nob","floor":13.0,"turns":3.0},{"damage":0.0,"enemies":"3 Sentries","floor":14.0,"turns":3.0},{"damage":0.0,"enemies":"Hexaghost","floor":16.0,"turns":8.0},{"damage":0.0,"enemies":"Shell Parasite","floor":18.0,"turns":2.0},{"damage":0,"enemies":"Book of Stabbing","floor":23,"turns":5},{"damage":6,"enemies":"Slavers","floor":24,"turns":3},{"damage":0,"enemies":"Book of Stabbing","floor":25,"turns":5},{"damage":0,"enemies":"Gremlin Leader","floor":27,"turns":4},{"damage":1,"enemies":"Slavers","floor":28,"turns":3},{"damage":0,"enemies":"Book of Stabbing","floor":29,"turns":4},{"damage":0,"enemies":"Gremlin Leader","floor":30,"turns":5},{"damage":0,"enemies":"Collector","floor":33,"turns":4},{"damage":0,"enemies":"3 Darklings","floor":35,"turns":1},{"damage":0,"enemies":"2 Orb Walkers","floor":37,"turns":1},{"damage":0,"enemies":"3 Shapes","floor":38,"turns":2},{"damage":0,"enemies":"Reptomancer","floor":40,"turns":1},{"damage":0,"enemies":"Nemesis","floor":41,"turns":2},{"damage":0,"enemies":"Giant Head","floor":42,"turns":1},{"damage":0,"enemies":"Reptomancer","floor":44,"turns":1},{"damage":0,"enemies":"Nemesis","floor":48,"turns":1},{"damage":0,"enemies":"Awakened One","floor":50,"turns":5}],"seed_played":"-4713774794818707816","potions_obtained":[{"floor":6.0,"key":"SkillPotion"},{"floor":7.0,"key":"Strength Potion"},{"floor":8.0,"key":"SkillPotion"},{"floor":12.0,"key":"Dexterity Potion"},{"floor":14.0,"key":"Block Potion"},{"floor":18.0,"key":"Energy Potion"},{"floor":24,"key":"Block Potion"},{"floor":27,"key":"Energy Potion"},{"floor":28,"key":"Dexterity Potion"},{"floor":33,"key":"Fruit Juice"},{"floor":35,"key":"SkillPotion"}],"is_trial":true,"path_per_floor":["M","?","?","$","M","E","E","E","E","T","E","E","E","E","E","R","B",null,"M","?","?","?","?","E","E","E","T","E","E","E","E","$","R","B",null,"M","?","?","M","$","E","E","E","T","E","T","$","?","E","R","B",null],"character_chosen":"DEFECT","items_purchased":["Acrobatics","Bag of Preparation","Omamori","Thread and Needle","Centennial Puzzle","Turbo+1","Boot","Bird Faced Urn","Armaments+1","Sling","ClockworkSouvenir","Bag of Marbles","Ginger"],"campfire_rested":0,"item_purchase_floors":[4,31,31,31,31,31,31,31,31,31,39,39,46],"current_hp_per_floor":[75,75,75,75,75,75,75,75,75,75,75,75,75,75,75,75,75,75,75,75,75,75,75,69,69,69,69,68,78,78,78,78,92,92,92,92,94,94,94,96,98,100,100,102,102,102,97,99,99,99],"gold":67,"neow_bonus":"","is_prod":false,"is_daily":false,"chose_seed":false,"campfire_upgraded":3,"win_rate":0,"timestamp":1545668539,"path_taken":["M","?","?","?","M","E","E","E","T","E","E","E","E","E","R","BOSS","M","?","?","?","?","E","E","E","T","E","E","E","E","$","R","BOSS","M","?","?","M","$","E","E","E","T","E","?","$","?","E","R","BOSS"],"build_version":"2018-12-20","purchased_purges":1,"victory":true,"max_hp_per_floor":[75,75,75,75,75,75,75,75,75,75,75,75,75,75,75,75,75,75,75,75,75,75,75,75,75,75,75,75,85,85,85,85,92,92,92,92,94,94,94,96,98,100,100,102,102,102,97,99,99,99],"card_choices":[{"not_picked":["Mayhem","Night Terror"],"picked":"HandOfGreed","floor":6.0},{"not_picked":["Immolate","Phantasmal Killer","HandOfGreed"],"picked":"SKIP","floor":7.0},{"not_picked":["Brutality","Glass Knife"],"picked":"Adrenaline","floor":8.0},{"not_picked":["Double Tap","Thinking Ahead"],"picked":"All For One","floor":10.0},{"not_picked":["Berserk","Transmutation"],"picked":"Mayhem","floor":11.0},{"not_picked":["Tools of the Trade","Immolate"],"picked":"Creative AI","floor":12.0},{"not_picked":["Adrenaline+1","Exhume+1"],"picked":"Malaise+1","floor":13.0},{"not_picked":["Amplify+1","Demon Form","All For One"],"picked":"SKIP","floor":14.0},{"not_picked":["Storm of Steel+1","Violence+1","Fiend Fire"],"picked":"SKIP","floor":23},{"not_picked":["Die Die Die","Secret Technique+1"],"picked":"Exhume+1","floor":24},{"not_picked":["Demon Form","HandOfGreed"],"picked":"Barricade","floor":25},{"not_picked":["Exhume+1","Tools of the Trade"],"picked":"Thinking Ahead+1","floor":27},{"not_picked":["Demon Form","Double Tap+1"],"picked":"After Image","floor":28},{"not_picked":["Bludgeon","Panache"],"picked":"Grand Finale","floor":29},{"not_picked":["Multi-Cast+1","Feed"],"picked":"Master of Strategy+1","floor":30},{"not_picked":["Double Tap+1","Die Die Die","Adrenaline+1"],"picked":"Singing Bowl","floor":33},{"not_picked":["Go for the Eyes+1","Caltrops+1","Bandage Up+1"],"picked":"Singing Bowl","floor":37},{"not_picked":["Rainbow+1","Electrodynamics","Panache"],"picked":"Singing Bowl","floor":40},{"not_picked":["Grand Finale","Bullet Time+1","HandOfGreed"],"picked":"Singing Bowl","floor":41},{"not_picked":["The Bomb+1","Amplify+1","After Image"],"picked":"Singing Bowl","floor":42},{"not_picked":["The Bomb+1","Buffer+1","Die Die Die"],"picked":"Singing Bowl","floor":44},{"not_picked":["Impervious+1","Phantasmal Killer+1","Metamorphosis+1"],"picked":"Singing Bowl","floor":48}],"player_experience":2440601,"relics_obtained":[{"floor":1.0,"key":"Anchor"},{"floor":5.0,"key":"Cables"},{"floor":6.0,"key":"Lantern"},{"floor":7.0,"key":"Mummified Hand"},{"floor":8.0,"key":"Oddly Smooth Stone"},{"floor":9.0,"key":"Smiling Mask"},{"floor":10.0,"key":"Orichalcum"},{"floor":11.0,"key":"Matryoshka"},{"floor":12.0,"key":"Toxic Egg 2"},{"floor":13.0,"key":"Du-Vu Doll"},{"floor":14.0,"key":"The Courier"},{"floor":18.0,"key":"DataDisk"},{"floor":23,"key":"Peace Pipe"},{"floor":23,"key":"Calipers"},{"floor":24,"key":"Torii"},{"floor":24,"key":"Juzu Bracelet"},{"floor":25,"key":"Symbiotic Virus"},{"floor":25,"key":"Art of War"},{"floor":26,"key":"Ancient Tea Set"},{"floor":26,"key":"Meat on the Bone"},{"floor":27,"key":"Gremlin Horn"},{"floor":27,"key":"Old Coin"},{"floor":28,"key":"Bronze Scales"},{"floor":28,"key":"Shuriken"},{"floor":29,"key":"Singing Bowl"},{"floor":29,"key":"Pear"},{"floor":30,"key":"Pen Nib"},{"floor":30,"key":"PreservedInsect"},{"floor":35,"key":"Tiny Chest"},{"floor":37,"key":"Unceasing Top"},{"floor":38,"key":"Letter Opener"},{"floor":40,"key":"Dream Catcher"},{"floor":40,"key":"Kunai"},{"floor":41,"key":"Dodecahedron"},{"floor":41,"key":"Bottled Lightning"},{"floor":42,"key":"FossilizedHelix"},{"floor":42,"key":"Frozen Egg 2"},{"floor":43,"key":"Sundial"},{"floor":43,"key":"Ornamental Fan"},{"floor":44,"key":"Darkstone Periapt"},{"floor":44,"key":"Prayer Wheel"},{"floor":45,"key":"Gambling Chip"},{"floor":48,"key":"Emotion Chip"},{"floor":48,"key":"StoneCalendar"}],"event_choices":[{"damage_healed":0.0,"max_hp_gain":0.0,"max_hp_loss":0.0,"gold_gain":0.0,"event_name":"Liars Game","player_choice":"Ignored","floor":2.0,"gold_loss":0.0,"damage_taken":0.0},{"cards_removed":["Shrug It Off"],"damage_healed":0.0,"max_hp_gain":0.0,"max_hp_loss":0.0,"gold_gain":0.0,"event_name":"The Cleric","player_choice":"Card Removal","floor":3.0,"gold_loss":50.0,"damage_taken":0.0},{"damage_healed":0.0,"max_hp_gain":0.0,"max_hp_loss":0.0,"gold_gain":0.0,"event_name":"The Library","player_choice":"Read","floor":19.0,"gold_loss":0.0,"damage_taken":0.0,"cards_obtained":["Deflect"]},{"damage_healed":0,"gold_gain":0,"player_choice":"Inject Mutagens","damage_taken":0,"relics_obtained":["MutagenicStrength"],"max_hp_gain":0,"max_hp_loss":0,"event_name":"Drug Dealer","floor":20,"gold_loss":0},{"damage_healed":0,"gold_gain":0,"player_choice":"Ignored","damage_taken":0,"max_hp_gain":0,"max_hp_loss":0,"event_name":"Ghosts","floor":21,"gold_loss":0},{"damage_healed":0,"gold_gain":0,"player_choice":"Opened","damage_taken":0,"relics_obtained":["Regal Pillow"],"max_hp_gain":0,"max_hp_loss":0,"event_name":"The Mausoleum","floor":22,"gold_loss":0,"cards_obtained":["Writhe"]},{"damage_healed":0,"gold_gain":0,"player_choice":"Ignored","damage_taken":0,"max_hp_gain":0,"max_hp_loss":0,"event_name":"Tomb of Lord Red Mask","floor":36,"gold_loss":0},{"damage_healed":0,"gold_gain":0,"player_choice":"Fight","damage_taken":0,"max_hp_gain":0,"max_hp_loss":0,"event_name":"Mysterious Sphere","floor":37,"gold_loss":0},{"damage_healed":0,"gold_gain":0,"player_choice":"Max HP","damage_taken":0,"max_hp_gain":0,"max_hp_loss":5,"event_name":"Winding Halls","floor":47,"gold_loss":0}],"is_beta":false,"boss_relics":[{"not_picked":["Orrery","Velvet Choker"],"picked":"Black Star"},{"not_picked":["Philosopher\u0027s Stone","Sozu"],"picked":"Cursed Key"}],"items_purged_floors":[31],"is_endless":false,"potions_floor_spawned":[6,7,8,12,14,18,24,27,28,33,35,37,48],"ascension_level":0}