{"gold_per_floor":[115,130,130,149,160,160,17,49,73,73,105,120,134,159,159,261,261,274,274,274,55,65,65,82,113,413,413],"floor_reached":27,"playtime":836,"items_purged":["Normality"],"score":348,"play_id":"c80109ca-baea-4928-a5a0-d1216face0cf","local_time":"25610720211518","is_ascension_mode":true,"campfire_choices":[{"data":"Double Tap","floor":6,"key":"SMITH"},{"data":"Thunderclap","floor":10,"key":"SMITH"},{"data":"Flex","floor":15,"key":"SMITH"},{"floor":23,"key":"REST"}],"neow_cost":"NONE","seed_source_timestamp":36025146966571,"circlet_count":0,"master_deck":["Strike_R+1","Strike_R","Strike_R","Strike_R+1","Defend_R","Defend_R","Defend_R","Defend_R","Bash+1","Flex+1","Thunderclap+1","Double Tap+1","Shrug It Off","Cleave+1"],"relics":["Burning Blood","Blood Vial","Whetstone","Bag of Preparation","Regal Pillow","Lantern","Lizard Tail","Centennial Puzzle","Orichalcum","Kunai","Old Coin"],"potions_floor_usage":[8,11,11,14,18,25,27],"damage_taken":[{"damage":7,"enemies":"Jaw Worm","floor":1,"turns":3},{"damage":6,"enemies":"Cultist","floor":2,"turns":3},{"damage":1,"enemies":"2 Louse","floor":4,"turns":2},{"damage":7,"enemies":"Large Slime","floor":5,"turns":5},{"damage":26,"enemies":"Gremlin Nob","floor":8,"turns":4},{"damage":13,"enemies":"3 Sentries","floor":11,"turns":4},{"damage":1,"enemies":"Exordium Thugs","floor":12,"turns":3},{"damage":1,"enemies":"3 Louse","floor":13,"turns":4},{"damage":0,"enemies":"Gremlin Nob","floor":14,"turns":2},{"damage":77,"enemies":"The Guardian","floor":16,"turns":9},{"damage":38,"enemies":"3 Byrds","floor":18,"turns":6},{"damage":21,"enemies":"Spheric Guardian","floor":22,"turns":4},{"damage":16,"enemies":"Snake Plant","floor":24,"turns":2},{"damage":31,"enemies":"Slavers","floor":25,"turns":8},{"damage":22,"enemies":"Gremlin Leader","floor":27,"turns":3}],"seed_played":"6525425324546206272","potions_obtained":[{"floor":2,"key":"Explosive Potion"},{"floor":3,"key":"Regen Potion"},{"floor":3,"key":"Weak Potion"},{"floor":8,"key":"GamblersBrew"},{"floor":11,"key":"Energy Potion"},{"floor":13,"key":"Ancient Potion"},{"floor":16,"key":"Weak Potion"},{"floor":25,"key":"Fire Potion"}],"is_trial":false,"path_per_floor":["M","M","?","M","M","R","$","E","T","R","E","M","M","E","R","B",null,"M","?","?","$","M","R","M","E","T"],"character_chosen":"IRONCLAD","items_purchased":["Blood Vial","Orichalcum"],"campfire_rested":1,"item_purchase_floors":[7,21],"current_hp_per_floor":[79,79,79,80,79,79,79,60,60,60,67,74,80,80,80,9,62,32,32,32,32,19,58,50,27,27,7],"gold":413,"neow_bonus":"UPGRADE_CARD","is_prod":false,"is_daily":false,"chose_seed":false,"campfire_upgraded":3,"win_rate":0,"timestamp":1532096118,"path_taken":["M","M","?","M","M","R","$","E","T","R","E","M","M","E","R","BOSS","M","?","?","$","M","R","M","E","T","E"],"build_version":"2018-07-19v2","purchased_purges":1,"victory":false,"max_hp_per_floor":[80,80,80,80,80,80,80,80,80,80,80,80,80,80,80,80,80,80,80,80,80,80,80,80,80,80,80],"card_choices":[{"not_picked":["Headbutt","Pommel Strike"],"picked":"Flex","floor":1},{"not_picked":["Warcry","Iron Wave"],"picked":"Thunderclap","floor":2},{"not_picked":["Heavy Blade","Iron Wave","Pommel Strike"],"picked":"SKIP","floor":4},{"not_picked":["Rage","Wild Strike"],"picked":"Double Tap","floor":5},{"not_picked":["Sentinel","Twin Strike","Sword Boomerang"],"picked":"SKIP","floor":8},{"not_picked":["Thunderclap","Shrug It Off","Flex"],"picked":"SKIP","floor":11},{"not_picked":["Body Slam","Cleave","Thunderclap"],"picked":"SKIP","floor":12},{"not_picked":["Immolate","Disarm","Havoc"],"picked":"SKIP","floor":13},{"not_picked":["Anger","Flame Barrier","Limit Break"],"picked":"SKIP","floor":14},{"not_picked":["Second Wind+1","Bloodletting","Warcry"],"picked":"SKIP","floor":18},{"not_picked":["Iron Wave","Armaments","Shrug It Off"],"picked":"SKIP","floor":22},{"not_picked":["Flex","Flame Barrier","Wild Strike+1"],"picked":"SKIP","floor":24},{"not_picked":["Perfected Strike","Evolve+1"],"picked":"Cleave+1","floor":25}],"player_experience":106807,"relics_obtained":[{"floor":8,"key":"Whetstone"},{"floor":9,"key":"Bag of Preparation"},{"floor":11,"key":"Regal Pillow"},{"floor":14,"key":"Lantern"},{"floor":25,"key":"Kunai"},{"floor":26,"key":"Old Coin"}],"event_choices":[{"event_name":"The Lab","player_choice":"Got Potions","floor":3,"damage_taken":0},{"event_name":"Transmorgrifier","player_choice":"Transform","floor":19,"damage_taken":0},{"event_name":"Accursed Blacksmith","player_choice":"Rummage","floor":20,"damage_taken":0}],"is_beta":false,"boss_relics":[{"not_picked":["Runic Cube","Ectoplasm"],"picked":"Lizard Tail"}],"items_purged_floors":[21],"is_endless":false,"potions_floor_spawned":[2,4,8,11,13,16,25],"killed_by":"Gremlin Leader","ascension_level":5}