{"gold_per_floor":[115,115,138,163,8,42,42,78,78,94,134,134,134,172,172,268,268,281,281,295,295,308,339,359,398,478,513,513,513,428,446,446,523,523,541,96,146,161,174,174,174,174,174,187,187,216,16,31,31,31,31],"floor_reached":52,"playtime":3254,"items_purged":["Injury"],"score":1961,"play_id":"06bdcd6b-e0a7-4a1c-9093-d2952d066869","local_time":"20181214192313","daily_mods":["SealedDeck"],"is_ascension_mode":true,"campfire_choices":[{"data":"Defragment","floor":7.0,"key":"SMITH"},{"data":"Go for the Eyes","floor":12.0,"key":"SMITH"},{"data":"Beam Cell","floor":15.0,"key":"SMITH"},{"data":"Capacitor","floor":29.0,"key":"SMITH"},{"data":"Hologram","floor":32.0,"key":"SMITH"},{"data":"Consume","floor":40.0,"key":"SMITH"},{"floor":45.0,"key":"DIG"},{"floor":49.0,"key":"REST"}],"neow_cost":"","seed_source_timestamp":0,"circlet_count":0,"master_deck":["AscendersBane","Doom and Gloom","Conserve Battery","Hologram+1","Leap","Beam Cell+1","FTL","Genetic Algorithm","Cold Snap","Chill","Go for the Eyes+1","Defragment+1","Capacitor+1","Glacier","Electrodynamics","Glacier","Echo Form","Compile Driver+1","All For One","Consume+1","Recycle","Loop","Redo+1"],"special_seed":0,"relics":["Cracked Core","Bloody Idol","Kunai","Shovel","Unceasing Top","Emotion Chip","Dream Catcher","Philosopher\u0027s Stone","MutagenicStrength","Anchor","Pantograph","Question Card","Pear","Bag of Marbles","Orrery","Letter Opener","Torii","Symbiotic Virus","Oddly Smooth Stone","Ancient Tea Set","Happy Flower"],"potions_floor_usage":[],"damage_taken":[{"damage":0.0,"enemies":"2 Louse","floor":1.0,"turns":2.0},{"damage":0.0,"enemies":"Small Slimes","floor":3.0,"turns":3.0},{"damage":2.0,"enemies":"Jaw Worm","floor":4.0,"turns":3.0},{"damage":1.0,"enemies":"3 Sentries","floor":6.0,"turns":13.0},{"damage":0.0,"enemies":"Gremlin Nob","floor":8.0,"turns":4.0},{"damage":0.0,"enemies":"Blue Slaver","floor":10.0,"turns":3.0},{"damage":1.0,"enemies":"3 Sentries","floor":11.0,"turns":9.0},{"damage":5.0,"enemies":"Gremlin Nob","floor":14.0,"turns":5.0},{"damage":8.0,"enemies":"Slime Boss","floor":16.0,"turns":15.0},{"damage":0.0,"enemies":"Spheric Guardian","floor":18.0,"turns":4.0},{"damage":0.0,"enemies":"Shell Parasite","floor":20.0,"turns":5.0},{"damage":3.0,"enemies":"Snecko","floor":22.0,"turns":7.0},{"damage":4.0,"enemies":"Book of Stabbing","floor":23.0,"turns":5.0},{"damage":3.0,"enemies":"Shelled Parasite and Fungi","floor":24.0,"turns":6.0},{"damage":3.0,"enemies":"Gremlin Leader","floor":25.0,"turns":8.0},{"damage":8.0,"enemies":"Slavers","floor":27.0,"turns":7.0},{"damage":8.0,"enemies":"Snake Plant","floor":31.0,"turns":5.0},{"damage":12.0,"enemies":"Automaton","floor":33.0,"turns":13.0},{"damage":0.0,"enemies":"3 Shapes","floor":35.0,"turns":6.0},{"damage":36.0,"enemies":"2 Orb Walkers","floor":37.0,"turns":4.0},{"damage":1.0,"enemies":"Orb Walker","floor":38.0,"turns":5.0},{"damage":7.0,"enemies":"Sphere and 2 Shapes","floor":39.0,"turns":7.0},{"damage":1.0,"enemies":"3 Darklings","floor":44.0,"turns":6.0},{"damage":31.0,"enemies":"Reptomancer","floor":46.0,"turns":8.0},{"damage":13.0,"enemies":"Jaw Worm Horde","floor":48.0,"turns":4.0},{"damage":19,"enemies":"Time Eater","floor":50,"turns":11},{"damage":15,"enemies":"Awakened One","floor":51,"turns":19}],"seed_played":"2468625994497202852","potions_obtained":[{"floor":4.0,"key":"GamblersBrew"},{"floor":6.0,"key":"SkillPotion"},{"floor":24.0,"key":"Block Potion"},{"floor":27.0,"key":"Explosive Potion"},{"floor":31.0,"key":"Ancient Potion"},{"floor":33.0,"key":"Fire Potion"},{"floor":46.0,"key":"SneckoOil"}],"is_trial":true,"path_per_floor":["M","?","M","M","$","E","R","E","T","M","E","R","$","E","R","B",null,"M","?","M","$","M","E","M","E","T","E","?","R","?","M","R","B",null,"M","$","?","M","M","R","$","?","T","M","R","E","$","M","R","B","B",null],"character_chosen":"DEFECT","items_purchased":["Capacitor","Letter Opener","All For One","Happy Flower","Loop"],"campfire_rested":1,"item_purchase_floors":[5,36,36,47,47],"current_hp_per_floor":[64,64,64,62,62,61,61,61,61,61,67,67,67,69,69,68,70,71,71,71,71,71,71,71,71,71,80,80,80,80,81,81,81,81,81,81,64,81,81,81,81,81,81,81,81,55,55,47,71,62,66],"gold":31,"neow_bonus":"","is_prod":false,"is_daily":false,"chose_seed":false,"campfire_upgraded":6,"win_rate":0,"timestamp":1544844193,"path_taken":["M","?","M","M","$","E","R","E","T","M","E","R","$","E","R","BOSS","M","?","M","$","M","E","M","E","T","E","?","R","?","M","R","BOSS","M","$","?","M","M","R","$","?","T","M","R","E","$","M","R","BOSS","BOSS"],"build_version":"2018-12-13","purchased_purges":1,"victory":true,"max_hp_per_floor":[71,71,71,71,71,71,71,71,71,71,71,71,71,71,71,71,71,71,71,71,71,71,71,71,71,71,81,81,81,81,81,81,81,81,81,81,81,81,81,81,81,81,81,81,81,81,81,81,81,81,81],"card_choices":[{"not_picked":["Rebound","Reinforced Body"],"picked":"Defragment","floor":1.0},{"not_picked":["Storm","Gash","Rip and Tear"],"picked":"SKIP","floor":3.0},{"not_picked":["Defragment","Barrage","Tempest"],"picked":"SKIP","floor":4.0},{"not_picked":["Coolheaded","Hologram","Go for the Eyes"],"picked":"SKIP","floor":6.0},{"not_picked":["Auto Shields","Turbo"],"picked":"Self Repair","floor":8.0},{"not_picked":["Conserve Battery","Leap","Beam Cell"],"picked":"SKIP","floor":10.0},{"not_picked":["Reboot","Beam Cell"],"picked":"Glacier","floor":11.0},{"not_picked":["Coolheaded","Hyperbeam","Doom and Gloom"],"picked":"SKIP","floor":14.0},{"not_picked":["Multi-Cast","Buffer"],"picked":"Electrodynamics","floor":16.0},{"not_picked":["Double Energy","Turbo","Defragment"],"picked":"SKIP","floor":18.0},{"not_picked":["Go for the Eyes","Steam+1","Consume"],"picked":"SKIP","floor":20.0},{"not_picked":["Conserve Battery","Tempest","Turbo"],"picked":"SKIP","floor":22.0},{"not_picked":["Self Repair","Gash","Lockon"],"picked":"SKIP","floor":23.0},{"not_picked":["Steam Power","Leap","Consume"],"picked":"SKIP","floor":24.0},{"not_picked":["Gash+1","Steam","Force Field"],"picked":"SKIP","floor":25.0},{"not_picked":["Tempest","FTL","Rebound","Barrage"],"picked":"SKIP","floor":27.0},{"not_picked":["Steam","Rebound","Self Repair"],"picked":"Glacier","floor":31.0},{"not_picked":["Core Surge","Rainbow","Fission"],"picked":"Echo Form","floor":33.0},{"not_picked":["Beam Cell","Conserve Battery","Doom and Gloom"],"picked":"Compile Driver+1","floor":34.0},{"not_picked":["Self Repair","Barrage","Beam Cell","Redo"],"picked":"SKIP","floor":35.0},{"not_picked":["Capacitor","Leap","Gash"],"picked":"Consume","floor":37.0},{"not_picked":["Conserve Battery","Turbo","Sweeping Beam","Go for the Eyes"],"picked":"SKIP","floor":38.0},{"not_picked":["Rip and Tear","Cold Snap","Consume","Stack"],"picked":"SKIP","floor":39.0},{"not_picked":["Turbo","Streamline","Double Energy","Stack+1"],"picked":"SKIP","floor":44.0},{"not_picked":["Leap+1","Force Field","Double Energy"],"picked":"Recycle","floor":46.0},{"not_picked":["Rebound","Creative AI","Turbo","Cold Snap"],"picked":"SKIP","floor":48.0},{"not_picked":["Turbo","Rip and Tear","Stack"],"picked":"Redo+1","floor":49.0}],"player_experience":1799552,"relics_obtained":[{"floor":6.0,"key":"Kunai"},{"floor":8.0,"key":"Shovel"},{"floor":9.0,"key":"Unceasing Top"},{"floor":11.0,"key":"Emotion Chip"},{"floor":14.0,"key":"Dream Catcher"},{"floor":23.0,"key":"Anchor"},{"floor":25.0,"key":"Pantograph"},{"floor":26.0,"key":"Question Card"},{"floor":27.0,"key":"Pear"},{"floor":37.0,"key":"Torii"},{"floor":43.0,"key":"Symbiotic Virus"},{"floor":45.0,"key":"Oddly Smooth Stone"},{"floor":46.0,"key":"Ancient Tea Set"}],"event_choices":[{"damage_healed":0.0,"max_hp_gain":0.0,"max_hp_loss":0.0,"gold_gain":0.0,"event_name":"Golden Idol","player_choice":"Take Wound","floor":2.0,"gold_loss":0.0,"damage_taken":0.0,"relics_obtained":["Golden Idol"],"cards_obtained":["Injury"]},{"damage_healed":0.0,"max_hp_gain":0.0,"max_hp_loss":0.0,"gold_gain":0.0,"event_name":"Drug Dealer","player_choice":"Inject Mutagens","floor":19.0,"gold_loss":0.0,"damage_taken":0.0,"relics_obtained":["MutagenicStrength"]},{"damage_healed":0.0,"max_hp_gain":0.0,"max_hp_loss":0.0,"gold_gain":0.0,"event_name":"Forgotten Altar","player_choice":"Gave Idol","floor":28.0,"relics_lost":["Golden Idol"],"gold_loss":0.0,"damage_taken":0.0,"relics_obtained":["Bloody Idol"]},{"damage_healed":0.0,"max_hp_gain":0.0,"max_hp_loss":0.0,"gold_gain":0.0,"event_name":"Addict","player_choice":"Obtained Relic","floor":30.0,"gold_loss":85.0,"damage_taken":0.0,"relics_obtained":["Bag of Marbles"]},{"damage_healed":0.0,"max_hp_gain":0.0,"max_hp_loss":0.0,"gold_gain":0.0,"event_name":"Mysterious Sphere","player_choice":"Fight","floor":37.0,"gold_loss":0.0,"damage_taken":0.0},{"cards_removed":["Self Repair"],"damage_healed":0.0,"max_hp_gain":0.0,"max_hp_loss":0.0,"gold_gain":0.0,"event_name":"Falling","player_choice":"Removed Power","floor":42.0,"gold_loss":0.0,"damage_taken":0.0}],"is_beta":false,"boss_relics":[{"not_picked":["Black Star","Eternal Feather"],"picked":"Philosopher\u0027s Stone"},{"not_picked":["Velvet Choker","Runic Dome"],"picked":"Orrery"}],"items_purged_floors":[5],"is_endless":false,"potions_floor_spawned":[4,6,10,11,18,24,27,31,33,35,46],"ascension_level":20}