{"gold_per_floor":[113,113,129,28,48,75,91,122,176,176,8,183,183,197,197,300,300,318,193,213,58,58,89,89,89],"floor_reached":25,"playtime":1293,"items_purged":["Defend_R","Strike_R","Strike_R"],"score":229,"play_id":"36d45a50-cb55-4d18-a361-21caa681e75c","local_time":"25610714233504","is_ascension_mode":false,"campfire_choices":[{"data":"Limit Break","floor":10,"key":"SMITH"},{"data":"Flex","floor":15,"key":"SMITH"},{"data":"Bludgeon","floor":24,"key":"SMITH"}],"neow_cost":"NONE","seed_source_timestamp":47769883491533,"circlet_count":0,"master_deck":["Strike_R","Strike_R","Strike_R","Defend_R","Defend_R","Defend_R","Bash","Anger","Shrug It Off","Flex+1","Headbutt","Limit Break+1","Burning Pact","Infernal Blade","Fire Breathing","Carnage","Bludgeon+1","Metallicize","Jack Of All Trades","Anger","Anger+1"],"relics":["Black Blood","Bag of Marbles","Bag of Preparation","Question Card","Strawberry","Pen Nib"],"potions_floor_usage":[8,16,16,23,25],"damage_taken":[{"damage":5,"enemies":"2 Louse","floor":1,"turns":2},{"damage":6,"enemies":"Cultist","floor":3,"turns":3},{"damage":5,"enemies":"Small Slimes","floor":5,"turns":4},{"damage":27,"enemies":"Gremlin Nob","floor":6,"turns":4},{"damage":1,"enemies":"3 Louse","floor":7,"turns":2},{"damage":44,"enemies":"3 Sentries","floor":8,"turns":9},{"damage":3,"enemies":"Lots of Slimes","floor":14,"turns":3},{"damage":19,"enemies":"Slime Boss","floor":16,"turns":7},{"damage":10,"enemies":"Chosen","floor":18,"turns":3},{"damage":24,"enemies":"Spheric Guardian","floor":20,"turns":4},{"damage":41,"enemies":"Slavers","floor":23,"turns":6},{"damage":43,"enemies":"Gremlin Leader","floor":25,"turns":6}],"seed_played":"8415406684093946794","potions_obtained":[{"floor":3,"key":"LiquidBronze"},{"floor":5,"key":"Dexterity Potion"},{"floor":14,"key":"SpeedPotion"},{"floor":16,"key":"Energy Potion"},{"floor":23,"key":"LiquidBronze"}],"is_trial":false,"path_per_floor":["M","?","M","$","M","E","M","E","T","R","$","?","?","M","R","B",null,"M","$","M","$","?","E","R"],"character_chosen":"IRONCLAD","items_purchased":["Flex","Fire Breathing","Jack Of All Trades","Anger"],"campfire_rested":0,"item_purchase_floors":[4,11,21,21],"current_hp_per_floor":[80,80,80,80,80,59,64,26,33,33,33,33,33,36,36,23,87,87,87,73,73,73,42,42,0],"gold":89,"neow_bonus":"RANDOM_COMMON_RELIC","is_prod":false,"is_daily":false,"chose_seed":false,"campfire_upgraded":3,"win_rate":0.0,"timestamp":1531586104,"path_taken":["M","?","M","$","M","E","M","E","T","R","$","?","?","M","R","BOSS","M","$","M","$","?","E","R","E"],"build_version":"2018-07-12","purchased_purges":3,"victory":false,"max_hp_per_floor":[80,80,80,80,80,80,80,80,87,87,87,87,87,87,87,87,87,87,87,87,87,87,87,87,87],"card_choices":[{"not_picked":["Warcry","Body Slam"],"picked":"Anger","floor":1},{"not_picked":["Headbutt","Bloodletting"],"picked":"Shrug It Off","floor":3},{"not_picked":["Corruption","Rampage"],"picked":"Headbutt","floor":5},{"not_picked":["Warcry","Flex"],"picked":"Limit Break","floor":6},{"not_picked":["Perfected Strike","Carnage"],"picked":"Burning Pact","floor":7},{"not_picked":["Searing Blow","Reckless Charge"],"picked":"Infernal Blade","floor":8},{"not_picked":["Cleave","Headbutt","Shrug It Off"],"picked":"Carnage","floor":14},{"not_picked":["Berserk","Limit Break","Dark Embrace"],"picked":"Bludgeon","floor":16},{"not_picked":["Twin Strike","Shockwave+1","Carnage"],"picked":"Metallicize","floor":18},{"not_picked":["Iron Wave","Body Slam","Heavy Blade","Warcry"],"picked":"SKIP","floor":20},{"not_picked":["Sword Boomerang","Warcry","Pummel"],"picked":"Anger+1","floor":23}],"player_experience":5982,"relics_obtained":[{"floor":6,"key":"Bag of Preparation"},{"floor":8,"key":"Question Card"},{"floor":9,"key":"Strawberry"},{"floor":23,"key":"Pen Nib"}],"event_choices":[{"event_name":"The Woman in Blue","player_choice":"Bought 0 Potions","floor":2,"damage_taken":0},{"event_name":"Liars Game","player_choice":"agreed","floor":12,"damage_taken":0},{"event_name":"Fountain of Cleansing","player_choice":"Removed Curse","floor":13,"damage_taken":0},{"event_name":"Vampires","player_choice":"Ignored","floor":22,"damage_taken":0}],"boss_relics":[{"not_picked":["Philosopher\u0027s Stone","Runic Cube"],"picked":"Black Blood"}],"items_purged_floors":[4,11,19],"is_endless":false,"potions_floor_spawned":[3,5,14,16,23],"killed_by":"Gremlin Leader","ascension_level":0}