{"gold_per_floor":[115,130,55,4,27,71,99,111,123,147,179,219,231,273,285,370,382,413,64,64,79,28,28,41,41,41,41,76,0,16,27,27,102,102,114,130,230,230,247,247,280,297,344,344,364,374,386,406,406,406],"floor_reached":50,"playtime":2158,"items_purged":["Strike_B"],"score":1088,"play_id":"364dd0bd-87fc-459c-8a6c-1e7db656e075","local_time":"25620319231903","is_ascension_mode":true,"campfire_choices":[{"data":"Buffer","floor":8.0,"key":"SMITH"},{"floor":13.0,"key":"REST"},{"data":"Streamline","floor":15.0,"key":"SMITH"},{"data":"Hologram","floor":23.0,"key":"SMITH"},{"data":"Defragment","floor":25.0,"key":"SMITH"},{"data":"Chaos","floor":27.0,"key":"SMITH"},{"floor":32.0,"key":"REST"},{"data":"Defragment","floor":40,"key":"SMITH"},{"data":"Rainbow","floor":44,"key":"SMITH"},{"floor":49,"key":"REST"}],"neow_cost":"NONE","seed_source_timestamp":23763629418312,"circlet_count":0,"master_deck":["AscendersBane","Zap","Dualcast","Buffer+1","Chaos+1","Hologram+1","BootSequence","Steam","Capacitor","Cold Snap","Streamline+1","BootSequence","Machine Learning+1","Sweeping Beam+1","Beam Cell","Bandage Up","Loop+1","Gash","Defragment+1","Gash","Echo Form","Core Surge","Conserve Battery","Barrage","Beam Cell","Chaos","Hologram","Leap","Parasite","Defragment+1","Rainbow+1","Stack+1","Gash","Tempest+1","Go for the Eyes","Coolheaded"],"special_seed":0,"relics":["Cracked Core","MawBank","Du-Vu Doll","Shuriken","Pantograph","PreservedInsect","Sozu","Orichalcum","Matryoshka","Bottled Flame","Pandora\u0027s Box","FossilizedHelix","Oddly Smooth Stone","Happy Flower","Bottled Lightning"],"potions_floor_usage":[],"damage_taken":[{"damage":7.0,"enemies":"Jaw Worm","floor":1.0,"turns":4.0},{"damage":0.0,"enemies":"Cultist","floor":2.0,"turns":4.0},{"damage":11.0,"enemies":"Small Slimes","floor":5.0,"turns":5.0},{"damage":30.0,"enemies":"Gremlin Nob","floor":6.0,"turns":5.0},{"damage":0.0,"enemies":"2 Fungi Beasts","floor":7.0,"turns":5.0},{"damage":7.0,"enemies":"Looter","floor":10.0,"turns":4.0},{"damage":1.0,"enemies":"Lots of Slimes","floor":11.0,"turns":5.0},{"damage":14.0,"enemies":"3 Sentries","floor":12.0,"turns":7.0},{"damage":0.0,"enemies":"Gremlin Nob","floor":14.0,"turns":2.0},{"damage":0.0,"enemies":"Slime Boss","floor":16.0,"turns":11.0},{"damage":2.0,"enemies":"Chosen","floor":18.0,"turns":6.0},{"damage":9.0,"enemies":"2 Thieves","floor":21.0,"turns":4.0},{"damage":27.0,"enemies":"Snake Plant","floor":24.0,"turns":6.0},{"damage":22.0,"enemies":"Book of Stabbing","floor":28.0,"turns":5.0},{"damage":7.0,"enemies":"Sentry and Sphere","floor":30.0,"turns":5.0},{"damage":8.0,"enemies":"Centurion and Healer","floor":31.0,"turns":6.0},{"damage":34.0,"enemies":"Collector","floor":33.0,"turns":7.0},{"damage":0.0,"enemies":"Orb Walker","floor":35.0,"turns":4.0},{"damage":27.0,"enemies":"3 Darklings","floor":36.0,"turns":6.0},{"damage":3,"enemies":"Mind Bloom Boss Battle","floor":37,"turns":6},{"damage":16,"enemies":"Writhing Mass","floor":39,"turns":7},{"damage":26,"enemies":"Giant Head","floor":41,"turns":8},{"damage":0,"enemies":"Maw","floor":42,"turns":8},{"damage":0,"enemies":"Sphere and 2 Shapes","floor":45,"turns":6},{"damage":14,"enemies":"4 Shapes","floor":46,"turns":5},{"damage":11,"enemies":"Writhing Mass","floor":47,"turns":6},{"damage":0,"enemies":"3 Darklings","floor":48,"turns":4},{"damage":85,"enemies":"Awakened One","floor":50,"turns":8}],"seed_played":"-5820163646048751408","potions_obtained":[{"floor":1.0,"key":"Regen Potion"},{"floor":5.0,"key":"LiquidBronze"},{"floor":6.0,"key":"EssenceOfSteel"},{"floor":7.0,"key":"FearPotion"},{"floor":12.0,"key":"AttackPotion"},{"floor":14.0,"key":"SteroidPotion"}],"is_trial":false,"path_per_floor":["M","M","?","?","M","E","M","R","T","M","M","E","R","E","R","B",null,"M","$","?","M","$","R","M","R","T","R","E","?","M","M","R","B",null,"M","M","?","?","M","R","E","M","T","R","M","M","M","M","R","B"],"character_chosen":"DEFECT","items_purchased":["Orichalcum","Beam Cell","Bandage Up","Gash"],"campfire_rested":3,"item_purchase_floors":[19,19,19,22],"current_hp_per_floor":[57,57,57,57,46,30,30,30,30,23,22,8,29,29,29,54,67,65,65,65,60,60,60,37,37,37,37,19,19,16,12,33,28,60,60,37,63,71,59,59,37,41,41,41,45,35,32,32,53,0],"gold":406,"neow_bonus":"ONE_RANDOM_RARE_CARD","is_prod":false,"is_daily":false,"chose_seed":false,"campfire_upgraded":7,"win_rate":0,"timestamp":1553012343,"path_taken":["M","M","?","?","M","E","M","R","T","M","?","E","R","E","R","BOSS","M","$","?","?","?","R","M","R","T","R","E","?","M","M","R","BOSS","M","M","?","?","M","R","E","M","T","R","M","?","M","M","R","BOSS"],"build_version":"2019-01-23","purchased_purges":1,"victory":false,"max_hp_per_floor":[71,71,71,71,71,71,71,71,71,71,71,71,71,71,71,71,71,71,71,71,71,71,71,71,71,71,71,71,71,71,71,71,71,71,71,71,71,71,71,71,71,71,71,71,71,71,71,71,71,71],"card_choices":[{"not_picked":["Recycle","Beam Cell"],"picked":"Chaos","floor":1.0},{"not_picked":["Ball Lightning","Turbo"],"picked":"Hologram","floor":2.0},{"not_picked":["Stack","Beam Cell"],"picked":"BootSequence","floor":5.0},{"not_picked":["Lockon","Biased Cognition"],"picked":"Steam","floor":6.0},{"not_picked":["Coolheaded","Compile Driver"],"picked":"Capacitor","floor":7.0},{"not_picked":["Tempest","Redo"],"picked":"Cold Snap","floor":10.0},{"not_picked":["Turbo","Steam Power"],"picked":"Streamline","floor":11.0},{"not_picked":["Streamline","Aggregate"],"picked":"Steam Power","floor":12.0},{"not_picked":["Thunder Strike","Streamline"],"picked":"BootSequence","floor":14.0},{"not_picked":["Amplify","Fission"],"picked":"Machine Learning","floor":16.0},{"not_picked":["Cold Snap+1","Rebound"],"picked":"Sweeping Beam+1","floor":18.0},{"not_picked":["Fusion+1","Reprogram"],"picked":"Loop+1","floor":21.0},{"not_picked":["Auto Shields","Blizzard"],"picked":"Defragment","floor":24.0},{"not_picked":["Aggregate","Sweeping Beam","Skim"],"picked":"SKIP","floor":28.0},{"not_picked":["Aggregate","Sweeping Beam","Skim"],"picked":"SKIP","floor":28.0},{"not_picked":["Aggregate","Hologram+1"],"picked":"Gash","floor":30.0},{"not_picked":["Doom and Gloom","Compile Driver","Sweeping Beam"],"picked":"SKIP","floor":31.0},{"not_picked":["Reboot","Fission"],"picked":"Echo Form","floor":33.0},{"not_picked":["Force Field","Darkness","Sweeping Beam+1"],"picked":"SKIP","floor":35.0},{"not_picked":["Leap","Hologram","Redo"],"picked":"SKIP","floor":36.0},{"not_picked":["Hologram","Redo"],"picked":"Leap","floor":36.0},{"not_picked":["Gash","Sweeping Beam"],"picked":"Defragment","floor":39},{"not_picked":["Skim+1","Reinforced Body"],"picked":"Rainbow","floor":41},{"not_picked":["Beam Cell","Sunder"],"picked":"Stack+1","floor":42},{"not_picked":["Streamline","Hologram"],"picked":"Gash","floor":45},{"not_picked":["Reprogram","Cold Snap"],"picked":"Tempest+1","floor":46},{"not_picked":["Turbo","Coolheaded"],"picked":"Go for the Eyes","floor":47},{"not_picked":["Hologram+1","Double Energy"],"picked":"Coolheaded","floor":48}],"player_experience":328332,"relics_obtained":[{"floor":6.0,"key":"Du-Vu Doll"},{"floor":9.0,"key":"Shuriken"},{"floor":12.0,"key":"Pantograph"},{"floor":14.0,"key":"PreservedInsect"},{"floor":26.0,"key":"Matryoshka"},{"floor":28.0,"key":"Bottled Flame"},{"floor":37,"key":"FossilizedHelix"},{"floor":41,"key":"Oddly Smooth Stone"},{"floor":43,"key":"Happy Flower"},{"floor":43,"key":"Bottled Lightning"}],"event_choices":[{"cards_removed":["Defend_B"],"damage_healed":0.0,"max_hp_gain":0.0,"max_hp_loss":0.0,"gold_gain":0.0,"event_name":"The Cleric","player_choice":"Card Removal","floor":3.0,"gold_loss":75.0,"damage_taken":0.0},{"damage_healed":0.0,"max_hp_gain":0.0,"max_hp_loss":0.0,"gold_gain":0.0,"event_name":"WeMeetAgain","player_choice":"Paid Gold","floor":4.0,"gold_loss":51.0,"damage_taken":0.0,"relics_obtained":["MawBank"]},{"damage_healed":0.0,"max_hp_gain":0.0,"max_hp_loss":0.0,"gold_gain":0.0,"event_name":"Upgrade Shrine","player_choice":"Upgraded","floor":20.0,"gold_loss":0.0,"damage_taken":0.0,"cards_upgraded":["Machine Learning"]},{"damage_healed":0.0,"max_hp_gain":0.0,"max_hp_loss":0.0,"gold_gain":0.0,"event_name":"Masked Bandits","player_choice":"Paid Fearfully","floor":29.0,"gold_loss":76.0,"damage_taken":0.0},{"damage_healed":0,"gold_gain":0,"player_choice":"Fight","damage_taken":0,"max_hp_gain":0,"max_hp_loss":0,"event_name":"MindBloom","floor":37,"gold_loss":0},{"cards_removed":["Steam Power"],"damage_healed":8,"gold_gain":0,"player_choice":"Offered Uncommon","damage_taken":0,"max_hp_gain":0,"max_hp_loss":0,"event_name":"Bonfire Elementals","floor":38,"gold_loss":0}],"is_beta":false,"boss_relics":[{"not_picked":["Orrery","Empty Cage"],"picked":"Sozu"},{"not_picked":["Philosopher\u0027s Stone","Tiny House"],"picked":"Pandora\u0027s Box"}],"items_purged_floors":[19],"is_endless":false,"potions_floor_spawned":[1,5,6,7,12,14,24,30,31,33,35,36,37,47],"killed_by":"Awakened One","ascension_level":15}