{"gold_per_floor":[144,144,189,234,279,279,369,369,369,417,417,462,212,257,257,557,557,602,83,128,173,218,308,308,353,353,353,398,443,503,22,22,322,322,367,412,412,457,9,309,309,354,354,444,444,489,25,70,70,70],"floor_reached":51,"playtime":1290,"items_purged":[],"score":1203,"play_id":"f307963a-5f97-4d34-a40f-e46d7f4df809","local_time":"25611125205258","daily_mods":["Cursed Run","Hoarder","Midas"],"is_ascension_mode":false,"campfire_choices":[{"floor":6,"key":"REST"},{"floor":8,"key":"REST"},{"floor":15,"key":"REST"},{"floor":24,"key":"REST"},{"floor":32,"key":"REST"},{"floor":41,"key":"REST"},{"floor":45,"key":"REST"},{"floor":49,"key":"REST"}],"neow_cost":"","seed_source_timestamp":0,"circlet_count":0,"master_deck":["Strike_R","Strike_R","Strike_R","Strike_R","Strike_R","Defend_R","Defend_R","Defend_R","Defend_R","Bash","Perfected Strike","Perfected Strike","Perfected Strike","Clumsy","Clumsy","Clumsy","Ghostly Armor","Ghostly Armor","Ghostly Armor","Juggernaut","Juggernaut","Juggernaut","Rage","Rage","Rage","Parasite","Parasite","Parasite","Twin Strike+1","Twin Strike+1","Twin Strike+1","Disarm","Disarm","Disarm","Wild Strike+1","Wild Strike+1","Wild Strike+1","Decay","Decay","Decay","Reaper+1","Reaper+1","Reaper+1","Pommel Strike+1","Pommel Strike+1","Pommel Strike+1","Metamorphosis","Metamorphosis","Metamorphosis","Twin Strike+1","Twin Strike+1","Twin Strike+1","Rage","Rage","Rage","Ghostly Armor","Ghostly Armor","Ghostly Armor","Pain","Pain","Pain","Reaper+1","Reaper+1","Reaper+1","Twin Strike+1","Twin Strike+1","Twin Strike+1","Body Slam+1","Body Slam+1","Body Slam+1","True Grit","True Grit","True Grit","Havoc","Havoc","Havoc","Master of Strategy","Master of Strategy","Master of Strategy","Shame","Shame","Shame","Offering","Offering","Offering","Evolve+1","Evolve+1","Evolve+1","Trip","Trip","Trip","Enlightenment","Enlightenment","Enlightenment","Panacea","Panacea","Panacea","Twin Strike+1","Twin Strike+1","Twin Strike+1","Corruption","Corruption","Corruption","Master of Strategy","Master of Strategy","Master of Strategy","Wild Strike+1","Wild Strike+1","Wild Strike+1","Feel No Pain","Feel No Pain","Feel No Pain","Parasite","Parasite","Parasite","Dark Embrace","Dark Embrace","Dark Embrace","Pommel Strike+1","Pommel Strike+1","Pommel Strike+1","Sever Soul+1","Sever Soul+1","Sever Soul+1","Warcry","Warcry","Warcry","Discovery","Discovery","Discovery","Pommel Strike+1","Pommel Strike+1","Pommel Strike+1","Doubt","Doubt","Doubt"],"special_seed":17860,"relics":["Cursed Key","Darkstone Periapt","Du-Vu Doll","Molten Egg 2","Incense Burner","Odd Mushroom","Mercury Hourglass","Blue Candle","Mark of Pain","Bronze Scales","HandDrill","Bag of Marbles","Red Skull","Red Mask","Medical Kit","Snecko Eye","Brimstone","Thread and Needle","Paper Frog","Pear","Potion Belt"],"potions_floor_usage":[7,16,23,33,40,40,50,50,50,50,50],"damage_taken":[{"damage":0,"enemies":"Small Slimes","floor":1,"turns":3},{"damage":0,"enemies":"Cultist","floor":3,"turns":2},{"damage":0,"enemies":"Jaw Worm","floor":4,"turns":2},{"damage":0,"enemies":"2 Fungi Beasts","floor":5,"turns":2},{"damage":23,"enemies":"Lagavulin","floor":7,"turns":5},{"damage":8,"enemies":"The Mushroom Lair","floor":10,"turns":3},{"damage":0,"enemies":"Blue Slaver","floor":12,"turns":1},{"damage":0,"enemies":"Large Slime","floor":14,"turns":3},{"damage":33,"enemies":"Hexaghost","floor":16,"turns":6},{"damage":0,"enemies":"Shell Parasite","floor":18,"turns":1},{"damage":5,"enemies":"3 Byrds","floor":20,"turns":3},{"damage":0,"enemies":"Snecko","floor":21,"turns":2},{"damage":5,"enemies":"3 Cultists","floor":22,"turns":3},{"damage":7,"enemies":"Slavers","floor":23,"turns":2},{"damage":11,"enemies":"Centurion and Healer","floor":25,"turns":3},{"damage":2,"enemies":"Snake Plant","floor":28,"turns":2},{"damage":0,"enemies":"Snecko","floor":29,"turns":1},{"damage":0,"enemies":"Masked Bandits","floor":30,"turns":1},{"damage":28,"enemies":"Automaton","floor":33,"turns":6},{"damage":0,"enemies":"Orb Walker","floor":35,"turns":1},{"damage":0,"enemies":"3 Darklings","floor":36,"turns":3},{"damage":3,"enemies":"Maw","floor":38,"turns":2},{"damage":67,"enemies":"Mind Bloom Boss Battle","floor":40,"turns":3},{"damage":0,"enemies":"Spire Growth","floor":42,"turns":1},{"damage":9,"enemies":"Nemesis","floor":44,"turns":3},{"damage":6,"enemies":"Transient","floor":46,"turns":4},{"damage":2,"enemies":"3 Darklings","floor":48,"turns":2},{"damage":26,"enemies":"Awakened One","floor":50,"turns":5}],"seed_played":"-1394780119887161805","potions_obtained":[{"floor":4,"key":"Strength Potion"},{"floor":10,"key":"LiquidBronze"},{"floor":12,"key":"SkillPotion"},{"floor":14,"key":"Block Potion"},{"floor":18,"key":"Regen Potion"},{"floor":28,"key":"FearPotion"},{"floor":33,"key":"LiquidBronze"},{"floor":38,"key":"Fruit Juice"},{"floor":42,"key":"SteroidPotion"},{"floor":44,"key":"LiquidBronze"}],"is_trial":false,"path_per_floor":["M","?","M","M","M","R","E","R","T","?","?","M","$","M","R","B",null,"M","$","M","M","M","E","R","M","T","?","M","M","?","$","R","B",null,"M","M","?","M","$","?","R","M","T","E","R","M","$","M","R","B",null],"character_chosen":"IRONCLAD","items_purchased":["Blue Candle","Bronze Scales","Metamorphosis","HandDrill","Medical Kit","True Grit","Havoc","Master of Strategy","Corruption","Master of Strategy","Brimstone","Sever Soul+1","Potion Belt","AttackPotion","Block Potion","Warcry","Discovery"],"campfire_rested":8,"item_purchase_floors":[13,19,19,19,31,31,31,31,39,39,39,47,47,47,47,47,47],"current_hp_per_floor":[80,86,86,86,86,86,63,86,92,84,77,77,77,77,92,65,98,98,98,95,95,90,83,98,98,104,104,102,102,102,102,104,110,110,110,110,100,110,110,90,115,115,121,125,131,125,125,123,131,132],"gold":70,"neow_bonus":"","is_prod":false,"is_daily":true,"chose_seed":false,"campfire_upgraded":0,"win_rate":0,"timestamp":1543153978,"path_taken":["M","?","?","M","M","R","E","R","T","?","?","M","$","?","R","BOSS","M","$","M","M","M","E","R","M","T","?","M","M","?","$","R","BOSS","M","M","?","M","$","?","R","?","T","E","R","M","$","M","R","BOSS"],"build_version":"2018-11-15","purchased_purges":0,"victory":true,"max_hp_per_floor":[80,86,86,86,86,86,86,86,92,92,92,92,92,92,92,98,98,98,98,98,98,98,98,98,98,104,104,104,104,104,104,104,110,110,110,110,110,110,110,115,115,115,121,131,131,131,131,131,131,137],"card_choices":[{"not_picked":["Headbutt","Dropkick"],"picked":"Perfected Strike","floor":1},{"not_picked":["Havoc","Iron Wave"],"picked":"Ghostly Armor","floor":3},{"not_picked":["Armaments","Twin Strike"],"picked":"Juggernaut","floor":4},{"not_picked":["Pummel","Spot Weakness"],"picked":"Rage","floor":5},{"not_picked":["Heavy Blade","Rupture","Headbutt"],"picked":"SKIP","floor":7},{"not_picked":["Armaments","Sword Boomerang+1"],"picked":"Twin Strike+1","floor":10},{"not_picked":["Clash+1","Headbutt+1","Disarm"],"picked":"SKIP","floor":12},{"not_picked":["Clash+1","Headbutt+1"],"picked":"Disarm","floor":12},{"not_picked":["Thunderclap+1","Shrug It Off"],"picked":"Wild Strike+1","floor":14},{"not_picked":["Exhume","Offering"],"picked":"Reaper+1","floor":16},{"not_picked":["Heavy Blade+1","Evolve"],"picked":"Pommel Strike+1","floor":18},{"not_picked":["Armaments","Havoc","Combust"],"picked":"SKIP","floor":20},{"not_picked":["Thunderclap+1","Flex"],"picked":"Twin Strike+1","floor":21},{"not_picked":["Dual Wield+1","Thunderclap+1"],"picked":"Rage","floor":22},{"not_picked":["Brutality","Bloodletting"],"picked":"Ghostly Armor","floor":23},{"not_picked":["Warcry","Armaments","Heavy Blade+1"],"picked":"SKIP","floor":25},{"not_picked":["Clash+1","Heavy Blade+1"],"picked":"Reaper+1","floor":28},{"not_picked":["Pommel Strike+1","Clothesline+1"],"picked":"Twin Strike+1","floor":29},{"not_picked":["Heavy Blade+1","Headbutt+1"],"picked":"Body Slam+1","floor":30},{"not_picked":["Double Tap","Dark Embrace"],"picked":"Offering","floor":33},{"not_picked":["Thunderclap+1","Shrug It Off","Intimidate"],"picked":"SKIP","floor":35},{"not_picked":["Headbutt+1","Wild Strike+1"],"picked":"Evolve+1","floor":36},{"not_picked":["Dramatic Entrance+1","Metamorphosis"],"picked":"Trip","floor":37},{"not_picked":["Dark Shackles","Master of Strategy"],"picked":"Enlightenment","floor":37},{"not_picked":["Enlightenment","Secret Technique"],"picked":"Panacea","floor":37},{"not_picked":["Flex","Sword Boomerang+1"],"picked":"Twin Strike+1","floor":38},{"not_picked":["Battle Trance+1","Body Slam+1"],"picked":"Wild Strike+1","floor":40},{"not_picked":["Anger+1","Shockwave"],"picked":"Feel No Pain","floor":42},{"not_picked":["Spot Weakness+1","Sentinel"],"picked":"Dark Embrace","floor":44},{"not_picked":["Headbutt+1","Shrug It Off"],"picked":"Pommel Strike+1","floor":46},{"not_picked":["Shrug It Off","Flex+1"],"picked":"Pommel Strike+1","floor":48}],"player_experience":191909,"relics_obtained":[{"floor":7,"key":"Molten Egg 2"},{"floor":9,"key":"Incense Burner"},{"floor":10,"key":"Odd Mushroom"},{"floor":23,"key":"Bag of Marbles"},{"floor":26,"key":"Red Skull"},{"floor":30,"key":"Red Mask"},{"floor":40,"key":"Thread and Needle"},{"floor":43,"key":"Paper Frog"},{"floor":44,"key":"Pear"}],"event_choices":[{"damage_healed":0,"gold_gain":0,"player_choice":"1 cards matched","damage_taken":0,"max_hp_gain":0,"max_hp_loss":0,"event_name":"Match and Keep!","floor":2,"gold_loss":0,"cards_obtained":["Clumsy"]},{"damage_healed":0,"gold_gain":0,"player_choice":"Fought Mushrooms","damage_taken":0,"max_hp_gain":0,"max_hp_loss":0,"event_name":"Mushrooms","floor":10,"gold_loss":0},{"damage_healed":0,"gold_gain":0,"player_choice":"Success","damage_taken":7,"relics_obtained":["Mercury Hourglass"],"max_hp_gain":0,"max_hp_loss":0,"event_name":"Scrap Ooze","floor":11,"gold_loss":0},{"damage_healed":0,"gold_gain":0,"player_choice":"Ignored","damage_taken":0,"max_hp_gain":0,"max_hp_loss":0,"event_name":"Vampires","floor":27,"gold_loss":0},{"damage_healed":0,"gold_gain":0,"player_choice":"Fought Bandits","damage_taken":0,"max_hp_gain":0,"max_hp_loss":0,"event_name":"Masked Bandits","floor":30,"gold_loss":0},{"damage_healed":0,"gold_gain":0,"player_choice":"Memory 3","damage_taken":10,"max_hp_gain":0,"max_hp_loss":0,"event_name":"SensoryStone","floor":37,"gold_loss":0},{"damage_healed":0,"gold_gain":0,"player_choice":"Fight","damage_taken":0,"max_hp_gain":0,"max_hp_loss":0,"event_name":"MindBloom","floor":40,"gold_loss":0}],"is_beta":false,"boss_relics":[{"not_picked":["Sozu","Orrery"],"picked":"Mark of Pain"},{"not_picked":["Black Star","Pandora\u0027s Box"],"picked":"Snecko Eye"}],"items_purged_floors":[],"is_endless":false,"potions_floor_spawned":[4,10,12,14,18,22,28,29,33,38,42,44,48],"ascension_level":0}