{"gold_per_floor":[113,113,129,146,221,248,248,258,305,324,324,337,337,65,65,65],"floor_reached":16,"playtime":815,"items_purged":[],"score":182,"play_id":"1e49cb88-b77b-4113-821b-458b3767d00d","local_time":"20190321033904","is_ascension_mode":true,"campfire_choices":[{"floor":7.0,"key":"REST"},{"floor":11,"key":"REST"},{"floor":15,"key":"REST"}],"neow_cost":"CURSE","seed_source_timestamp":567752304570643,"circlet_count":0,"master_deck":["AscendersBane","Defend_G","Defend_G","Defend_G","Defend_G","Defend_G","Strike_G","Strike_G","Strike_G","Strike_G","Strike_G","Survivor","Neutralize","Injury","Skewer","PiercingWail","Noxious Fumes","Venomology","Slice","Distraction","Concentrate","Noxious Fumes+1","PiercingWail"],"special_seed":0,"relics":["Ring of the Snake","Peace Pipe","Frozen Egg 2","Dream Catcher","TheAbacus"],"potions_floor_usage":[10,12,13,13,16],"damage_taken":[{"damage":0.0,"enemies":"Small Slimes","floor":1.0,"turns":5.0},{"damage":2.0,"enemies":"2 Louse","floor":3.0,"turns":4.0},{"damage":4.0,"enemies":"Cultist","floor":4.0,"turns":4.0},{"damage":39.0,"enemies":"Gremlin Nob","floor":6.0,"turns":5.0},{"damage":1.0,"enemies":"Exordium Thugs","floor":8.0,"turns":5.0},{"damage":10,"enemies":"2 Fungi Beasts","floor":10,"turns":4},{"damage":8,"enemies":"Blue Slaver","floor":12,"turns":5},{"damage":0,"enemies":"Exordium Thugs","floor":13,"turns":3},{"damage":53,"enemies":"Slime Boss","floor":16,"turns":8}],"seed_played":"-9136133764165007374","potions_obtained":[{"floor":3.0,"key":"LiquidBronze"},{"floor":6.0,"key":"Energy Potion"},{"floor":10,"key":"Explosive Potion"}],"is_trial":false,"path_per_floor":["M","$","M","M","?","E","R","M","T","M","R","M","M","$","R","B"],"character_chosen":"THE_SILENT","items_purchased":["Noxious Fumes+1","TheAbacus"],"campfire_rested":3,"item_purchase_floors":[14,14],"current_hp_per_floor":[59,59,57,53,42,3,22,21,21,11,30,22,22,22,41,0],"gold":65,"neow_bonus":"ONE_RARE_RELIC","is_prod":false,"is_daily":false,"chose_seed":false,"campfire_upgraded":0,"win_rate":0,"timestamp":1553135944,"path_taken":["M","$","M","M","?","E","R","M","T","M","R","M","M","$","R","BOSS"],"build_version":"2019-01-23","purchased_purges":0,"victory":false,"max_hp_per_floor":[66,66,66,66,66,66,66,66,66,66,66,66,66,66,66,66],"card_choices":[{"not_picked":["Bane","Deadly Poison"],"picked":"Skewer","floor":1.0},{"not_picked":["Blade Dance","Dagger Throw"],"picked":"PiercingWail","floor":3.0},{"not_picked":["Underhanded Strike","Slice"],"picked":"Noxious Fumes","floor":4.0},{"not_picked":["Blade Dance","Deflect"],"picked":"Venomology","floor":6.0},{"not_picked":["Quick Slash","Blade Dance","Reflex"],"picked":"SKIP","floor":8},{"not_picked":["Sucker Punch","Predator"],"picked":"Slice","floor":10},{"not_picked":["Choke","Flying Knee"],"picked":"Distraction","floor":11},{"not_picked":["Prepared","Sucker Punch"],"picked":"Concentrate","floor":12},{"not_picked":["Dodge and Roll","Riddle With Holes"],"picked":"PiercingWail","floor":15}],"player_experience":639104,"relics_obtained":[{"floor":6.0,"key":"Frozen Egg 2"},{"floor":9,"key":"Dream Catcher"}],"event_choices":[{"damage_healed":0.0,"max_hp_gain":0.0,"max_hp_loss":0.0,"gold_gain":75.0,"event_name":"World of Goop","player_choice":"Gather Gold","floor":5.0,"gold_loss":0.0,"damage_taken":11.0}],"is_beta":false,"boss_relics":[],"items_purged_floors":[],"is_endless":false,"potions_floor_spawned":[3,6,10,13],"killed_by":"Slime Boss","ascension_level":15}