{"gold_per_floor":[366,291,36,36,48,48,66,66,66,84,103,139,139,157,157,157],"floor_reached":16,"playtime":599,"items_purged":["Strike_R"],"score":204,"play_id":"fde6080a-44f0-4c92-978a-678450271b8d","local_time":"20190121141553","is_ascension_mode":true,"campfire_choices":[{"data":"Shockwave","floor":6.0,"key":"SMITH"},{"floor":13.0,"key":"REST"},{"data":"Sever Soul","floor":15.0,"key":"SMITH"}],"neow_cost":"TEN_PERCENT_HP_LOSS","seed_source_timestamp":12277090202182,"circlet_count":0,"master_deck":["AscendersBane","Strike_R","Strike_R","Strike_R","Strike_R","Defend_R","Defend_R","Defend_R","Bash","Entrench","Shockwave+1","Power Through","Sever Soul+1","Exhume"],"special_seed":0,"relics":["Burning Blood","Tiny Chest","Frozen Egg 2","Golden Idol","Blue Candle","Gremlin Horn"],"potions_floor_usage":[16],"damage_taken":[{"damage":9.0,"enemies":"Small Slimes","floor":1.0,"turns":4.0},{"damage":11.0,"enemies":"Jaw Worm","floor":5.0,"turns":5.0},{"damage":4.0,"enemies":"Cultist","floor":7.0,"turns":4.0},{"damage":0.0,"enemies":"3 Louse","floor":10.0,"turns":5.0},{"damage":9.0,"enemies":"Looter","floor":11.0,"turns":4.0},{"damage":40.0,"enemies":"3 Sentries","floor":12.0,"turns":11.0},{"damage":7.0,"enemies":"Large Slime","floor":14.0,"turns":6.0},{"damage":37,"enemies":"The Guardian","floor":16,"turns":10}],"seed_played":"-6483740949143161015","potions_obtained":[{"floor":1.0,"key":"Dexterity Potion"},{"floor":11.0,"key":"FearPotion"}],"is_trial":false,"path_per_floor":["M","?","$","?","M","R","M","?","T","M","M","E","R","M","R","B"],"character_chosen":"IRONCLAD","items_purchased":["Tiny Chest","Shockwave"],"campfire_rested":1,"item_purchase_floors":[3,3],"current_hp_per_floor":[65,65,65,47,42,42,44,44,44,50,47,13,31,30,30,0],"gold":157,"neow_bonus":"TWO_FIFTY_GOLD","is_prod":false,"is_daily":false,"chose_seed":false,"campfire_upgraded":2,"win_rate":0,"timestamp":1548051353,"path_taken":["M","?","$","?","M","R","M","?","T","?","M","E","R","M","R","BOSS"],"build_version":"2019-01-17v2","purchased_purges":1,"victory":false,"max_hp_per_floor":[68,68,68,68,68,68,68,62,62,62,62,62,62,62,62,62],"card_choices":[{"not_picked":["Pummel","Clothesline"],"picked":"Entrench","floor":1.0},{"not_picked":["Perfected Strike","Heavy Blade"],"picked":"Power Through","floor":5.0},{"not_picked":["Searing Blow","Sever Soul","Anger"],"picked":"SKIP","floor":7.0},{"not_picked":["Searing Blow","Anger"],"picked":"Sever Soul","floor":7.0},{"not_picked":["Corruption+1","Flex","Perfected Strike"],"picked":"SKIP","floor":10.0},{"not_picked":["Combust+1","Armaments","True Grit"],"picked":"SKIP","floor":11.0},{"not_picked":["Clothesline","Ghostly Armor"],"picked":"Exhume","floor":12.0},{"not_picked":["Hemokinesis","Anger","Flex"],"picked":"SKIP","floor":14.0}],"player_experience":2573783,"relics_obtained":[{"floor":9.0,"key":"Blue Candle"},{"floor":12.0,"key":"Gremlin Horn"}],"event_choices":[{"cards_removed":["Defend_R"],"damage_healed":0.0,"max_hp_gain":0.0,"max_hp_loss":0.0,"gold_gain":0.0,"event_name":"The Cleric","player_choice":"Card Removal","floor":2.0,"gold_loss":75.0,"damage_taken":0.0},{"damage_healed":0.0,"max_hp_gain":0.0,"max_hp_loss":0.0,"gold_gain":0.0,"event_name":"Scrap Ooze","player_choice":"Success","floor":4.0,"gold_loss":0.0,"damage_taken":18.0,"relics_obtained":["Frozen Egg 2"]},{"damage_healed":0.0,"max_hp_gain":0.0,"max_hp_loss":6.0,"gold_gain":0.0,"event_name":"Golden Idol","player_choice":"Lose Max HP","floor":8.0,"gold_loss":0.0,"damage_taken":0.0,"relics_obtained":["Golden Idol"]}],"is_beta":false,"boss_relics":[],"items_purged_floors":[3],"is_endless":false,"potions_floor_spawned":[1,11],"killed_by":"The Guardian","ascension_level":20}