{"gold_per_floor":[367,268,287,307,307,307,177,211,236,267,267,292,292,312,312,408,408],"floor_reached":17,"playtime":739,"items_purged":["Strike_G"],"score":173,"play_id":"f94d33a0-676a-49c1-ac80-024260fa1602","local_time":"20181019084807","is_ascension_mode":false,"campfire_choices":[{"data":"Neutralize","floor":6,"key":"SMITH"},{"data":"Footwork","floor":13,"key":"SMITH"},{"data":"Dagger Spray","floor":15,"key":"SMITH"}],"neow_cost":"PERCENT_DAMAGE","seed_source_timestamp":2002170277894,"circlet_count":0,"master_deck":["Defend_G","Defend_G","Defend_G","Defend_G","Strike_G+1","Strike_G","Strike_G","Strike_G+1","Survivor","Neutralize+1","Dagger Spray+1","Quick Slash","Deflect","Leg Sweep","Well Laid Plans","Poisoned Stab","Corpse Explosion","Dash","Footwork+1","PiercingWail","Die Die Die"],"relics":["Ring of the Snake","Happy Flower","Whetstone","Bronze Scales","Shuriken","Ectoplasm"],"potions_floor_usage":[],"damage_taken":[{"damage":0,"enemies":"Jaw Worm","floor":1,"turns":3},{"damage":0,"enemies":"Small Slimes","floor":3,"turns":3},{"damage":0,"enemies":"2 Louse","floor":4,"turns":2},{"damage":5,"enemies":"3 Sentries","floor":8,"turns":8},{"damage":3,"enemies":"Lagavulin","floor":10,"turns":8},{"damage":6,"enemies":"Gremlin Nob","floor":12,"turns":4},{"damage":2,"enemies":"Large Slime","floor":14,"turns":5},{"damage":10,"enemies":"The Guardian","floor":16,"turns":9}],"seed_played":"8586381902726429484","potions_obtained":[{"floor":1,"key":"Energy Potion"},{"floor":3,"key":"FearPotion"},{"floor":10,"key":"Regen Potion"}],"is_trial":false,"path_per_floor":["M","$","M","M","?","R","$","E","T","E","?","E","R","M","R","B"],"character_chosen":"THE_SILENT","items_purchased":["Quick Slash","Well Laid Plans","Poisoned Stab"],"campfire_rested":0,"item_purchase_floors":[2,7,7],"current_hp_per_floor":[49,49,49,49,42,42,42,37,37,34,34,28,28,26,26,16,70],"gold":408,"neow_bonus":"TWO_FIFTY_GOLD","is_prod":false,"is_daily":false,"chose_seed":false,"campfire_upgraded":3,"win_rate":0,"timestamp":1539964087,"path_taken":["M","$","M","M","?","R","$","E","T","E","?","E","R","M","R","BOSS"],"build_version":"2018-10-18","purchased_purges":1,"victory":false,"max_hp_per_floor":[70,70,70,70,70,70,70,70,70,70,70,70,70,70,70,70,70],"card_choices":[{"not_picked":["All Out Attack","Deadly Poison"],"picked":"Dagger Spray","floor":1},{"not_picked":["Expertise","Acrobatics"],"picked":"Deflect","floor":3},{"not_picked":["Backflip","Prepared"],"picked":"Leg Sweep","floor":4},{"not_picked":["Flechettes","Deflect"],"picked":"Corpse Explosion","floor":8},{"not_picked":["Crippling Poison","Blur"],"picked":"Dash","floor":10},{"not_picked":["Blade Dance","Prepared"],"picked":"Footwork","floor":12},{"not_picked":["Skewer","Leg Sweep"],"picked":"PiercingWail","floor":14},{"not_picked":["Night Terror","Venomology"],"picked":"Die Die Die","floor":16}],"player_experience":1390378,"relics_obtained":[{"floor":8,"key":"Happy Flower"},{"floor":9,"key":"Whetstone"},{"floor":10,"key":"Bronze Scales"},{"floor":12,"key":"Shuriken"}],"event_choices":[{"cards_removed":["Defend_G"],"damage_healed":0,"gold_gain":0,"player_choice":"Card Removal","damage_taken":7,"max_hp_gain":0,"max_hp_loss":0,"event_name":"Golden Wing","floor":5,"gold_loss":0},{"damage_healed":0,"gold_gain":0,"player_choice":"Ignored","damage_taken":0,"max_hp_gain":0,"max_hp_loss":0,"event_name":"Liars Game","floor":11,"gold_loss":0}],"is_beta":false,"boss_relics":[{"not_picked":["Fusion Hammer","Runic Pyramid"],"picked":"Ectoplasm"}],"items_purged_floors":[2],"is_endless":false,"potions_floor_spawned":[1,3,10,12,14],"ascension_level":0}