{"path_per_floor":["M","M","?","?","?","R","?","R","T","M","?","M","R","E","R","B",null,"M","?","M","?","M","R","M","R","T","?","M","R","M","E","R","B",null,"M","M","M","$","M","R","E","R","T","$","M","M","R","M","R","B"],"character_chosen":"THE_SILENT","items_purchased":["Bronze Scales","PiercingWail","Blur"],"gold_per_floor":[118,135,115,115,115,115,115,115,115,125,75,88,88,116,116,220,220,234,149,137,137,157,157,176,176,203,203,213,213,233,264,264,361,361,371,381,397,120,131,131,157,157,157,19,31,43,43,58,58,58],"floor_reached":51,"campfire_rested":5,"playtime":4072,"current_hp_per_floor":[69,68,68,54,47,47,47,68,68,68,68,67,67,66,66,37,70,70,70,66,66,64,64,64,64,64,51,51,73,58,42,64,40,75,72,72,58,58,53,53,48,70,77,77,77,68,68,72,82,45],"items_purged":["Strike_G","Strike_G"],"gold":58,"score":649,"play_id":"4e7cdae8-521f-4417-bd55-dbf43ae16a42","local_time":"20180518171341","is_prod":false,"is_daily":false,"chose_seed":false,"is_ascension_mode":false,"campfire_upgraded":7,"timestamp":1526688821,"campfire_choices":[{"data":"Sucker Punch","floor":6,"key":"SMITH"},{"floor":8,"key":"REST"},{"data":"Footwork","floor":13,"key":"SMITH"},{"data":"Dagger Spray","floor":15,"key":"SMITH"},{"data":"Doppelganger","floor":23,"key":"SMITH"},{"data":"Leg Sweep","floor":25,"key":"SMITH"},{"floor":29,"key":"REST"},{"floor":32,"key":"REST"},{"data":"Dash","floor":40,"key":"SMITH"},{"floor":42,"key":"REST"},{"data":"Survivor","floor":47,"key":"SMITH"},{"floor":49,"key":"REST"}],"path_taken":["M","M","?","?","?","R","?","R","T","?","?","M","R","E","R","BOSS","M","?","M","?","M","R","M","R","T","?","M","R","?","E","R","BOSS","M","M","?","$","M","R","E","R","T","?","M","M","R","M","R","BOSS"],"build_version":"2018-05-17","seed_source_timestamp":17922871964844,"purchased_purges":2,"victory":true,"master_deck":["Defend_G","Defend_G","Defend_G+1","Defend_G","Defend_G","Strike_G","Strike_G","Survivor+1","Neutralize+1","Sucker Punch+1","Flying Knee+1","Footwork+1","Dagger Spray+1","Doppelganger+1","Dash+1","Backflip+1","Outmaneuver+1","Leg Sweep+1","Bouncing Flask","Skewer+1","Adrenaline","Outmaneuver+1","Noxious Fumes+1","Deflect+1","PiercingWail","Well Laid Plans+1","Blur","Blur+1","Acrobatics"],"max_hp_per_floor":[70,70,70,70,70,70,70,70,70,70,70,70,70,70,70,70,70,70,70,70,70,70,70,70,70,70,75,75,75,75,75,75,75,75,75,75,75,75,75,75,75,75,82,82,82,82,82,82,82,82],"relics":["Lizard Tail","Paper Crane","Meat on the Bone","Letter Opener","Sozu","Bag of Preparation","Pen Nib","Frozen Egg 2","Black Star","Bronze Scales","Toolbox","The Courier","Strawberry"],"card_choices":[{"not_picked":["Deadly Poison","Terror"],"picked":"Sucker Punch","floor":1},{"not_picked":["Quick Slash","Outmaneuver"],"picked":"Flying Knee","floor":2},{"not_picked":["Dagger Throw","Quick Slash"],"picked":"Footwork","floor":10},{"not_picked":["Prepared","Acrobatics"],"picked":"Dagger Spray","floor":12},{"not_picked":["Distraction","Storm of Steel","Sucker Punch"],"picked":"SKIP","floor":14},{"not_picked":["Wraith Form v2","Venomology"],"picked":"Doppelganger","floor":16},{"not_picked":["Flying Knee+1","Poisoned Stab"],"picked":"Dash","floor":18},{"not_picked":["Flying Knee","Dagger Spray"],"picked":"Backflip","floor":20},{"not_picked":["Masterful Stab","Prepared"],"picked":"Outmaneuver+1","floor":22},{"not_picked":["Catalyst","Backflip+1"],"picked":"Leg Sweep","floor":24},{"not_picked":["Riddle With Holes","Slice+1"],"picked":"Bouncing Flask","floor":28},{"not_picked":["Endless Agony","Accuracy"],"picked":"Skewer+1","floor":30},{"not_picked":["Bouncing Flask","Poisoned Stab","Bane"],"picked":"SKIP","floor":31},{"not_picked":["Night Terror","Storm of Steel"],"picked":"Adrenaline","floor":33},{"not_picked":["Underhanded Strike+1","Dagger Throw+1"],"picked":"Outmaneuver+1","floor":35},{"not_picked":["PiercingWail+1","Acrobatics"],"picked":"Noxious Fumes+1","floor":36},{"not_picked":["Catalyst","Underhanded Strike+1"],"picked":"Deflect+1","floor":37},{"not_picked":["Slice+1","Dagger Spray","Doppelganger"],"picked":"SKIP","floor":39},{"not_picked":["Dagger Spray+1","Dagger Throw+1"],"picked":"Well Laid Plans+1","floor":41},{"not_picked":["Bane+1","Outmaneuver","Setup"],"picked":"SKIP","floor":45},{"not_picked":["Bane","Infinite Blades+1"],"picked":"Blur+1","floor":46},{"not_picked":["Deflect","Heel Hook"],"picked":"Acrobatics","floor":48}],"player_experience":285066,"potions_floor_usage":[14,14,31,50,50],"damage_taken":[{"damage":1,"enemies":"2 Louse","floor":1,"turns":3},{"damage":1,"enemies":"Cultist","floor":2,"turns":4},{"damage":0,"enemies":"Small Slimes","floor":10,"turns":3},{"damage":1,"enemies":"2 Fungi Beasts","floor":12,"turns":4},{"damage":1,"enemies":"Gremlin Nob","floor":14,"turns":4},{"damage":41,"enemies":"Slime Boss","floor":16,"turns":14},{"damage":0,"enemies":"3 Byrds","floor":18,"turns":4},{"damage":4,"enemies":"2 Thieves","floor":20,"turns":4},{"damage":2,"enemies":"Snake Plant","floor":22,"turns":7},{"damage":0,"enemies":"Centurion and Healer","floor":24,"turns":8},{"damage":0,"enemies":"Snecko","floor":28,"turns":6},{"damage":15,"enemies":"Cultist and Chosen","floor":30,"turns":9},{"damage":16,"enemies":"Slavers","floor":31,"turns":5},{"damage":24,"enemies":"Champ","floor":33,"turns":13},{"damage":3,"enemies":"3 Darklings","floor":35,"turns":7},{"damage":0,"enemies":"3 Shapes","floor":36,"turns":4},{"damage":14,"enemies":"Maw","floor":37,"turns":9},{"damage":5,"enemies":"3 Darklings","floor":39,"turns":4},{"damage":5,"enemies":"Nemesis","floor":41,"turns":8},{"damage":0,"enemies":"Sphere and 2 Shapes","floor":45,"turns":6},{"damage":13,"enemies":"Maw","floor":46,"turns":8},{"damage":0,"enemies":"4 Shapes","floor":48,"turns":4},{"damage":37,"enemies":"Donu and Deca","floor":50,"turns":9}],"relics_obtained":[{"floor":9,"key":"Meat on the Bone"},{"floor":14,"key":"Letter Opener"},{"floor":26,"key":"Pen Nib"},{"floor":31,"key":"Frozen Egg 2"},{"floor":41,"key":"Toolbox"},{"floor":41,"key":"The Courier"},{"floor":43,"key":"Strawberry"}],"event_choices":[{"event_name":"The Woman in Blue","player_choice":"Bought 1 Potion","floor":3,"damage_taken":0},{"event_name":"Shining Light","player_choice":"Entered Light","floor":4,"damage_taken":0},{"event_name":"Scrap Ooze","player_choice":"success","floor":5,"damage_taken":7},{"event_name":"Upgrade Shrine","player_choice":"Upgraded","floor":7,"damage_taken":0},{"event_name":"The Cleric","player_choice":"Card Removal","floor":11,"damage_taken":0},{"event_name":"Addict","player_choice":"Obtained Relic","floor":19,"damage_taken":0},{"event_name":"Accursed Blacksmith","player_choice":"Forge","floor":21,"damage_taken":0},{"event_name":"Forgotten Altar","player_choice":"Shed Blood","floor":27,"damage_taken":0}],"boss_relics":[{"not_picked":["Philosopher\u0027s Stone","Tiny House"],"picked":"Sozu"},{"not_picked":["Runic Pyramid","Snecko Eye"],"picked":"Black Star"}],"potions_floor_spawned":[10,14,22,28,30,31,37,45,46],"seed_played":"-5208360787328702751","ascension_level":0,"potions_obtained":[{"floor":3,"key":"EntropicBrew"},{"floor":10,"key":"Strength Potion"}],"is_trial":false}