{"gold_per_floor":[209,224,234,249,13,13,47,47,47,47,47,81,93,126,126,126],"floor_reached":16,"playtime":849,"items_purged":["Strike_R"],"score":198,"play_id":"9aa53df9-e2c9-4a2a-a061-403414182ddc","local_time":"20190418073250","is_ascension_mode":true,"campfire_choices":[{"data":"Armaments","floor":6,"key":"SMITH"},{"data":"Body Slam","floor":8,"key":"SMITH"},{"data":"Evolve","floor":10,"key":"SMITH"},{"floor":15,"key":"REST"}],"neow_cost":"NONE","seed_source_timestamp":512399676855400,"circlet_count":0,"master_deck":["AscendersBane","Strike_R","Strike_R","Strike_R","Strike_R","Defend_R","Defend_R","Defend_R","Defend_R","Bash","Clothesline","Evolve+1","Headbutt","Body Slam+1","Shrug It Off","Uppercut","Armaments+1","Battle Trance"],"relics":["Burning Blood","Omamori","Bag of Marbles","Blue Candle","Red Skull"],"potions_floor_usage":[7,14,14,16],"damage_taken":[{"damage":6,"enemies":"Cultist","floor":1,"turns":4},{"damage":13,"enemies":"Small Slimes","floor":2,"turns":4},{"damage":0,"enemies":"2 Louse","floor":3,"turns":2},{"damage":10,"enemies":"Exordium Wildlife","floor":4,"turns":7},{"damage":20,"enemies":"Gremlin Nob","floor":7,"turns":4},{"damage":14,"enemies":"3 Sentries","floor":12,"turns":10},{"damage":1,"enemies":"Red Slaver","floor":13,"turns":4},{"damage":29,"enemies":"Lagavulin","floor":14,"turns":7},{"damage":53,"enemies":"Slime Boss","floor":16,"turns":7}],"seed_played":"5212613769212680181","potions_obtained":[{"floor":3,"key":"Weak Potion"},{"floor":4,"key":"Energy Potion"},{"floor":12,"key":"Ancient Potion"},{"floor":14,"key":"SteroidPotion"}],"is_trial":false,"path_per_floor":["M","M","M","M","$","R","E","R","T","R","$","E","M","E","R","B"],"character_chosen":"IRONCLAD","items_purchased":["Shrug It Off","Uppercut","Armaments"],"campfire_rested":1,"item_purchase_floors":[5,5,5],"current_hp_per_floor":[72,65,71,67,67,67,53,53,53,53,53,45,50,27,51,0],"gold":126,"neow_bonus":"HUNDRED_GOLD","is_prod":false,"is_daily":false,"chose_seed":false,"campfire_upgraded":3,"win_rate":0,"timestamp":1555561970,"path_taken":["M","M","M","M","$","R","E","R","T","R","?","E","?","E","R","BOSS"],"build_version":"2019-01-23","purchased_purges":1,"victory":false,"max_hp_per_floor":[80,80,80,80,80,80,80,80,80,80,80,80,80,80,80,80],"card_choices":[{"not_picked":["Havoc","Burning Pact"],"picked":"Clothesline","floor":1},{"not_picked":["Searing Blow","Thunderclap"],"picked":"Evolve","floor":2},{"not_picked":["Anger","Iron Wave"],"picked":"Headbutt","floor":3},{"not_picked":["Metallicize","Armaments"],"picked":"Body Slam","floor":4},{"not_picked":["Brutality","Flex","Heavy Blade"],"picked":"SKIP","floor":7},{"not_picked":["Carnage","Clash"],"picked":"Battle Trance","floor":12},{"not_picked":["Limit Break","Burning Pact","Sword Boomerang"],"picked":"SKIP","floor":13},{"not_picked":["Pommel Strike","Twin Strike","Body Slam"],"picked":"SKIP","floor":14}],"player_experience":296391,"relics_obtained":[{"floor":7,"key":"Omamori"},{"floor":9,"key":"Bag of Marbles"},{"floor":12,"key":"Blue Candle"},{"floor":14,"key":"Red Skull"}],"event_choices":[],"is_beta":false,"boss_relics":[],"items_purged_floors":[5],"is_endless":false,"potions_floor_spawned":[3,4,12,14],"killed_by":"Slime Boss","ascension_level":13}