{"gold_per_floor":[118,118,27,27,46,75,75,101,175,186,186,201,229,239,239,316,316,336,336,349,10,10,41,71,83,95,122,150,162,174,215,227,239],"floor_reached":33,"playtime":1200,"items_purged":["Strike_B"],"score":760,"play_id":"702d7170-3bd3-4a17-8184-67a6c1a6b12b","local_time":"20181209195830","is_ascension_mode":true,"campfire_choices":[{"data":"Zap","floor":7,"key":"SMITH"},{"data":"Biased Cognition","floor":11,"key":"SMITH"},{"data":"Barrage","floor":15,"key":"SMITH"},{"floor":25,"key":"REST"},{"data":"Loop","floor":29,"key":"SMITH"},{"data":"Dualcast","floor":32,"key":"SMITH"}],"neow_cost":"NONE","seed_source_timestamp":816962920888,"circlet_count":0,"master_deck":["AscendersBane","Strike_B","Strike_B","Defend_B","Defend_B","Defend_B","Zap+1","Dualcast+1","Self Repair","PanicButton","Cold Snap","Biased Cognition+1","Barrage+1","Reboot","Conserve Battery+1","Coolheaded","Ball Lightning","Loop+1","Machine Learning"],"relics":["Cracked Core","Smiling Mask","Blue Candle","Letter Opener","Ancient Tea Set","Empty Cage","PreservedInsect","Nloth\u0027s Gift","MawBank","Dodecahedron","The Courier","Mango"],"potions_floor_usage":[13,16,16,23,23,28,33],"damage_taken":[{"damage":0,"enemies":"2 Louse","floor":1,"turns":1},{"damage":0,"enemies":"Cultist","floor":5,"turns":1},{"damage":0,"enemies":"3 Sentries","floor":6,"turns":1},{"damage":17,"enemies":"Lagavulin","floor":8,"turns":8},{"damage":1,"enemies":"Small Slimes","floor":10,"turns":3},{"damage":9,"enemies":"Red Slaver","floor":12,"turns":3},{"damage":6,"enemies":"Gremlin Nob","floor":13,"turns":4},{"damage":1,"enemies":"Blue Slaver","floor":14,"turns":4},{"damage":0,"enemies":"The Guardian","floor":16,"turns":8},{"damage":0,"enemies":"Spheric Guardian","floor":18,"turns":4},{"damage":0,"enemies":"Shell Parasite","floor":20,"turns":5},{"damage":39,"enemies":"Gremlin Leader","floor":23,"turns":5},{"damage":26,"enemies":"Snake Plant","floor":24,"turns":5},{"damage":10,"enemies":"Snecko","floor":27,"turns":4},{"damage":8,"enemies":"Cultist and Chosen","floor":28,"turns":5},{"damage":17,"enemies":"Slavers","floor":31,"turns":3},{"damage":45,"enemies":"Collector","floor":33,"turns":7}],"seed_played":"190458673286506038","potions_obtained":[{"floor":1,"key":"Block Potion"},{"floor":2,"key":"FearPotion"},{"floor":13,"key":"FocusPotion"},{"floor":14,"key":"Ancient Potion"},{"floor":16,"key":"Explosive Potion"},{"floor":23,"key":"Fire Potion"},{"floor":24,"key":"Block Potion"},{"floor":31,"key":"Explosive Potion"}],"is_trial":false,"path_per_floor":["M","?","$","?","M","E","R","E","T","M","R","M","E","M","R","B",null,"M","?","M","$","?","E","M","R","T","M","M","R","?","E","R","B"],"character_chosen":"DEFECT","items_purchased":["PanicButton","PreservedInsect","Loop","FocusPotion"],"campfire_rested":1,"item_purchase_floors":[3,21,21,21],"current_hp_per_floor":[64,64,64,64,71,71,71,61,61,67,67,65,59,58,58,65,70,71,71,71,71,71,39,20,41,41,38,37,37,37,34,34,0],"gold":239,"neow_bonus":"THREE_ENEMY_KILL","is_prod":false,"is_daily":false,"chose_seed":false,"campfire_upgraded":5,"win_rate":0,"timestamp":1544356710,"path_taken":["M","?","?","?","M","E","R","E","T","M","R","M","E","M","R","BOSS","M","?","M","$","?","E","?","R","T","M","M","R","?","E","R","BOSS"],"build_version":"2018-12-06","purchased_purges":1,"victory":false,"max_hp_per_floor":[71,71,71,71,71,71,71,71,71,71,71,71,71,71,71,71,71,71,71,71,71,71,71,71,71,71,71,71,71,71,85,85,85],"card_choices":[{"not_picked":["Compile Driver","Streamline"],"picked":"Self Repair","floor":1},{"not_picked":["Compile Driver","Steam"],"picked":"Cold Snap","floor":5},{"not_picked":["Capacitor","Steam"],"picked":"Biased Cognition","floor":6},{"not_picked":["BootSequence","Conserve Battery","Redo"],"picked":"SKIP","floor":8},{"not_picked":["Turbo","Compile Driver","BootSequence"],"picked":"SKIP","floor":10},{"not_picked":["Steam","Fission","Conserve Battery"],"picked":"SKIP","floor":12},{"not_picked":["Beam Cell","Blizzard"],"picked":"Barrage","floor":13},{"not_picked":["Aggregate","Streamline","Doom and Gloom"],"picked":"SKIP","floor":14},{"not_picked":["All For One","Thunder Strike"],"picked":"Reboot","floor":16},{"not_picked":["Steam","White Noise"],"picked":"Conserve Battery+1","floor":18},{"not_picked":["Reinforced Body","Darkness"],"picked":"Ball Lightning","floor":20},{"not_picked":["Cold Snap","Hello World","Reboot"],"picked":"SKIP","floor":23},{"not_picked":["Barrage","Genetic Algorithm","Cold Snap"],"picked":"SKIP","floor":24},{"not_picked":["Sunder","Hello World","Conserve Battery"],"picked":"SKIP","floor":27},{"not_picked":["Rebound","Beam Cell","Hologram"],"picked":"SKIP","floor":28},{"not_picked":["Undo","Cold Snap"],"picked":"Machine Learning","floor":31}],"player_experience":2335293,"relics_obtained":[{"floor":6,"key":"Smiling Mask"},{"floor":8,"key":"Blue Candle"},{"floor":9,"key":"Letter Opener"},{"floor":13,"key":"Ancient Tea Set"},{"floor":23,"key":"MawBank"},{"floor":26,"key":"Dodecahedron"},{"floor":30,"key":"The Courier"},{"floor":31,"key":"Mango"}],"event_choices":[{"damage_healed":0,"gold_gain":0,"player_choice":"Got Potions","damage_taken":0,"max_hp_gain":0,"max_hp_loss":0,"event_name":"Lab","floor":2,"gold_loss":0},{"damage_healed":0,"gold_gain":0,"player_choice":"Ignored","damage_taken":0,"max_hp_gain":0,"max_hp_loss":0,"event_name":"Liars Game","floor":4,"gold_loss":0},{"damage_healed":0,"gold_gain":0,"player_choice":"Read","damage_taken":0,"max_hp_gain":0,"max_hp_loss":0,"event_name":"The Library","floor":19,"gold_loss":0,"cards_obtained":["Coolheaded"]},{"damage_healed":0,"gold_gain":0,"player_choice":"Traded Relic","damage_taken":0,"relics_obtained":["Nloth\u0027s Gift"],"max_hp_gain":0,"max_hp_loss":0,"event_name":"N\u0027loth","floor":22,"relics_lost":["NeowsBlessing"],"gold_loss":0},{"damage_healed":0,"gold_gain":0,"player_choice":"Relic","damage_taken":0,"max_hp_gain":0,"max_hp_loss":0,"event_name":"Wheel of Change","floor":30,"gold_loss":0}],"is_beta":false,"boss_relics":[{"not_picked":["Fusion Hammer","Calling Bell"],"picked":"Empty Cage"}],"items_purged_floors":[21],"is_endless":false,"potions_floor_spawned":[1,6,13,14,16,23,24,31],"killed_by":"Collector","ascension_level":20}