{"gold_per_floor":[113,38,38,38,38,38,69,69,95,129,129,158,168,186,186,290,290,316,328,340,364,388,400,412],"floor_reached":24,"playtime":594,"items_purged":["Strike_G"],"score":314,"play_id":"8f7a4bb1-b476-40b8-bfcc-24e8fd8aa25a","local_time":"25610805143504","is_ascension_mode":true,"campfire_choices":[{"data":"Neutralize","floor":6,"key":"SMITH"},{"data":"Cloak And Dagger","floor":8,"key":"SMITH"},{"data":"Glass Knife","floor":11,"key":"SMITH"},{"data":"Blade Dance","floor":15,"key":"SMITH"},{"data":"Finisher","floor":23,"key":"SMITH"}],"neow_cost":"NONE","seed_source_timestamp":13795918769318,"circlet_count":0,"master_deck":["Defend_G","Defend_G+1","Defend_G","Defend_G","Defend_G","Strike_G+1","Strike_G","Strike_G","Strike_G","Survivor","Neutralize+1","Cloak And Dagger+1","Escape Plan","Glass Knife+1","Corpse Explosion","Blade Dance","Blade Dance+1","Storm of Steel","Pain","Doubt","Decay","Backflip+1","Leg Sweep+1","Finisher+1"],"relics":["Ring of the Snake","NeowsBlessing","Blood Vial","Bag of Marbles","Smiling Mask","Frozen Egg 2","Calling Bell","MawBank","Toxic Egg 2","Gambling Chip","Vajra"],"potions_floor_usage":[18,24],"damage_taken":[{"damage":0,"enemies":"2 Louse","floor":1,"turns":1},{"damage":0,"enemies":"Lagavulin","floor":7,"turns":1},{"damage":0,"enemies":"3 Sentries","floor":10,"turns":1},{"damage":5,"enemies":"Gremlin Nob","floor":12,"turns":3},{"damage":0,"enemies":"Cultist","floor":13,"turns":1},{"damage":0,"enemies":"Small Slimes","floor":14,"turns":1},{"damage":52,"enemies":"Hexaghost","floor":16,"turns":11},{"damage":0,"enemies":"3 Byrds","floor":18,"turns":2},{"damage":3,"enemies":"2 Thieves","floor":21,"turns":3},{"damage":15,"enemies":"Chosen and Byrds","floor":22,"turns":8},{"damage":51,"enemies":"Gremlin Leader","floor":24,"turns":5}],"seed_played":"4725122280341947258","potions_obtained":[{"floor":12,"key":"Explosive Potion"},{"floor":18,"key":"LiquidBronze"},{"floor":22,"key":"AttackPotion"}],"is_trial":false,"path_per_floor":["M","$","?","$","$","R","E","R","T","E","R","E","M","M","R","B",null,"M","?","?","M","M","R"],"character_chosen":"THE_SILENT","items_purchased":[],"campfire_rested":0,"item_purchase_floors":[],"current_hp_per_floor":[70,70,56,56,56,56,56,56,56,58,58,55,57,59,59,9,70,70,70,63,62,49,49,0],"gold":412,"neow_bonus":"THREE_ENEMY_KILL","is_prod":false,"is_daily":false,"chose_seed":false,"campfire_upgraded":5,"win_rate":0,"timestamp":1533454504,"path_taken":["M","$","?","?","$","R","E","R","T","E","R","E","M","M","R","BOSS","M","?","?","M","M","R","E"],"build_version":"2018-08-02","purchased_purges":1,"victory":false,"max_hp_per_floor":[70,70,70,70,70,70,70,70,70,70,70,70,70,70,70,70,70,70,70,70,70,70,70,70],"card_choices":[{"not_picked":["Masterful Stab","Underhanded Strike"],"picked":"Cloak And Dagger","floor":1},{"not_picked":["Underhanded Strike","Slice"],"picked":"Escape Plan","floor":7},{"not_picked":["Doppelganger","Choke"],"picked":"Glass Knife","floor":10},{"not_picked":["Outmaneuver","Bane"],"picked":"Corpse Explosion","floor":12},{"not_picked":["Underhanded Strike","Prepared"],"picked":"Blade Dance","floor":13},{"not_picked":["Poisoned Stab","Deflect"],"picked":"Blade Dance","floor":14},{"not_picked":["Bullet Time","Corpse Explosion"],"picked":"Storm of Steel","floor":16},{"not_picked":["Dodge and Roll+1","Endless Agony"],"picked":"Backflip+1","floor":18},{"not_picked":["Crippling Poison+1","Acrobatics+1"],"picked":"Leg Sweep+1","floor":21},{"not_picked":["Riddle With Holes","Backflip+1"],"picked":"Finisher","floor":22}],"player_experience":203545,"relics_obtained":[{"floor":7,"key":"Blood Vial"},{"floor":9,"key":"Bag of Marbles"},{"floor":10,"key":"Smiling Mask"},{"floor":12,"key":"Frozen Egg 2"},{"floor":17,"key":"MawBank"},{"floor":17,"key":"Toxic Egg 2"},{"floor":17,"key":"Gambling Chip"}],"event_choices":[{"event_name":"Shining Light","player_choice":"Entered Light","floor":3,"damage_taken":0},{"event_name":"WeMeetAgain","player_choice":"Potion","floor":19,"damage_taken":0},{"event_name":"Wheel of Change","player_choice":"Damage","floor":20,"damage_taken":0}],"is_beta":false,"boss_relics":[{"not_picked":["Philosopher\u0027s Stone","Runic Pyramid"],"picked":"Calling Bell"}],"items_purged_floors":[2],"is_endless":false,"potions_floor_spawned":[12,18,22],"killed_by":"Gremlin Leader","ascension_level":4}