{"gold_per_floor":[112,187,187,205,229,229,194,194,194,224,224],"floor_reached":11,"playtime":291,"items_purged":[],"score":107,"play_id":"15acb8cb-190e-48f5-b0c7-5a0d2629f53a","local_time":"20190401001038","is_ascension_mode":true,"campfire_choices":[{"data":"Cloak And Dagger","floor":6,"key":"SMITH"}],"neow_cost":"NONE","seed_source_timestamp":0,"circlet_count":0,"master_deck":["AscendersBane","Defend_G","Defend_G","Defend_G","Defend_G","Defend_G","Strike_G","Strike_G","Strike_G","Strike_G","Survivor","Neutralize","Cloak And Dagger+1","Dagger Spray","Regret"],"relics":["Ring of the Snake","Juzu Bracelet","Golden Idol","Turnip","Tiny Chest"],"potions_floor_usage":[],"damage_taken":[{"damage":6,"enemies":"Jaw Worm","floor":1,"turns":6},{"damage":1,"enemies":"2 Louse","floor":4,"turns":5},{"damage":2,"enemies":"Small Slimes","floor":5,"turns":4},{"damage":51,"enemies":"Lagavulin","floor":11,"turns":11}],"seed_played":"-2264140361600906542","potions_obtained":[],"is_trial":false,"path_per_floor":["M","?","?","M","M","R","?","?","T","?","E"],"character_chosen":"THE_SILENT","items_purchased":[],"campfire_rested":0,"item_purchase_floors":[],"current_hp_per_floor":[53,42,42,41,39,39,54,54,54,54,3],"gold":224,"neow_bonus":"RANDOM_COMMON_RELIC","is_prod":false,"is_daily":false,"chose_seed":true,"campfire_upgraded":1,"win_rate":0,"timestamp":1554048638,"path_taken":["M","?","?","M","M","R","?","?","T","?","E"],"build_version":"2019-03-15","purchased_purges":0,"victory":false,"max_hp_per_floor":[66,66,60,60,60,60,60,60,60,60,60],"card_choices":[{"not_picked":["Underhanded Strike","PiercingWail"],"picked":"Cloak And Dagger","floor":1},{"not_picked":["Bouncing Flask","Sucker Punch","Expertise"],"picked":"SKIP","floor":4},{"not_picked":["Caltrops","Deadly Poison"],"picked":"Dagger Spray","floor":5}],"player_experience":1310290,"relics_obtained":[{"floor":9,"key":"Turnip"}],"event_choices":[{"damage_healed":0,"gold_gain":75,"player_choice":"Gather Gold","damage_taken":11,"max_hp_gain":0,"max_hp_loss":0,"event_name":"World of Goop","floor":2,"gold_loss":0},{"damage_healed":0,"gold_gain":0,"player_choice":"Lose Max HP","damage_taken":0,"relics_obtained":["Golden Idol"],"max_hp_gain":0,"max_hp_loss":6,"event_name":"Golden Idol","floor":3,"gold_loss":0},{"damage_healed":15,"gold_gain":0,"player_choice":"Healed","damage_taken":0,"max_hp_gain":0,"max_hp_loss":0,"event_name":"The Cleric","floor":7,"gold_loss":35},{"cards_removed":["Strike_G"],"damage_healed":0,"gold_gain":0,"player_choice":"Offered Basic","damage_taken":0,"max_hp_gain":0,"max_hp_loss":0,"event_name":"Bonfire Elementals","floor":8,"gold_loss":0},{"damage_healed":0,"gold_gain":0,"player_choice":"Box","damage_taken":0,"relics_obtained":["Tiny Chest"],"max_hp_gain":0,"max_hp_loss":0,"event_name":"Big Fish","floor":10,"gold_loss":0,"cards_obtained":["Regret"]}],"is_beta":true,"boss_relics":[],"items_purged_floors":[],"is_endless":false,"potions_floor_spawned":[],"killed_by":"Lagavulin","ascension_level":15}