{"gold_per_floor":[369,369,334,354,367,367,387,260,260,260,273,273,307,321,321,392,392,407,80,91,105,122,152,152,165,189,189,209,242,260,52,52,125,125,138,188,188,188,205,236,236,268,320,47,81,96,116,130,130,130],"floor_reached":51,"playtime":2083,"items_purged":["Strike_R","Anger","Strike_R"],"score":1442,"play_id":"f477dd82-cd2d-48b3-8ef2-6021217ee104","local_time":"20190322170301","is_ascension_mode":true,"campfire_choices":[{"data":"Bash","floor":6.0,"key":"SMITH"},{"data":"Uppercut","floor":10.0,"key":"SMITH"},{"data":"Inflame","floor":12.0,"key":"SMITH"},{"data":"Spot Weakness","floor":15.0,"key":"SMITH"},{"data":"Shockwave","floor":27.0,"key":"SMITH"},{"data":"True Grit","floor":32.0,"key":"SMITH"},{"data":"Feel No Pain","floor":41,"key":"SMITH"},{"data":"True Grit","floor":49,"key":"SMITH"}],"neow_cost":"PERCENT_DAMAGE","seed_source_timestamp":0,"circlet_count":0,"master_deck":["AscendersBane","Strike_R","Strike_R","Strike_R","Defend_R","Defend_R","Defend_R","Defend_R","Bash+1","Inflame+1","Spot Weakness+1","Iron Wave","Uppercut+1","Pommel Strike","Shrug It Off","Immolate","Uppercut","Shockwave+1","True Grit+1","Shrug It Off","Battle Trance+1","Shrug It Off","Pommel Strike","Corruption","Spot Weakness","Impervious","Twin Strike","Evolve+1","Feel No Pain+1","True Grit+1","Headbutt","Heavy Blade+1","Limit Break"],"special_seed":0,"relics":["Burning Blood","Sundial","Self Forming Clay","Blood Vial","Snecko Eye","PreservedInsect","Regal Pillow","Art of War","Turnip","Medical Kit","Velvet Choker","Ginger","Red Skull","Oddly Smooth Stone","Anchor","Lantern","Magic Flower"],"potions_floor_usage":[45,50,50],"damage_taken":[{"damage":10.0,"enemies":"2 Louse","floor":1.0,"turns":4.0},{"damage":9.0,"enemies":"Jaw Worm","floor":4.0,"turns":3.0},{"damage":1.0,"enemies":"Cultist","floor":5.0,"turns":4.0},{"damage":2.0,"enemies":"2 Fungi Beasts","floor":7.0,"turns":4.0},{"damage":19.0,"enemies":"Exordium Wildlife","floor":11.0,"turns":3.0},{"damage":16.0,"enemies":"3 Sentries","floor":13.0,"turns":6.0},{"damage":9.0,"enemies":"Blue Slaver","floor":14.0,"turns":3.0},{"damage":16.0,"enemies":"Hexaghost","floor":16.0,"turns":7.0},{"damage":11.0,"enemies":"Spheric Guardian","floor":18.0,"turns":3.0},{"damage":10.0,"enemies":"Shell Parasite","floor":20.0,"turns":4.0},{"damage":2.0,"enemies":"3 Cultists","floor":21.0,"turns":3.0},{"damage":9.0,"enemies":"Centurion and Healer","floor":22.0,"turns":5.0},{"damage":0.0,"enemies":"Book of Stabbing","floor":23.0,"turns":3.0},{"damage":5.0,"enemies":"Shelled Parasite and Fungi","floor":25.0,"turns":6.0},{"damage":4.0,"enemies":"Cultist and Chosen","floor":28.0,"turns":6.0},{"damage":9.0,"enemies":"Slavers","floor":29.0,"turns":4.0},{"damage":0.0,"enemies":"Centurion and Healer","floor":30.0,"turns":4.0},{"damage":57.0,"enemies":"Champ","floor":33.0,"turns":8.0},{"damage":2.0,"enemies":"3 Darklings","floor":35.0,"turns":5.0},{"damage":11.0,"enemies":"2 Orb Walkers","floor":36.0,"turns":5.0},{"damage":6.0,"enemies":"3 Shapes","floor":39.0,"turns":3.0},{"damage":12,"enemies":"Reptomancer","floor":40,"turns":4},{"damage":12,"enemies":"Nemesis","floor":42,"turns":7},{"damage":5,"enemies":"Reptomancer","floor":45,"turns":5},{"damage":3,"enemies":"Writhing Mass","floor":46,"turns":6},{"damage":3,"enemies":"3 Darklings","floor":47,"turns":2},{"damage":10,"enemies":"Jaw Worm Horde","floor":48,"turns":4},{"damage":9,"enemies":"Time Eater","floor":50,"turns":7}],"seed_played":"-6545007271857397041","potions_obtained":[{"floor":5.0,"key":"SkillPotion"},{"floor":11.0,"key":"FearPotion"},{"floor":13.0,"key":"Dexterity Potion"},{"floor":14.0,"key":"LiquidBronze"},{"floor":16.0,"key":"Fire Potion"},{"floor":23.0,"key":"FearPotion"},{"floor":39.0,"key":"Weak Potion"},{"floor":42,"key":"Regen Potion"},{"floor":45,"key":"Block Potion"}],"is_trial":false,"path_per_floor":["M","?","?","M","M","R","M","$","T","R","M","R","E","M","R","B",null,"M","$","M","M","M","E","?","M","T","R","M","E","M","$","R","B",null,"M","?","?","?","M","E","R","E","T","$","E","M","M","M","R","B",null],"character_chosen":"IRONCLAD","items_purchased":["Anger","PreservedInsect","Uppercut","Medical Kit","Lantern"],"campfire_rested":0,"item_purchase_floors":[8,19,19,31,44],"current_hp_per_floor":[46,35,53,50,55,55,59,59,59,59,46,46,36,35,35,27,63,60,60,58,64,63,71,71,74,74,74,75,72,75,75,75,24,62,68,65,65,65,67,63,63,59,59,59,71,71,71,70,70,71],"gold":130,"neow_bonus":"TWO_FIFTY_GOLD","is_prod":false,"is_daily":false,"chose_seed":false,"campfire_upgraded":8,"win_rate":0,"timestamp":1553299381,"path_taken":["M","?","?","M","M","R","M","$","T","R","M","R","E","M","R","BOSS","M","$","M","M","M","E","?","M","T","R","M","E","M","$","R","BOSS","M","?","?","?","?","E","R","E","T","?","E","M","M","M","R","BOSS"],"build_version":"2019-01-23","purchased_purges":3,"victory":true,"max_hp_per_floor":[75,75,75,75,75,75,75,75,75,75,75,75,75,75,75,75,75,75,75,75,75,75,75,75,75,75,75,75,75,75,75,75,75,75,75,75,75,71,71,71,71,71,71,71,71,71,71,71,71,71],"card_choices":[{"not_picked":["Armaments","Clothesline"],"picked":"Inflame","floor":1.0},{"not_picked":["Entrench","Wild Strike"],"picked":"Spot Weakness","floor":4.0},{"not_picked":["Shockwave","Perfected Strike"],"picked":"Iron Wave","floor":5.0},{"not_picked":["Dropkick","Warcry"],"picked":"Uppercut","floor":7.0},{"not_picked":["Whirlwind","Second Wind"],"picked":"Pommel Strike","floor":11.0},{"not_picked":["Seeing Red","Bloodletting","Anger"],"picked":"SKIP","floor":13.0},{"not_picked":["Cleave","Havoc"],"picked":"Shrug It Off","floor":14.0},{"not_picked":["Fiend Fire","Impervious"],"picked":"Immolate","floor":16.0},{"not_picked":["Perfected Strike","Combust","Wild Strike"],"picked":"SKIP","floor":18.0},{"not_picked":["Iron Wave","Armaments"],"picked":"Shockwave","floor":20.0},{"not_picked":["Thunderclap","Havoc"],"picked":"True Grit","floor":21.0},{"not_picked":["Perfected Strike","Sentinel"],"picked":"Shrug It Off","floor":22.0},{"not_picked":["Wild Strike+1","Combust"],"picked":"Battle Trance+1","floor":23.0},{"not_picked":["Rage","True Grit"],"picked":"Shrug It Off","floor":25.0},{"not_picked":["Anger","Carnage+1"],"picked":"Pommel Strike","floor":28.0},{"not_picked":["Thunderclap","Whirlwind"],"picked":"Corruption","floor":29.0},{"not_picked":["Flex","Dual Wield"],"picked":"Spot Weakness","floor":30.0},{"not_picked":["Demon Form","Bludgeon"],"picked":"Impervious","floor":33.0},{"not_picked":["Flex","Burning Pact"],"picked":"Twin Strike","floor":35.0},{"not_picked":["Shockwave","Anger"],"picked":"Evolve+1","floor":36.0},{"not_picked":["Clash","Battle Trance","Perfected Strike"],"picked":"SKIP","floor":39.0},{"not_picked":["Searing Blow","Brutality"],"picked":"Feel No Pain","floor":40},{"not_picked":["Corruption","Uppercut+1"],"picked":"True Grit","floor":42},{"not_picked":["Searing Blow","Carnage"],"picked":"Headbutt","floor":45},{"not_picked":["Entrench","Clothesline+1","Havoc+1"],"picked":"SKIP","floor":46},{"not_picked":["Cleave","Headbutt"],"picked":"Heavy Blade+1","floor":47},{"not_picked":["Body Slam","Clothesline+1"],"picked":"Limit Break","floor":48}],"player_experience":2364285,"relics_obtained":[{"floor":9.0,"key":"Self Forming Clay"},{"floor":13.0,"key":"Blood Vial"},{"floor":23.0,"key":"Regal Pillow"},{"floor":26.0,"key":"Art of War"},{"floor":29.0,"key":"Turnip"},{"floor":36.0,"key":"Ginger"},{"floor":40,"key":"Red Skull"},{"floor":42,"key":"Oddly Smooth Stone"},{"floor":43,"key":"Anchor"},{"floor":45,"key":"Magic Flower"}],"event_choices":[{"damage_healed":0.0,"max_hp_gain":0.0,"max_hp_loss":0.0,"gold_gain":0.0,"event_name":"Scrap Ooze","player_choice":"Success","floor":2.0,"gold_loss":0.0,"damage_taken":11.0,"relics_obtained":["Sundial"]},{"damage_healed":18.0,"max_hp_gain":0.0,"max_hp_loss":0.0,"gold_gain":0.0,"event_name":"The Cleric","player_choice":"Healed","floor":3.0,"gold_loss":35.0,"damage_taken":0.0},{"damage_healed":0.0,"max_hp_gain":0.0,"max_hp_loss":0.0,"gold_gain":0.0,"event_name":"The Mausoleum","player_choice":"Ignored","floor":24.0,"gold_loss":0.0,"damage_taken":0.0},{"damage_healed":0.0,"max_hp_gain":0.0,"max_hp_loss":0.0,"gold_gain":0.0,"event_name":"Mysterious Sphere","player_choice":"Fight","floor":36.0,"gold_loss":0.0,"damage_taken":0.0},{"damage_healed":0.0,"max_hp_gain":0.0,"max_hp_loss":0.0,"gold_gain":0.0,"event_name":"Tomb of Lord Red Mask","player_choice":"Ignored","floor":37.0,"gold_loss":0.0,"damage_taken":0.0},{"damage_healed":0.0,"max_hp_gain":0.0,"max_hp_loss":4.0,"gold_gain":0.0,"event_name":"Winding Halls","player_choice":"Max HP","floor":38.0,"gold_loss":0.0,"damage_taken":0.0}],"is_beta":false,"boss_relics":[{"not_picked":["Sozu","Runic Pyramid"],"picked":"Snecko Eye"},{"not_picked":["White Beast Statue","Orrery"],"picked":"Velvet Choker"}],"items_purged_floors":[8,19,44],"is_endless":false,"potions_floor_spawned":[5,11,13,14,16,18,23,30,39,42,45,48],"ascension_level":15}