{"gold_per_floor":[117,129,148,148,8,8,42,61,114,114,114,173,183,217,217,288,288,302,108,208,226,238,238,238,238,238,238,268,193,48,48,48,123,123,133,151,169,185,198,198,233,233,256,256,256,272,272,272,272,272],"floor_reached":51,"playtime":2332,"items_purged":["Strike_R","Strike_R"],"score":1430,"play_id":"ceadfa43-56d5-4f44-9266-532004738cf5","local_time":"20180831091404","is_ascension_mode":true,"campfire_choices":[{"data":"Inflame","floor":6.0,"key":"SMITH"},{"data":"Disarm","floor":11.0,"key":"SMITH"},{"data":"Clothesline","floor":15.0,"key":"SMITH"},{"floor":23.0,"key":"REST"},{"floor":25.0,"key":"REST"},{"data":"Shockwave","floor":27.0,"key":"SMITH"},{"data":"Discovery","floor":32.0,"key":"SMITH"},{"floor":40,"key":"REST"},{"floor":42,"key":"REST"},{"floor":44,"key":"REST"},{"data":"Shrug It Off","floor":47,"key":"SMITH"},{"data":"Pummel","floor":49,"key":"SMITH"}],"neow_cost":"NONE","seed_source_timestamp":3624117341765,"circlet_count":0,"master_deck":["Defend_R+1","Defend_R+1","Defend_R+1","Defend_R+1","Bash+1","AscendersBane","Pommel Strike","Clothesline+1","Inflame+1","Feed","Disarm+1","Anger","Cleave","Feel No Pain+1","Demon Form+1","Battle Trance","Pummel+1","Shockwave+1","Iron Wave+1","Discovery+1","Evolve+1","Metallicize+1","Shrug It Off+1","Reaper","Flash of Steel"],"special_seed":0,"relics":["Black Blood","Frozen Egg 2","Bronze Scales","Pen Nib","Potion Belt","Smiling Mask","Thread and Needle","Bottled Flame","Singing Bowl","Oddly Smooth Stone","Mark of Pain","The Courier","Juzu Bracelet"],"potions_floor_usage":[50,50,50,50],"damage_taken":[{"damage":6.0,"enemies":"Cultist","floor":1.0,"turns":4.0},{"damage":15.0,"enemies":"Small Slimes","floor":2.0,"turns":3.0},{"damage":12.0,"enemies":"Jaw Worm","floor":3.0,"turns":3.0},{"damage":15.0,"enemies":"Lagavulin","floor":7.0,"turns":7.0},{"damage":11.0,"enemies":"Lots of Slimes","floor":8.0,"turns":4.0},{"damage":28.0,"enemies":"Lagavulin Event","floor":12.0,"turns":5.0},{"damage":3.0,"enemies":"Looter","floor":13.0,"turns":2.0},{"damage":16.0,"enemies":"Gremlin Nob","floor":14.0,"turns":4.0},{"damage":0.0,"enemies":"Slime Boss","floor":16.0,"turns":8.0},{"damage":1.0,"enemies":"3 Byrds","floor":18.0,"turns":3.0},{"damage":12.0,"enemies":"Colosseum Slavers","floor":20.0,"turns":6.0},{"damage":58.0,"enemies":"Colosseum Nobs","floor":20.0,"turns":5.0},{"damage":2.0,"enemies":"Spheric Guardian","floor":21.0,"turns":3.0},{"damage":24.0,"enemies":"Shelled Parasite and Fungi","floor":22.0,"turns":5.0},{"damage":10.0,"enemies":"Gremlin Leader","floor":28.0,"turns":5.0},{"damage":29.0,"enemies":"Collector","floor":33.0,"turns":8.0},{"damage":11.0,"enemies":"3 Shapes","floor":35.0,"turns":11.0},{"damage":19.0,"enemies":"3 Darklings","floor":36.0,"turns":5.0},{"damage":17.0,"enemies":"Spire Growth","floor":37.0,"turns":5.0},{"damage":22.0,"enemies":"Maw","floor":38.0,"turns":7.0},{"damage":46,"enemies":"Transient","floor":39,"turns":5},{"damage":24,"enemies":"Giant Head","floor":41,"turns":8},{"damage":27,"enemies":"Sphere and 2 Shapes","floor":46,"turns":8},{"damage":31,"enemies":"Donu and Deca","floor":50,"turns":8}],"seed_played":"-6012693384526654998","potions_obtained":[{"floor":7.0,"key":"Ancient Potion"},{"floor":8.0,"key":"Dexterity Potion"},{"floor":12.0,"key":"SkillPotion"},{"floor":14.0,"key":"Dexterity Potion"},{"floor":20.0,"key":"SkillPotion"},{"floor":22.0,"key":"SkillPotion"},{"floor":33.0,"key":"Strength Potion"}],"is_trial":false,"path_per_floor":["M","M","M","T","$","R","E","M","T","?","R","?","M","E","R","B",null,"M","$","?","M","M","R","?","R","T","R","E","?","$","?","R","B",null,"M","M","M","M","M","R","E","R","T","R","?","M","R","?","R","B"],"character_chosen":"IRONCLAD","items_purchased":["Feed","Pummel","Shockwave","Discovery"],"campfire_rested":5,"item_purchase_floors":[5,19,19,30],"current_hp_per_floor":[68,59,53,53,53,53,44,42,42,42,42,23,29,19,19,25,69,78,78,31,39,25,51,51,77,77,77,79,79,79,79,79,62,84,86,79,75,63,29,59,45,75,75,101,101,106,106,100,100,110],"gold":272,"neow_bonus":"UPGRADE_CARD","is_prod":false,"is_daily":false,"chose_seed":false,"campfire_upgraded":7,"win_rate":0,"timestamp":1535732044,"path_taken":["M","?","M","?","$","R","E","?","T","?","R","?","?","E","R","BOSS","M","$","?","M","M","R","?","R","T","R","E","?","$","?","R","BOSS","M","M","?","M","M","R","E","R","T","R","?","M","R","?","R","BOSS"],"build_version":"2018-08-30","purchased_purges":2,"victory":true,"max_hp_per_floor":[75,75,75,75,75,75,75,78,78,78,78,81,84,84,84,84,84,84,84,87,87,87,87,87,87,87,87,89,89,89,89,89,91,91,94,96,99,99,101,101,101,101,101,101,101,106,106,110,110,110],"card_choices":[{"not_picked":["Thunderclap","Twin Strike"],"picked":"Pommel Strike","floor":1.0},{"not_picked":["Intimidate","Bloodletting"],"picked":"Clothesline","floor":2.0},{"not_picked":["Twin Strike","Heavy Blade"],"picked":"Inflame","floor":3.0},{"not_picked":["Searing Blow","Perfected Strike","Combust+1"],"picked":"SKIP","floor":7.0},{"not_picked":["Entrench","Thunderclap"],"picked":"Disarm","floor":8.0},{"not_picked":["Infernal Blade","Headbutt"],"picked":"Anger","floor":12.0},{"not_picked":["Uppercut","Brutality+1"],"picked":"Cleave","floor":13.0},{"not_picked":["Pommel Strike","Iron Wave"],"picked":"Feel No Pain+1","floor":14.0},{"not_picked":["Barricade+1","Fiend Fire"],"picked":"Demon Form+1","floor":16.0},{"not_picked":["Burning Pact","Armaments"],"picked":"Battle Trance","floor":18.0},{"not_picked":["Cleave","Clash","Burning Pact"],"picked":"SKIP","floor":21.0},{"not_picked":["Feel No Pain+1","Anger"],"picked":"Iron Wave+1","floor":22.0},{"not_picked":["Fire Breathing+1","Clothesline","Combust+1"],"picked":"Singing Bowl","floor":28.0},{"not_picked":["Feed","Brutality+1","Bludgeon"],"picked":"Singing Bowl","floor":33.0},{"not_picked":["Feel No Pain+1","Shrug It Off+1"],"picked":"Evolve+1","floor":35.0},{"not_picked":["Entrench","Warcry","Flex"],"picked":"Singing Bowl","floor":36.0},{"not_picked":["Armaments","Clothesline+1"],"picked":"Metallicize+1","floor":37.0},{"not_picked":["Heavy Blade","Burning Pact"],"picked":"Shrug It Off","floor":38.0},{"not_picked":["Bloodletting","Headbutt","Metallicize+1"],"picked":"Singing Bowl","floor":39},{"not_picked":["Twin Strike","Cleave"],"picked":"Reaper","floor":41},{"not_picked":["Flex","Second Wind+1","Uppercut"],"picked":"Singing Bowl","floor":46},{"not_picked":["Madness","Good Instincts","Purity"],"picked":"Singing Bowl","floor":48},{"not_picked":["Trip","Mind Blast"],"picked":"Flash of Steel","floor":48},{"not_picked":["Sadistic Nature+1","Apotheosis","Panacea"],"picked":"Singing Bowl","floor":48}],"player_experience":1056732,"relics_obtained":[{"floor":4.0,"key":"Frozen Egg 2"},{"floor":7.0,"key":"Bronze Scales"},{"floor":9.0,"key":"Pen Nib"},{"floor":12.0,"key":"Potion Belt"},{"floor":14.0,"key":"Smiling Mask"},{"floor":20.0,"key":"Thread and Needle"},{"floor":20.0,"key":"Bottled Flame"},{"floor":26.0,"key":"Singing Bowl"},{"floor":28.0,"key":"Oddly Smooth Stone"},{"floor":41,"key":"The Courier"},{"floor":43,"key":"Juzu Bracelet"}],"event_choices":[{"event_name":"Scrap Ooze","player_choice":"unsuccessful","floor":10.0,"damage_taken":0.0},{"event_name":"Dead Adventurer","player_choice":"Searched \u00272\u0027 times","floor":12.0,"damage_taken":0.0},{"event_name":"Colosseum","player_choice":"Fight","floor":20.0,"damage_taken":0.0},{"event_name":"Colosseum","player_choice":"Fought Nobs","floor":20.0,"damage_taken":0.0},{"event_name":"Purifier","player_choice":"One Purge","floor":24.0,"damage_taken":0.0},{"event_name":"Beggar","player_choice":"Gave Gold","floor":29.0,"damage_taken":0.0},{"event_name":"Back to Basics","player_choice":"Simplicity","floor":31.0,"damage_taken":0.0},{"event_name":"Bonfire Elementals","player_choice":"BASIC","floor":45,"damage_taken":0},{"event_name":"SensoryStone","player_choice":"Memory 3","floor":48,"damage_taken":0}],"is_beta":false,"boss_relics":[{"not_picked":["Runic Pyramid","Tiny House"],"picked":"Black Blood"},{"not_picked":["Astrolabe","Eternal Feather"],"picked":"Mark of Pain"}],"items_purged_floors":[19,30],"is_endless":false,"potions_floor_spawned":[7,8,12,14,20,21,22,33,35,37,39,41],"ascension_level":15}