{"gold_per_floor":[117,132,132,144,164,199,172,24,24,24,44,44,44,54,54,158,158,172,172,183,201,219,219],"floor_reached":23,"playtime":1325,"items_purged":[],"score":195,"play_id":"194e18ca-33d7-43fc-aff1-759ddea7f8b5","local_time":"20181002223329","is_ascension_mode":false,"campfire_choices":[{"data":"Barrage","floor":10,"key":"SMITH"},{"data":"Fusion","floor":13,"key":"SMITH"},{"data":"Redo","floor":15,"key":"SMITH"}],"neow_cost":"","seed_source_timestamp":1386704578136524,"circlet_count":0,"master_deck":["Strike_B","Strike_B","Strike_B","Defend_B","Defend_B","Defend_B","Defend_B","Zap","Dualcast","Redo+1","Barrage+1","Leap","Hyperbeam","Fusion+1","Compile Driver","Genetic Algorithm","Buffer","Thunder Strike","Reprogram","Ball Lightning+1"],"relics":["Cracked Core","Pen Nib","Girya","Oddly Smooth Stone","Mercury Hourglass","Lizard Tail"],"potions_floor_usage":[16,20,23,23],"damage_taken":[{"damage":0,"enemies":"Jaw Worm","floor":1,"turns":4},{"damage":0,"enemies":"2 Louse","floor":2,"turns":2},{"damage":0,"enemies":"Small Slimes","floor":4,"turns":2},{"damage":0,"enemies":"Exordium Wildlife","floor":5,"turns":3},{"damage":4,"enemies":"3 Sentries","floor":6,"turns":3},{"damage":0,"enemies":"Lots of Slimes","floor":11,"turns":1},{"damage":1,"enemies":"Blue Slaver","floor":14,"turns":3},{"damage":51,"enemies":"The Guardian","floor":16,"turns":10},{"damage":21,"enemies":"Chosen","floor":18,"turns":5},{"damage":22,"enemies":"2 Thieves","floor":20,"turns":3},{"damage":13,"enemies":"Shelled Parasite and Fungi","floor":21,"turns":6},{"damage":10,"enemies":"Chosen and Byrds","floor":22,"turns":6},{"damage":64,"enemies":"Gremlin Leader","floor":23,"turns":6}],"seed_played":"-7115339543048618074","potions_obtained":[{"floor":5,"key":"FairyPotion"},{"floor":14,"key":"Block Potion"},{"floor":16,"key":"Regen Potion"},{"floor":20,"key":"Explosive Potion"},{"floor":21,"key":"SteroidPotion"},{"floor":22,"key":"SneckoOil"}],"is_trial":false,"path_per_floor":["M","M","?","M","M","E","?","$","T","R","M","?","R","M","R","B",null,"M","?","M","M","M"],"character_chosen":"DEFECT","items_purchased":["Oddly Smooth Stone"],"campfire_rested":0,"item_purchase_floors":[8],"current_hp_per_floor":[75,75,57,57,57,53,53,53,53,53,53,46,46,45,45,7,75,54,54,41,28,18,0],"gold":219,"neow_bonus":"","is_prod":false,"is_daily":false,"chose_seed":false,"campfire_upgraded":3,"win_rate":0,"timestamp":1538512409,"path_taken":["M","M","?","M","M","E","?","?","T","R","?","?","R","M","R","BOSS","M","?","?","?","M","E"],"build_version":"2018-09-27","purchased_purges":0,"victory":false,"max_hp_per_floor":[75,75,75,75,75,75,75,75,75,75,75,75,75,75,75,75,75,75,75,75,75,75,75],"card_choices":[{"not_picked":["Loop","Leap"],"picked":"Redo","floor":1},{"not_picked":["Compile Driver","Cold Snap"],"picked":"Barrage","floor":2},{"not_picked":["Hologram","Undo"],"picked":"Leap","floor":4},{"not_picked":["Beam Cell","Steam"],"picked":"Hyperbeam","floor":5},{"not_picked":["Static Discharge","Chaos"],"picked":"Fusion","floor":6},{"not_picked":["Beam Cell","Rip and Tear"],"picked":"Compile Driver","floor":11},{"not_picked":["Rebound","Double Energy"],"picked":"Genetic Algorithm","floor":14},{"not_picked":["All For One","Fission"],"picked":"Buffer","floor":16},{"not_picked":["Melter","Beam Cell","Rebound"],"picked":"SKIP","floor":18},{"not_picked":["Turbo+1","Gash+1","Blizzard"],"picked":"SKIP","floor":20},{"not_picked":["Redo","Barrage"],"picked":"Ball Lightning+1","floor":21},{"not_picked":["Turbo+1","Coolheaded","Barrage"],"picked":"SKIP","floor":22}],"player_experience":35630,"relics_obtained":[{"floor":6,"key":"Girya"},{"floor":9,"key":"Mercury Hourglass"}],"event_choices":[{"event_name":"Scrap Ooze","player_choice":"success","floor":3,"damage_taken":18},{"event_name":"World of Goop","player_choice":"Left","floor":7,"damage_taken":0},{"event_name":"Golden Wing","player_choice":"Card Removal","floor":12,"damage_taken":0},{"event_name":"Match and Keep!","player_choice":"2 cards matched","floor":19,"damage_taken":0}],"is_beta":false,"boss_relics":[{"not_picked":["Empty Cage","Busted Crown"],"picked":"Lizard Tail"}],"items_purged_floors":[],"is_endless":false,"potions_floor_spawned":[2,5,14,16,20,21,22],"killed_by":"Gremlin Leader","ascension_level":0}