{"gold_per_floor":[117,129,54,69,79,79,104,104,104,115,144,144,166,197,197,274,274,294,569,178,205,95,95,127,137,137,164,180,180,23,38,38,116,116,134,145,158,171,190,190,224,224,248,280,319,346,375,404,416,428,440,452,464,116,148,148],"floor_reached":57,"playtime":2770,"items_purged":["Regret","Strike_R","Bash"],"score":3452,"play_id":"4df84cf8-a28c-4bab-adcf-aaec8f13e5c4","local_time":"20190412145235","is_ascension_mode":true,"campfire_choices":[{"data":"Armaments","floor":6.0,"key":"SMITH"},{"data":"Entrench","floor":8.0,"key":"SMITH"},{"floor":12.0,"key":"REST"},{"data":"Flame Barrier","floor":15.0,"key":"SMITH"},{"data":"Body Slam","floor":23.0,"key":"SMITH"},{"data":"True Grit","floor":32.0,"key":"SMITH"},{"data":"Battle Trance","floor":40.0,"key":"SMITH"},{"data":"Offering","floor":42.0,"key":"SMITH"},{"floor":49,"key":"RECALL"},{"data":"Second Wind","floor":53,"key":"SMITH"}],"neow_cost":"TEN_PERCENT_HP_LOSS","seed_source_timestamp":12590590064700,"circlet_count":0,"master_deck":["AscendersBane","Defend_R","Defend_R+1","Defend_R","Defend_R+1","Whirlwind+1","Body Slam+1","Flame Barrier+1","Armaments+1","Entrench+1","Evolve+1","Shrug It Off","Feel No Pain+1","Offering+1","Battle Trance+1","True Grit+1","Headbutt","Metallicize+1","Warcry+1","Disarm","Second Wind+1","PanicButton"],"special_seed":0,"relics":["Burning Blood","Calipers","Letter Opener","Ornamental Fan","Frozen Egg 2","Odd Mushroom","Whetstone","Runic Dome","TheAbacus","Oddly Smooth Stone","Gambling Chip","Dream Catcher","Empty Cage","Potion Belt","MawBank","Regal Pillow","War Paint"],"potions_floor_usage":[55,56,56],"damage_taken":[{"damage":7.0,"enemies":"2 Louse","floor":1.0,"turns":4.0},{"damage":12.0,"enemies":"Jaw Worm","floor":2.0,"turns":3.0},{"damage":13.0,"enemies":"Cultist","floor":4.0,"turns":5.0},{"damage":0.0,"enemies":"Exordium Wildlife","floor":5.0,"turns":5.0},{"damage":26.0,"enemies":"Gremlin Nob","floor":7.0,"turns":4.0},{"damage":0.0,"enemies":"2 Fungi Beasts","floor":10.0,"turns":5.0},{"damage":36.0,"enemies":"Lagavulin","floor":11.0,"turns":7.0},{"damage":1.0,"enemies":"The Mushroom Lair","floor":13.0,"turns":4.0},{"damage":9.0,"enemies":"3 Sentries","floor":14.0,"turns":8.0},{"damage":13.0,"enemies":"The Guardian","floor":16.0,"turns":11.0},{"damage":24.0,"enemies":"3 Byrds","floor":18.0,"turns":4.0},{"damage":6.0,"enemies":"Gremlin Leader","floor":24.0,"turns":4.0},{"damage":6.0,"enemies":"2 Thieves","floor":25.0,"turns":2.0},{"damage":6.0,"enemies":"Book of Stabbing","floor":27.0,"turns":4.0},{"damage":6.0,"enemies":"Snecko","floor":28.0,"turns":10.0},{"damage":6.0,"enemies":"3 Cultists","floor":31.0,"turns":5.0},{"damage":6.0,"enemies":"Champ","floor":33.0,"turns":7.0},{"damage":6.0,"enemies":"3 Darklings","floor":35.0,"turns":5.0},{"damage":6.0,"enemies":"Orb Walker","floor":36.0,"turns":3.0},{"damage":6.0,"enemies":"Transient","floor":37.0,"turns":6.0},{"damage":6.0,"enemies":"Spire Growth","floor":38.0,"turns":3.0},{"damage":6.0,"enemies":"Sphere and 2 Shapes","floor":39.0,"turns":8.0},{"damage":12.0,"enemies":"Reptomancer","floor":41.0,"turns":7.0},{"damage":32.0,"enemies":"Jaw Worm Horde","floor":44.0,"turns":4.0},{"damage":0,"enemies":"Giant Head","floor":45,"turns":6},{"damage":6,"enemies":"4 Shapes","floor":46,"turns":4},{"damage":6,"enemies":"Maw","floor":47,"turns":7},{"damage":6,"enemies":"3 Darklings","floor":48,"turns":7},{"damage":6,"enemies":"Awakened One","floor":50,"turns":9},{"damage":6,"enemies":"Time Eater","floor":51,"turns":7},{"damage":6,"enemies":"Shield and Spear","floor":55,"turns":4},{"damage":6,"enemies":"The Heart","floor":56,"turns":7}],"seed_played":"8758275756044136664","potions_obtained":[{"floor":4.0,"key":"Swift Potion"},{"floor":7.0,"key":"FearPotion"},{"floor":10.0,"key":"EntropicBrew"},{"floor":11.0,"key":"Strength Potion"},{"floor":14.0,"key":"Fire Potion"},{"floor":16.0,"key":"EntropicBrew"},{"floor":18.0,"key":"SteroidPotion"},{"floor":27.0,"key":"Fire Potion"},{"floor":35.0,"key":"BloodPotion"},{"floor":36.0,"key":"BloodPotion"},{"floor":46,"key":"Swift Potion"},{"floor":47,"key":"Poison Potion"}],"is_trial":false,"path_per_floor":["M","M","?","M","M","R","E","R","T","M","E","R","?","E","R","B",null,"M","?","$","T","?","R","E","M","T","E","M","?","$","M","R","B",null,"M","M","M","M","M","R","E","R","T","M","E","M","M","M","R","B","B",null,"R","$","E","B",null],"character_chosen":"IRONCLAD","items_purchased":["TheAbacus","EssenceOfSteel","Energy Potion","Block Potion","PanicButton","Regen Potion"],"campfire_rested":1,"item_purchase_floors":[20,20,30,54,54,54],"current_hp_per_floor":[67,61,61,54,60,60,40,40,40,46,16,36,41,38,38,31,59,41,41,41,41,41,41,41,41,41,41,41,41,41,41,41,41,61,61,67,67,67,67,67,67,67,67,41,47,47,47,47,47,47,47,63,63,63,63,68],"gold":148,"neow_bonus":"ONE_RARE_RELIC","is_prod":false,"is_daily":false,"chose_seed":false,"campfire_upgraded":8,"win_rate":0,"timestamp":1555051955,"path_taken":["M","M","?","M","M","R","E","R","T","M","E","R","?","E","R","BOSS","M","?","?","?","?","R","E","?","T","E","M","?","$","M","R","BOSS","M","M","M","M","M","R","E","R","T","M","E","M","M","M","R","BOSS","BOSS","R","$","E","BOSS"],"build_version":"2019-01-23","purchased_purges":3,"victory":true,"max_hp_per_floor":[68,68,68,68,68,68,68,68,68,68,68,68,68,68,68,68,68,68,68,68,68,68,68,68,68,68,68,68,68,68,68,68,68,68,68,68,68,68,68,68,68,68,68,68,68,68,68,68,68,68,68,68,68,68,68,68],"card_choices":[{"not_picked":["Wild Strike","Inflame"],"picked":"Whirlwind","floor":1.0},{"not_picked":["Hemokinesis","Dual Wield"],"picked":"Body Slam","floor":2.0},{"not_picked":["Heavy Blade","Havoc"],"picked":"Flame Barrier","floor":4.0},{"not_picked":["Rampage","Perfected Strike"],"picked":"Armaments","floor":5.0},{"not_picked":["Impervious","Burning Pact"],"picked":"Entrench","floor":7.0},{"not_picked":["Sever Soul","Anger"],"picked":"Evolve","floor":10.0},{"not_picked":["Havoc","Cleave","Flex"],"picked":"SKIP","floor":11.0},{"not_picked":["Havoc","Flex"],"picked":"Shrug It Off","floor":13.0},{"not_picked":["Perfected Strike","Armaments"],"picked":"Feel No Pain+1","floor":14.0},{"not_picked":["Limit Break","Demon Form+1"],"picked":"Offering","floor":16.0},{"not_picked":["Thunderclap","Shrug It Off"],"picked":"Battle Trance","floor":18.0},{"not_picked":["Twin Strike+1","Body Slam","Headbutt"],"picked":"SKIP","floor":24.0},{"not_picked":["Intimidate","Havoc","Sever Soul"],"picked":"SKIP","floor":25.0},{"not_picked":["Body Slam","Anger"],"picked":"True Grit","floor":27.0},{"not_picked":["Sentinel","Iron Wave+1","Twin Strike+1"],"picked":"SKIP","floor":28.0},{"not_picked":["Sever Soul+1","Whirlwind"],"picked":"Metallicize+1","floor":31.0},{"not_picked":["Warcry+1","Seeing Red+1","Sword Boomerang+1"],"picked":"SKIP","floor":35.0},{"not_picked":["Seeing Red+1","Sword Boomerang+1"],"picked":"Warcry+1","floor":35.0},{"not_picked":["Cleave","Headbutt+1","Sword Boomerang"],"picked":"SKIP","floor":36.0},{"not_picked":["Havoc","Thunderclap"],"picked":"Disarm","floor":37.0},{"not_picked":["Hemokinesis+1","Twin Strike"],"picked":"Second Wind","floor":38.0},{"not_picked":["Cleave","Corruption+1","Flex+1"],"picked":"SKIP","floor":39.0},{"not_picked":["Clash","Carnage","Feed"],"picked":"SKIP","floor":41.0},{"not_picked":["Thunderclap+1","Perfected Strike+1","Seeing Red"],"picked":"SKIP","floor":44.0},{"not_picked":["Flame Barrier+1","Combust+1","Metallicize+1"],"picked":"SKIP","floor":45},{"not_picked":["Seeing Red","Heavy Blade","Whirlwind"],"picked":"SKIP","floor":46},{"not_picked":["Headbutt","Perfected Strike","Entrench"],"picked":"SKIP","floor":47},{"not_picked":["Headbutt","Anger+1","Wild Strike+1"],"picked":"SKIP","floor":48},{"not_picked":["Searing Blow","Shrug It Off","Double Tap"],"picked":"SKIP","floor":55}],"player_experience":2962422,"relics_obtained":[{"floor":7.0,"key":"Letter Opener"},{"floor":9.0,"key":"Ornamental Fan"},{"floor":11.0,"key":"Frozen Egg 2"},{"floor":13.0,"key":"Odd Mushroom"},{"floor":14.0,"key":"Whetstone"},{"floor":21.0,"key":"Oddly Smooth Stone"},{"floor":24.0,"key":"Gambling Chip"},{"floor":27.0,"key":"Dream Catcher"},{"floor":41.0,"key":"Potion Belt"},{"floor":43.0,"key":"MawBank"},{"floor":45,"key":"Regal Pillow"},{"floor":55,"key":"War Paint"}],"event_choices":[{"cards_removed":["Strike_R"],"damage_healed":0.0,"max_hp_gain":0.0,"max_hp_loss":0.0,"gold_gain":0.0,"event_name":"The Cleric","player_choice":"Card Removal","floor":3.0,"gold_loss":75.0,"damage_taken":0.0},{"damage_healed":0.0,"max_hp_gain":0.0,"max_hp_loss":0.0,"gold_gain":0.0,"event_name":"Mushrooms","player_choice":"Fought Mushrooms","floor":13.0,"gold_loss":0.0,"damage_taken":0.0},{"damage_healed":0.0,"max_hp_gain":0.0,"max_hp_loss":0.0,"gold_gain":275.0,"event_name":"Golden Shrine","player_choice":"Desecrate","floor":19.0,"gold_loss":0.0,"damage_taken":0.0,"cards_obtained":["Regret"]},{"cards_removed":["Strike_R"],"damage_healed":0.0,"max_hp_gain":0.0,"max_hp_loss":0.0,"gold_gain":0.0,"event_name":"Designer","player_choice":"Upgrade and Remove","floor":22.0,"gold_loss":110.0,"damage_taken":0.0,"cards_upgraded":["Evolve"]},{"damage_healed":0.0,"max_hp_gain":0.0,"max_hp_loss":0.0,"gold_gain":0.0,"event_name":"The Library","player_choice":"Read","floor":29.0,"gold_loss":0.0,"damage_taken":0.0,"cards_obtained":["Headbutt"]}],"is_beta":false,"boss_relics":[{"not_picked":["Orrery","Busted Crown"],"picked":"Runic Dome"},{"not_picked":["Tiny House","Black Star"],"picked":"Empty Cage"}],"items_purged_floors":[20,30,54],"is_endless":false,"potions_floor_spawned":[4,7,10,11,14,16,18,27,31,35,36,46,47],"ascension_level":20}