{"gold_per_floor":[111,186,236,68,81,92,108,119,145,159,159,179,207,225,225,298,298,313,313,329,19,19],"floor_reached":22,"playtime":1051,"items_purged":["Strike_G"],"score":333,"play_id":"67e8bf89-5acf-4ee3-bc3a-259ae2e99753","local_time":"20181026115925","is_ascension_mode":true,"campfire_choices":[{"floor":11,"key":"REST"},{"floor":15,"key":"REST"}],"neow_cost":"NONE","seed_source_timestamp":121474650981582,"circlet_count":0,"master_deck":["Defend_G","Defend_G","Defend_G","Defend_G","Defend_G","Strike_G","Strike_G","Strike_G","Strike_G","Survivor","Neutralize","AscendersBane","Poisoned Stab","Crippling Poison","Poisoned Stab","Finisher","Well Laid Plans","Blade Dance","Noxious Fumes","PiercingWail","Distraction","Malaise","Dagger Throw","Acrobatics","Quick Slash"],"special_seed":0,"relics":["Ring of the Snake","Ancient Tea Set","Omamori","HoveringKite","Paper Crane"],"potions_floor_usage":[13,13,22],"damage_taken":[{"damage":0.0,"enemies":"Jaw Worm","floor":1.0,"turns":4.0},{"damage":2,"enemies":"Cultist","floor":5,"turns":5},{"damage":4,"enemies":"2 Louse","floor":6,"turns":3},{"damage":8,"enemies":"Red Slaver","floor":7,"turns":3},{"damage":11,"enemies":"Exordium Thugs","floor":8,"turns":6},{"damage":5,"enemies":"Large Slime","floor":10,"turns":8},{"damage":0,"enemies":"2 Fungi Beasts","floor":12,"turns":5},{"damage":29,"enemies":"Gremlin Nob","floor":13,"turns":4},{"damage":2,"enemies":"Exordium Thugs","floor":14,"turns":4},{"damage":22,"enemies":"Slime Boss","floor":16,"turns":12},{"damage":21,"enemies":"3 Byrds","floor":18,"turns":5},{"damage":24,"enemies":"Chosen","floor":20,"turns":10},{"damage":12,"enemies":"Snake Plant","floor":22,"turns":5}],"seed_played":"6306375622716533542","potions_obtained":[{"floor":5,"key":"Ancient Potion"},{"floor":6,"key":"Swift Potion"},{"floor":7,"key":"PowerPotion"},{"floor":13,"key":"GamblersBrew"},{"floor":18,"key":"Block Potion"}],"is_trial":false,"path_per_floor":["M","?","?","$","M","M","M","M","T","M","R","M","E","M","R","B",null,"M","?","M","$"],"character_chosen":"THE_SILENT","items_purchased":["Poisoned Stab","Crippling Poison","Paper Crane","Quick Slash"],"campfire_rested":2,"item_purchase_floors":[4,4,21,21],"current_hp_per_floor":[65,54,47,47,45,41,33,22,22,17,38,38,9,7,28,6,56,35,35,11,11,0],"gold":19,"neow_bonus":"TEN_PERCENT_HP_BONUS","is_prod":false,"is_daily":false,"chose_seed":false,"campfire_upgraded":0,"win_rate":0,"timestamp":1540580365,"path_taken":["M","?","?","$","M","M","M","M","T","M","R","M","E","?","R","BOSS","M","?","M","$","M"],"build_version":"2018-10-25v2","purchased_purges":1,"victory":false,"max_hp_per_floor":[72,72,72,72,72,72,72,72,72,72,72,72,72,72,72,72,72,72,72,72,72,72],"card_choices":[{"not_picked":["Acrobatics","Accuracy","Prepared"],"picked":"SKIP","floor":1.0},{"not_picked":["Dagger Throw","Accuracy"],"picked":"Poisoned Stab","floor":5},{"not_picked":["Outmaneuver","Prepared"],"picked":"Finisher","floor":6},{"not_picked":["Flying Knee","Calculated Gamble"],"picked":"Well Laid Plans","floor":7},{"not_picked":["Poisoned Stab","Skewer"],"picked":"Blade Dance","floor":8},{"not_picked":["Dagger Throw","Acrobatics","Outmaneuver"],"picked":"SKIP","floor":10},{"not_picked":["Quick Slash","Escape Plan"],"picked":"Noxious Fumes","floor":12},{"not_picked":["Blade Dance","Escape Plan"],"picked":"PiercingWail","floor":13},{"not_picked":["Accuracy","Masterful Stab"],"picked":"Distraction","floor":14},{"not_picked":["Phantasmal Killer","Tools of the Trade"],"picked":"Malaise","floor":16},{"not_picked":["Outmaneuver","Bane"],"picked":"Dagger Throw","floor":18},{"not_picked":["Crippling Poison","Terror+1"],"picked":"Acrobatics","floor":20}],"player_experience":1478745,"relics_obtained":[{"floor":9,"key":"Ancient Tea Set"},{"floor":13,"key":"Omamori"}],"event_choices":[{"damage_healed":0.0,"max_hp_gain":0.0,"max_hp_loss":0.0,"gold_gain":75.0,"event_name":"World of Goop","player_choice":"Gather Gold","floor":2.0,"gold_loss":0.0,"damage_taken":11.0},{"damage_healed":0,"gold_gain":50,"player_choice":"Touch","damage_taken":7,"max_hp_gain":0,"max_hp_loss":0,"event_name":"FaceTrader","floor":3,"gold_loss":0},{"damage_healed":0,"gold_gain":0,"player_choice":"Smashed Altar","damage_taken":0,"max_hp_gain":0,"max_hp_loss":0,"event_name":"Forgotten Altar","floor":19,"gold_loss":0,"cards_obtained":["Decay"]}],"is_beta":false,"boss_relics":[{"not_picked":["Orrery","Eternal Feather"],"picked":"HoveringKite"}],"items_purged_floors":[4],"is_endless":false,"potions_floor_spawned":[5,6,7,13,18,20],"killed_by":"Snake Plant","ascension_level":15}