{"gold_per_floor":[109,128,128,146,163,197,213,247,247,273,340,356,356,366,366,439,439,456,456,471,487,499,525,537,587,640,640,654,669,612,612],"floor_reached":31,"playtime":1348,"items_purged":[],"score":591,"play_id":"3ebc83d8-845e-48bc-a241-0da5b26eb014","local_time":"20181121124741","daily_mods":["SealedDeck"],"is_ascension_mode":true,"campfire_choices":[{"data":"Spot Weakness","floor":13.0,"key":"SMITH"},{"data":"Armaments","floor":15.0,"key":"SMITH"},{"floor":27,"key":"REST"}],"neow_cost":"","seed_source_timestamp":0,"circlet_count":0,"master_deck":["AscendersBane","Thunderclap","Armaments+1","Twin Strike","Clothesline","Cleave","Disarm+1","Iron Wave","Reckless Charge+1","Spot Weakness+1","Shrug It Off","Pommel Strike","Battle Trance","Shockwave+1","Exhume+1","Shrug It Off+1","Havoc+1","Whirlwind","Shrug It Off+1","Spot Weakness+1","Warcry+1","Inflame","Shrug It Off+1","Heavy Blade"],"special_seed":0,"relics":["Burning Blood","Letter Opener","Toxic Egg 2","Bottled Lightning","Orichalcum","Orrery","Pocketwatch","Tiny Chest"],"potions_floor_usage":[16,23,23],"damage_taken":[{"damage":4.0,"enemies":"Cultist","floor":1.0,"turns":3.0},{"damage":0.0,"enemies":"Jaw Worm","floor":2.0,"turns":3.0},{"damage":3.0,"enemies":"Small Slimes","floor":4.0,"turns":2.0},{"damage":12.0,"enemies":"Exordium Wildlife","floor":5.0,"turns":3.0},{"damage":21.0,"enemies":"Gremlin Nob","floor":6.0,"turns":4.0},{"damage":17.0,"enemies":"Exordium Thugs","floor":7.0,"turns":6.0},{"damage":4.0,"enemies":"3 Sentries","floor":8.0,"turns":5.0},{"damage":24.0,"enemies":"Gremlin Nob","floor":10.0,"turns":4.0},{"damage":0.0,"enemies":"Lots of Slimes","floor":12.0,"turns":1.0},{"damage":0.0,"enemies":"3 Louse","floor":14.0,"turns":3.0},{"damage":39,"enemies":"Slime Boss","floor":16,"turns":10},{"damage":7,"enemies":"3 Byrds","floor":18,"turns":4},{"damage":11,"enemies":"Chosen","floor":20,"turns":5},{"damage":3,"enemies":"Snake Plant","floor":21,"turns":4},{"damage":39,"enemies":"Chosen and Byrds","floor":22,"turns":9},{"damage":9,"enemies":"Slavers","floor":23,"turns":4},{"damage":15,"enemies":"Snecko","floor":24,"turns":7},{"damage":19,"enemies":"3 Cultists","floor":28,"turns":4},{"damage":12,"enemies":"Centurion and Healer","floor":29,"turns":5},{"damage":13,"enemies":"Shelled Parasite and Fungi","floor":31,"turns":2}],"seed_played":"-2587322857218361527","potions_obtained":[{"floor":1.0,"key":"SkillPotion"},{"floor":2.0,"key":"Swift Potion"},{"floor":7.0,"key":"Regen Potion"},{"floor":10.0,"key":"BloodPotion"},{"floor":14.0,"key":"SpeedPotion"},{"floor":20,"key":"SpeedPotion"},{"floor":22,"key":"Fire Potion"},{"floor":24,"key":"Weak Potion"}],"is_trial":true,"path_per_floor":["M","M","?","M","M","E","M","E","T","E","?","M","R","M","R","B",null,"M","?","M","M","M","E","M","?","T","R","M","M","$","M"],"character_chosen":"IRONCLAD","items_purchased":["PowerPotion"],"campfire_rested":1,"item_purchase_floors":[30],"current_hp_per_floor":[70,75,52,55,49,34,23,39,39,21,21,27,27,33,33,7,58,57,57,52,55,22,19,10,10,10,32,19,13,13,0],"gold":612,"neow_bonus":"","is_prod":false,"is_daily":false,"chose_seed":false,"campfire_upgraded":2,"win_rate":0,"timestamp":1542833261,"path_taken":["M","?","?","M","M","E","M","E","T","E","?","M","R","M","R","BOSS","M","?","M","M","M","E","M","?","T","R","M","M","$","M"],"build_version":"2018-11-15","purchased_purges":0,"victory":false,"max_hp_per_floor":[75,75,75,75,75,75,75,75,75,75,75,75,75,75,75,75,75,75,75,75,75,75,75,75,75,75,75,75,75,75,75],"card_choices":[{"not_picked":["Burning Pact","Dual Wield","Clash"],"picked":"SKIP","floor":1.0},{"not_picked":["Fire Breathing","Clothesline"],"picked":"Pommel Strike","floor":2.0},{"not_picked":["Headbutt","Wild Strike","Rupture"],"picked":"SKIP","floor":4.0},{"not_picked":["Havoc","Iron Wave","Pommel Strike"],"picked":"SKIP","floor":5.0},{"not_picked":["Anger","Armaments","Warcry"],"picked":"SKIP","floor":6.0},{"not_picked":["Armaments","Fire Breathing"],"picked":"Battle Trance","floor":7.0},{"not_picked":["Dark Embrace","Thunderclap"],"picked":"Shockwave","floor":8.0},{"not_picked":["Cleave","Combust","Seeing Red+1"],"picked":"SKIP","floor":10.0},{"not_picked":["Clothesline","Rampage","Thunderclap"],"picked":"SKIP","floor":12.0},{"not_picked":["Flex+1","Sever Soul","Searing Blow"],"picked":"SKIP","floor":14.0},{"not_picked":["Offering+1","Berserk"],"picked":"Exhume+1","floor":16},{"not_picked":["Metallicize","Sword Boomerang"],"picked":"Shrug It Off+1","floor":17},{"not_picked":["Anger","Perfected Strike"],"picked":"Havoc+1","floor":17},{"not_picked":["Blood for Blood","Body Slam"],"picked":"Whirlwind","floor":17},{"not_picked":["Twin Strike","Clothesline"],"picked":"Shrug It Off+1","floor":18},{"not_picked":["Cleave","Carnage","Havoc+1"],"picked":"SKIP","floor":20},{"not_picked":["Sword Boomerang","Cleave+1"],"picked":"Spot Weakness+1","floor":21},{"not_picked":["Double Tap+1","Spot Weakness+1"],"picked":"Warcry+1","floor":22},{"not_picked":["Infernal Blade+1","Metallicize"],"picked":"Inflame","floor":23},{"not_picked":["Warcry+1","Armaments+1","Ghostly Armor+1"],"picked":"SKIP","floor":24},{"not_picked":["Clash","Pommel Strike"],"picked":"Shrug It Off+1","floor":28},{"not_picked":["Cleave","Sentinel+1"],"picked":"Heavy Blade","floor":29}],"player_experience":1643191,"relics_obtained":[{"floor":6.0,"key":"Letter Opener"},{"floor":8.0,"key":"Toxic Egg 2"},{"floor":9.0,"key":"Bottled Lightning"},{"floor":10.0,"key":"Orichalcum"},{"floor":23,"key":"Pocketwatch"},{"floor":26,"key":"Tiny Chest"}],"event_choices":[{"damage_healed":0.0,"max_hp_gain":0.0,"max_hp_loss":0.0,"gold_gain":0.0,"event_name":"Shining Light","player_choice":"Entered Light","floor":3.0,"gold_loss":0.0,"damage_taken":23.0,"cards_upgraded":["Disarm","Reckless Charge"]},{"damage_healed":0.0,"max_hp_gain":0.0,"max_hp_loss":0.0,"gold_gain":67.0,"event_name":"Golden Wing","player_choice":"Gained Gold","floor":11.0,"gold_loss":0.0,"damage_taken":0.0},{"damage_healed":0,"gold_gain":0,"player_choice":"Ignored","damage_taken":0,"max_hp_gain":0,"max_hp_loss":0,"event_name":"Vampires","floor":19,"gold_loss":0},{"damage_healed":0,"gold_gain":50,"player_choice":"Stole From Cult","damage_taken":0,"max_hp_gain":0,"max_hp_loss":0,"event_name":"Nest","floor":25,"gold_loss":0}],"is_beta":false,"boss_relics":[{"not_picked":["Calling Bell","Velvet Choker"],"picked":"Orrery"}],"items_purged_floors":[],"is_endless":false,"potions_floor_spawned":[1,2,7,10,14,20,21,22,24],"killed_by":"Shelled Parasite and Fungi","ascension_level":20}