{"gold_per_floor":[115,115,127,143,162,175,175,206,206,216,216,70,245,260,260,355,355,366,376,7,0,10,10,10],"floor_reached":24,"playtime":1049,"items_purged":["Strike_B"],"score":240,"play_id":"481817a7-784c-4130-bc3e-850d3b096156","local_time":"20180628235650","is_ascension_mode":true,"campfire_choices":[{"data":"Defragment","floor":7,"key":"SMITH"},{"floor":11,"key":"REST"},{"data":"Reinforced Body","floor":15,"key":"SMITH"},{"floor":23,"key":"REST"}],"neow_cost":"NONE","seed_source_timestamp":967315082028795,"circlet_count":0,"master_deck":["Strike_B","Strike_B","Strike_B","Defend_B","Defend_B","Defend_B","Defend_B","Zap","Dualcast","Multi-Cast","Doom and Gloom","Defragment+1","Force Field","BootSequence","Ball Lightning","Self Repair","Storm","Doubt","Reinforced Body+1","Electrodynamics","Genetic Algorithm+1","Doom and Gloom+1","Machine Learning","Barrage+1"],"relics":["Cracked Core","Pantograph","Matryoshka","Inserter","Torii"],"potions_floor_usage":[6,18,19,22],"damage_taken":[{"damage":0,"enemies":"Small Slimes","floor":1,"turns":3},{"damage":1,"enemies":"Cultist","floor":3,"turns":3},{"damage":2,"enemies":"Jaw Worm","floor":4,"turns":3},{"damage":18,"enemies":"Exordium Wildlife","floor":5,"turns":5},{"damage":7,"enemies":"Looter","floor":6,"turns":4},{"damage":34,"enemies":"Gremlin Nob","floor":8,"turns":4},{"damage":0,"enemies":"3 Louse","floor":10,"turns":2},{"damage":0,"enemies":"Blue Slaver","floor":14,"turns":4},{"damage":41,"enemies":"Hexaghost","floor":16,"turns":7},{"damage":27,"enemies":"Shell Parasite","floor":18,"turns":4},{"damage":25,"enemies":"Spheric Guardian","floor":19,"turns":6},{"damage":32,"enemies":"Snake Plant","floor":22,"turns":4},{"damage":39,"enemies":"Slavers","floor":24,"turns":2}],"seed_played":"-6932779510864386416","potions_obtained":[{"floor":1,"key":"Energy Potion"},{"floor":10,"key":"SpeedPotion"},{"floor":14,"key":"Fire Potion"},{"floor":16,"key":"Energy Potion"},{"floor":18,"key":"Block Potion"}],"is_trial":false,"path_per_floor":["M","?","M","M","M","M","R","E","T","M","R","$","?","M","R","B",null,"M","M","$","?","M","R"],"character_chosen":"DEFECT","items_purchased":["Storm","Torii","Machine Learning"],"campfire_rested":2,"item_purchase_floors":[12,20,20],"current_hp_per_floor":[75,75,74,72,54,47,47,13,13,13,35,35,35,42,42,33,75,55,37,37,37,12,34,0],"gold":10,"neow_bonus":"ONE_RANDOM_RARE_CARD","is_prod":false,"is_daily":false,"chose_seed":false,"campfire_upgraded":2,"win_rate":0,"timestamp":1530223010,"path_taken":["M","?","M","M","M","M","R","E","T","M","R","$","?","M","R","BOSS","M","M","$","?","M","R","E"],"build_version":"2018-06-21v2","purchased_purges":1,"victory":false,"max_hp_per_floor":[75,75,75,75,75,75,75,75,75,75,75,75,75,75,75,75,75,75,75,75,75,75,75,75],"card_choices":[{"not_picked":["Aggregate","Coolheaded"],"picked":"Doom and Gloom","floor":1},{"not_picked":["Stack","Streamline","Steam"],"picked":"SKIP","floor":3},{"not_picked":["Barrage","Doom and Gloom"],"picked":"Defragment","floor":4},{"not_picked":["Stack","Steam"],"picked":"Force Field","floor":5},{"not_picked":["Recycle","Rip and Tear"],"picked":"BootSequence","floor":6},{"not_picked":["Hologram","Recycle"],"picked":"Ball Lightning","floor":8},{"not_picked":["Rebound","Leap"],"picked":"Self Repair","floor":10},{"not_picked":["Amplify","Chill"],"picked":"Reinforced Body","floor":14},{"not_picked":["Multi-Cast","Meteor Strike"],"picked":"Electrodynamics","floor":16},{"not_picked":["Gash","Beam Cell+1"],"picked":"Genetic Algorithm+1","floor":18},{"not_picked":["Coolheaded","FTL"],"picked":"Doom and Gloom+1","floor":19},{"not_picked":["Steam","Sunder"],"picked":"Barrage+1","floor":22}],"player_experience":102937,"relics_obtained":[{"floor":8,"key":"Pantograph"},{"floor":9,"key":"Matryoshka"}],"event_choices":[{"event_name":"The Woman in Blue","player_choice":"Bought 0 Potions","floor":2,"damage_taken":0},{"event_name":"Liars Game","player_choice":"agreed","floor":13,"damage_taken":0},{"event_name":"Masked Bandits","player_choice":"Paid Bandits 7 gold","floor":21,"damage_taken":0}],"boss_relics":[{"not_picked":["Fusion Hammer","Lizard Tail"],"picked":"Inserter"}],"items_purged_floors":[12],"is_endless":false,"potions_floor_spawned":[1,10,14,16,18],"killed_by":"Slavers","ascension_level":4}