{"gold_per_floor":[114,126,126,126,91,126,126,170,170,170,186,186,227,12,12,105,105,119,3,3,153,0,0,31,46,46,46,80,100,144,144,144,237,237,257,281,281,302,21,54,66,111,148,160,193,241,303,315,327,339,351,363,375,1,45,45],"floor_reached":57,"playtime":2855,"items_purged":["Strike_R","Strike_R","Strike_R"],"score":3470,"play_id":"6ec865a8-da2c-45b7-b424-5f5e0da2afce","local_time":"20190125223843","is_ascension_mode":true,"campfire_choices":[{"data":"Uppercut","floor":7.0,"key":"SMITH"},{"data":"Spot Weakness","floor":10.0,"key":"SMITH"},{"data":"Pommel Strike","floor":15.0,"key":"SMITH"},{"data":"Burning Pact","floor":23.0,"key":"SMITH"},{"data":"Dark Embrace","floor":27.0,"key":"SMITH"},{"data":"Corruption","floor":32.0,"key":"SMITH"},{"data":"Barricade","floor":41.0,"key":"SMITH"},{"data":"Offering","floor":44.0,"key":"SMITH"},{"floor":49.0,"key":"RECALL"},{"data":"Power Through","floor":53,"key":"SMITH"}],"neow_cost":"NONE","seed_source_timestamp":7906534672237,"circlet_count":0,"master_deck":["AscendersBane","Strike_R","Strike_R","Defend_R+1","Defend_R+1","Defend_R","Defend_R","Bash","Uppercut+1","Spot Weakness+1","Offering+1","Pommel Strike+1","Pommel Strike","Dark Embrace+1","Corruption+1","Evolve","Burning Pact+1","Shrug It Off","Exhume","Power Through+1","Shame","Barricade+1","Burning Pact+1","Entrench","Feel No Pain","Turbo+1"],"special_seed":0,"relics":["Burning Blood","NeowsBlessing","Golden Idol","Sundial","Bag of Marbles","Vajra","Meat on the Bone","Juzu Bracelet","DollysMirror","Orrery","Incense Burner","Thread and Needle","Dead Branch","Dodecahedron","theJungle:PaperFaux","Sozu","Bottled Tornado","MawBank","Potion Belt","Turnip","PrismaticShard","Letter Opener"],"potions_floor_usage":[],"damage_taken":[{"damage":0.0,"enemies":"Jaw Worm","floor":1.0,"turns":1.0},{"damage":0.0,"enemies":"Small Slimes","floor":2.0,"turns":1.0},{"damage":0.0,"enemies":"Lagavulin","floor":6.0,"turns":1.0},{"damage":17.0,"enemies":"3 Sentries","floor":8.0,"turns":7.0},{"damage":0.0,"enemies":"2 Louse","floor":11.0,"turns":3.0},{"damage":13.0,"enemies":"Gremlin Nob","floor":13.0,"turns":3.0},{"damage":9.0,"enemies":"The Guardian","floor":16.0,"turns":7.0},{"damage":20.0,"enemies":"theJungle:5_Spyders","floor":18.0,"turns":3.0},{"damage":23.0,"enemies":"theJungle:MamaSnecko","floor":24.0,"turns":4.0},{"damage":7.0,"enemies":"theJungle:MUSHROOMGANG","floor":25.0,"turns":3.0},{"damage":12.0,"enemies":"theJungle:Cassacara","floor":28.0,"turns":3.0},{"damage":12.0,"enemies":"theJungle:SlimyTreeVines","floor":29.0,"turns":2.0},{"damage":12.0,"enemies":"theJungle:MamaSnecko","floor":30.0,"turns":5.0},{"damage":15.0,"enemies":"theJungle:QueenSpyder","floor":33.0,"turns":8.0},{"damage":6.0,"enemies":"Orb Walker","floor":35.0,"turns":2.0},{"damage":6.0,"enemies":"3 Darklings","floor":36.0,"turns":4.0},{"damage":15.0,"enemies":"Maw","floor":38.0,"turns":3.0},{"damage":40.0,"enemies":"Reptomancer","floor":40.0,"turns":3.0},{"damage":6.0,"enemies":"Giant Head","floor":42.0,"turns":4.0},{"damage":6.0,"enemies":"Sphere and 2 Shapes","floor":45.0,"turns":1.0},{"damage":49.0,"enemies":"Reptomancer","floor":46.0,"turns":3.0},{"damage":6,"enemies":"Time Eater","floor":50,"turns":6},{"damage":1,"enemies":"Awakened One","floor":51,"turns":11},{"damage":6,"enemies":"Shield and Spear","floor":55,"turns":3},{"damage":32,"enemies":"The Heart","floor":56,"turns":6}],"seed_played":"4645611483549359511","potions_obtained":[{"floor":1.0,"key":"Dexterity Potion"},{"floor":2.0,"key":"SteroidPotion"},{"floor":8.0,"key":"Block Potion"},{"floor":18.0,"key":"Explosive Potion"},{"floor":25.0,"key":"Strength Potion"},{"floor":29.0,"key":"BloodPotion"},{"floor":30.0,"key":"Poison Potion"}],"is_trial":false,"path_per_floor":["M","M","?","?","?","E","R","E","T","R","M","T","E","$","R","B",null,"M","$","?","?","$","R","E","M","T","R","E","M","E","?","R","B",null,"M","M","?","M","$","E","R","E","T","R","M","E","?","?","R","B","B",null,"R","$","E","B",null],"character_chosen":"IRONCLAD","items_purchased":["DollysMirror","Burning Pact","Shrug It Off","Bottled Tornado","Feel No Pain","PrismaticShard"],"campfire_rested":0,"item_purchase_floors":[14,19,22,39,54,54],"current_hp_per_floor":[74,75,49,26,44,50,50,39,39,39,45,45,50,50,50,47,68,54,54,54,54,54,54,49,48,48,48,54,48,49,49,49,52,69,69,69,69,60,60,38,38,50,50,50,50,19,12,12,12,24,41,64,64,64,64,50],"gold":45,"neow_bonus":"THREE_ENEMY_KILL","is_prod":false,"is_daily":false,"chose_seed":false,"campfire_upgraded":9,"win_rate":0,"timestamp":1548427123,"path_taken":["M","M","?","?","?","E","R","E","T","R","M","?","E","$","R","BOSS","M","?","?","?","?","R","E","M","T","R","E","M","E","?","R","BOSS","M","M","?","M","?","E","R","E","T","R","M","E","?","?","R","BOSS","BOSS","R","$","E","BOSS"],"build_version":"2019-01-23","purchased_purges":3,"victory":true,"max_hp_per_floor":[75,75,75,75,75,75,75,75,75,75,75,75,75,75,75,75,75,75,75,75,75,75,75,75,75,75,75,75,75,75,75,75,75,75,75,75,75,75,75,75,75,75,75,75,75,75,75,71,71,71,71,71,71,71,71,71],"card_choices":[{"not_picked":["Seeing Red","Intimidate"],"picked":"Uppercut","floor":1.0},{"not_picked":["Headbutt","Anger"],"picked":"Spot Weakness","floor":2.0},{"not_picked":["Thunderclap","Reckless Charge"],"picked":"Offering","floor":6.0},{"not_picked":["Seeing Red","Headbutt","Anger"],"picked":"SKIP","floor":8.0},{"not_picked":["Havoc","Rupture","Flex"],"picked":"SKIP","floor":11.0},{"not_picked":["Headbutt","Sever Soul"],"picked":"Pommel Strike","floor":13.0},{"not_picked":["Impervious","Bludgeon"],"picked":"Dark Embrace","floor":16.0},{"not_picked":["Armaments","Inflame"],"picked":"Corruption","floor":17.0},{"not_picked":["Seeing Red","Blood for Blood"],"picked":"Evolve","floor":17.0},{"not_picked":["Uppercut","Sever Soul","Searing Blow"],"picked":"SKIP","floor":18.0},{"not_picked":["Demon Form","Dual Wield","Clothesline"],"picked":"SKIP","floor":24.0},{"not_picked":["Battle Trance","Blood for Blood","Headbutt+1"],"picked":"SKIP","floor":25.0},{"not_picked":["Iron Wave","Clash"],"picked":"Exhume","floor":28.0},{"not_picked":["Blood for Blood","Flex","Perfected Strike"],"picked":"SKIP","floor":29.0},{"not_picked":["Hemokinesis","Shrug It Off"],"picked":"Power Through","floor":30.0},{"not_picked":["Brutality","Immolate"],"picked":"Barricade","floor":33.0},{"not_picked":["Headbutt+1","Sword Boomerang","Pommel Strike+1"],"picked":"SKIP","floor":35.0},{"not_picked":["Barricade","Corruption","Perfected Strike"],"picked":"SKIP","floor":36.0},{"not_picked":["Fire Breathing","Twin Strike"],"picked":"Burning Pact+1","floor":38.0},{"not_picked":["Twin Strike+1","Armaments","Double Tap"],"picked":"SKIP","floor":40.0},{"not_picked":["Bloodletting","Power Through","Flex+1"],"picked":"SKIP","floor":42.0},{"not_picked":["Wild Strike+1","Thunderclap+1"],"picked":"Entrench","floor":45.0},{"not_picked":["Sever Soul","Headbutt+1","Uppercut"],"picked":"SKIP","floor":46.0},{"not_picked":["Mind Blast+1","Good Instincts"],"picked":"Turbo+1","floor":55}],"player_experience":2596897,"relics_obtained":[{"floor":6.0,"key":"Sundial"},{"floor":8.0,"key":"Bag of Marbles"},{"floor":9.0,"key":"Vajra"},{"floor":12.0,"key":"Meat on the Bone"},{"floor":13.0,"key":"Juzu Bracelet"},{"floor":24.0,"key":"Incense Burner"},{"floor":26.0,"key":"Thread and Needle"},{"floor":28.0,"key":"Dead Branch"},{"floor":30.0,"key":"Dodecahedron"},{"floor":40.0,"key":"MawBank"},{"floor":42.0,"key":"Potion Belt"},{"floor":46.0,"key":"Turnip"},{"floor":55,"key":"Letter Opener"}],"event_choices":[{"damage_healed":0.0,"max_hp_gain":0.0,"max_hp_loss":0.0,"gold_gain":0.0,"event_name":"Golden Idol","player_choice":"Take Damage","floor":3.0,"gold_loss":0.0,"damage_taken":26.0,"relics_obtained":["Golden Idol"]},{"damage_healed":0.0,"max_hp_gain":0.0,"max_hp_loss":0.0,"gold_gain":0.0,"event_name":"Shining Light","player_choice":"Entered Light","floor":4.0,"gold_loss":0.0,"damage_taken":23.0,"cards_upgraded":["Defend_R","Defend_R"]},{"damage_healed":18.0,"max_hp_gain":0.0,"max_hp_loss":0.0,"gold_gain":0.0,"event_name":"The Cleric","player_choice":"Healed","floor":5.0,"gold_loss":35.0,"damage_taken":0.0},{"damage_healed":0.0,"max_hp_gain":0.0,"max_hp_loss":0.0,"gold_gain":0.0,"event_name":"Match and Keep!","player_choice":"0 cards matched","floor":37.0,"gold_loss":0.0,"damage_taken":0.0,"cards_obtained":[]},{"damage_healed":0.0,"max_hp_gain":0.0,"max_hp_loss":0.0,"gold_gain":50.0,"event_name":"FaceTrader","player_choice":"Touch","floor":47.0,"gold_loss":0.0,"damage_taken":7.0},{"damage_healed":0.0,"max_hp_gain":0.0,"max_hp_loss":4.0,"gold_gain":0.0,"event_name":"Winding Halls","player_choice":"Max HP","floor":48.0,"gold_loss":0.0,"damage_taken":0.0}],"is_beta":false,"boss_relics":[{"not_picked":["Mark of Pain","Cursed Key"],"picked":"Orrery"},{"not_picked":["Runic Pyramid","Empty Cage"],"picked":"Sozu"}],"items_purged_floors":[19,22,54],"is_endless":false,"potions_floor_spawned":[1,2,8,11,18,25,29,30,36,40,42,46,55],"ascension_level":20}