{"gold_per_floor":[212,229,229,53,71,71,106,126,172,200,212,224,249,295,307,396,408,435,299,312,312,329,329,28,28,28,40,55,69,80,96,96,96],"floor_reached":33,"playtime":1268,"items_purged":["Pain","Strike_G"],"score":474,"play_id":"941bbe60-3216-44c1-a9a2-bcf3c7f16c04","local_time":"20181105122100","is_ascension_mode":true,"campfire_choices":[{"data":"Neutralize","floor":6.0,"key":"SMITH"},{"floor":12.0,"key":"REST"},{"data":"Malaise","floor":15.0,"key":"SMITH"},{"data":"Caltrops","floor":23.0,"key":"SMITH"},{"data":"Dodge and Roll","floor":25.0,"key":"SMITH"},{"data":"Terror","floor":32,"key":"SMITH"}],"neow_cost":"NONE","seed_source_timestamp":152850298946816,"circlet_count":0,"master_deck":["AscendersBane","Defend_G","Defend_G","Defend_G","Defend_G","Defend_G","Strike_G","Strike_G","Strike_G","Strike_G","Survivor","Neutralize+1","Deadly Poison","Dagger Spray","Backstab","Caltrops+1","Dodge and Roll+1","Dagger Spray+1","Malaise+1","Endless Agony+1","Backflip","Glass Knife+1","Dodge and Roll+1","Backflip","Calculated Gamble","Sucker Punch+1","Cloak And Dagger+1","Prepared+1","Terror+1"],"special_seed":0,"relics":["Ring of the Snake","WarpedTongs","Molten Egg 2","Bronze Scales","MawBank","Regal Pillow","Coffee Dripper","Vajra","Happy Flower","Strawberry"],"potions_floor_usage":[33],"damage_taken":[{"damage":5.0,"enemies":"Jaw Worm","floor":1.0,"turns":6.0},{"damage":0.0,"enemies":"Cultist","floor":2.0,"turns":4.0},{"damage":0.0,"enemies":"2 Louse","floor":5.0,"turns":2.0},{"damage":12.0,"enemies":"3 Sentries","floor":7.0,"turns":5.0},{"damage":0.0,"enemies":"Red Slaver","floor":8.0,"turns":3.0},{"damage":11.0,"enemies":"Gremlin Nob","floor":10.0,"turns":5.0},{"damage":0.0,"enemies":"Lots of Slimes","floor":13.0,"turns":1.0},{"damage":7.0,"enemies":"Lagavulin","floor":14.0,"turns":8.0},{"damage":30.0,"enemies":"Slime Boss","floor":16.0,"turns":10.0},{"damage":0.0,"enemies":"Spheric Guardian","floor":18.0,"turns":3.0},{"damage":5.0,"enemies":"2 Thieves","floor":20.0,"turns":4.0},{"damage":11.0,"enemies":"Snecko","floor":22.0,"turns":7.0},{"damage":4.0,"enemies":"Cultist and Chosen","floor":27.0,"turns":7.0},{"damage":9.0,"enemies":"Snake Plant","floor":28.0,"turns":2.0},{"damage":14.0,"enemies":"Centurion and Healer","floor":29.0,"turns":5.0},{"damage":1,"enemies":"Chosen and Byrds","floor":30,"turns":5},{"damage":0,"enemies":"Cultist and Chosen","floor":31,"turns":6},{"damage":32,"enemies":"Champ","floor":33,"turns":8}],"seed_played":"-971725573460626574","potions_obtained":[{"floor":1.0,"key":"Explosive Potion"},{"floor":7.0,"key":"Explosive Potion"},{"floor":16.0,"key":"Explosive Potion"},{"floor":22.0,"key":"Fire Potion"},{"floor":27.0,"key":"LiquidBronze"},{"floor":28.0,"key":"PowerPotion"}],"is_trial":false,"path_per_floor":["M","M","?","$","M","R","E","M","T","E","?","R","M","E","R","B",null,"M","$","M","?","M","R","$","R","T","M","M","M","M","M","R","B"],"character_chosen":"THE_SILENT","items_purchased":["Backstab","Caltrops","Backflip","Vajra","Happy Flower"],"campfire_rested":1,"item_purchase_floors":[4,4,19,24,24],"current_hp_per_floor":[54,54,54,54,54,54,42,42,42,31,31,50,50,43,43,13,53,53,53,48,48,37,37,37,37,44,40,31,17,16,16,16,0],"gold":96,"neow_bonus":"HUNDRED_GOLD","is_prod":false,"is_daily":false,"chose_seed":false,"campfire_upgraded":5,"win_rate":0,"timestamp":1541449260,"path_taken":["M","M","?","$","M","R","E","?","T","E","?","R","M","E","R","BOSS","M","$","M","?","?","R","?","R","T","?","M","M","M","?","R","BOSS"],"build_version":"2018-11-01","purchased_purges":2,"victory":false,"max_hp_per_floor":[66,66,66,66,66,66,66,66,66,66,66,66,66,66,66,66,66,66,66,66,66,66,66,66,66,73,73,73,73,73,73,73,73],"card_choices":[{"not_picked":["PiercingWail","Backflip"],"picked":"Deadly Poison","floor":1.0},{"not_picked":["Sucker Punch","Reflex"],"picked":"Dagger Spray","floor":2.0},{"not_picked":["Accuracy","Catalyst","Reflex"],"picked":"SKIP","floor":5.0},{"not_picked":["Heel Hook","Acrobatics"],"picked":"Dodge and Roll","floor":7.0},{"not_picked":["Flying Knee+1","Expertise"],"picked":"Dagger Spray+1","floor":8.0},{"not_picked":["Dodge and Roll","Blade Dance"],"picked":"Malaise","floor":10.0},{"not_picked":["Choke+1","Distraction"],"picked":"Endless Agony+1","floor":13.0},{"not_picked":["Deflect","Dagger Spray+1"],"picked":"Backflip","floor":14.0},{"not_picked":["Tools of the Trade","Malaise"],"picked":"Glass Knife+1","floor":16.0},{"not_picked":["Bane+1","Dagger Spray+1"],"picked":"Dodge and Roll+1","floor":18.0},{"not_picked":["Deflect","Tactician","Tools of the Trade"],"picked":"SKIP","floor":20.0},{"not_picked":["Deadly Poison","Setup"],"picked":"Sucker Punch+1","floor":22.0},{"not_picked":["Slice+1","Riddle With Holes+1","Flying Knee+1"],"picked":"SKIP","floor":27.0},{"not_picked":["Underhanded Strike+1","Distraction","Dodge and Roll"],"picked":"SKIP","floor":28.0},{"not_picked":["Leg Sweep","Blade Dance"],"picked":"Cloak And Dagger+1","floor":29.0},{"not_picked":["Acrobatics","Flechettes+1"],"picked":"Prepared+1","floor":30},{"not_picked":["Dagger Throw+1","Heel Hook+1"],"picked":"Terror","floor":31}],"player_experience":1593070,"relics_obtained":[{"floor":7.0,"key":"Molten Egg 2"},{"floor":9.0,"key":"Bronze Scales"},{"floor":10.0,"key":"MawBank"},{"floor":14.0,"key":"Regal Pillow"},{"floor":26.0,"key":"Strawberry"}],"event_choices":[{"damage_healed":0.0,"max_hp_gain":0.0,"max_hp_loss":0.0,"gold_gain":0.0,"event_name":"Accursed Blacksmith","player_choice":"Rummage","floor":3.0,"gold_loss":0.0,"damage_taken":0.0,"relics_obtained":["WarpedTongs"],"cards_obtained":["Pain"]},{"damage_healed":0.0,"max_hp_gain":0.0,"max_hp_loss":0.0,"gold_gain":0.0,"event_name":"Shining Light","player_choice":"Ignored","floor":11.0,"gold_loss":0.0,"damage_taken":0.0},{"damage_healed":0.0,"max_hp_gain":0.0,"max_hp_loss":0.0,"gold_gain":0.0,"event_name":"Match and Keep!","player_choice":"1 cards matched","floor":21.0,"gold_loss":0.0,"damage_taken":0.0,"cards_obtained":["Calculated Gamble"]}],"is_beta":false,"boss_relics":[{"not_picked":["Tiny House","Orrery"],"picked":"Coffee Dripper"}],"items_purged_floors":[4,19],"is_endless":false,"potions_floor_spawned":[1,7,16,22,27,28,31],"killed_by":"Champ","ascension_level":15}