{"gold_per_floor":[113,113,130,130,130,157,157,175,175,209,209,223,240,164,164,261,261,276,295,310,310,260,260],"floor_reached":23,"playtime":1751,"items_purged":["Shame"],"score":221,"play_id":"966d670a-1f84-4c10-b41d-e5b422fb3ee0","local_time":"20181115204054","is_ascension_mode":true,"campfire_choices":[{"data":"Poisoned Stab","floor":11,"key":"SMITH"},{"data":"Bouncing Flask","floor":15,"key":"SMITH"}],"neow_cost":"NONE","seed_source_timestamp":2793131746603695,"circlet_count":0,"master_deck":["Defend_G","Defend_G","Defend_G","Defend_G","Defend_G","Strike_G","Strike_G","Strike_G","Survivor","Neutralize","Endless Agony","Poisoned Stab+1","Deadly Poison","Bane","Sucker Punch","Dash","Noxious Fumes","Bouncing Flask+1","Phantasmal Killer","Poisoned Stab","Dodge and Roll+1"],"relics":["Ring of the Snake","The Specimen","Ancient Tea Set","Ornamental Fan","Smiling Mask","Empty Cage","Gremlin Horn"],"potions_floor_usage":[6,16,23,23],"damage_taken":[{"damage":2,"enemies":"Jaw Worm","floor":1,"turns":5},{"damage":6,"enemies":"2 Louse","floor":3,"turns":4},{"damage":31,"enemies":"Gremlin Nob","floor":6,"turns":6},{"damage":0,"enemies":"Cultist","floor":8,"turns":3},{"damage":18,"enemies":"Lagavulin","floor":10,"turns":6},{"damage":2,"enemies":"Lots of Slimes","floor":12,"turns":2},{"damage":9,"enemies":"3 Louse","floor":13,"turns":2},{"damage":24,"enemies":"Hexaghost","floor":16,"turns":8},{"damage":3,"enemies":"Spheric Guardian","floor":18,"turns":3},{"damage":12,"enemies":"3 Byrds","floor":19,"turns":4},{"damage":33,"enemies":"Shelled Parasite and Fungi","floor":20,"turns":6},{"damage":34,"enemies":"Slavers","floor":23,"turns":3}],"seed_played":"-8485849378323831676","potions_obtained":[{"floor":1,"key":"GhostInAJar"},{"floor":13,"key":"Block Potion"},{"floor":16,"key":"PowerPotion"},{"floor":20,"key":"GhostInAJar"}],"is_trial":false,"path_per_floor":["M","?","M","?","?","E","?","M","T","E","R","M","M","$","R","B",null,"M","M","M","?","$","E"],"character_chosen":"THE_SILENT","items_purchased":["Bouncing Flask"],"campfire_rested":0,"item_purchase_floors":[14],"current_hp_per_floor":[68,68,62,55,60,29,75,75,75,57,57,55,46,46,46,22,75,72,60,27,27,27,0],"gold":260,"neow_bonus":"THREE_CARDS","is_prod":false,"is_daily":false,"chose_seed":false,"campfire_upgraded":2,"win_rate":0,"timestamp":1542332454,"path_taken":["M","?","M","?","?","E","?","?","T","E","R","M","M","$","R","BOSS","M","?","M","?","$","E"],"build_version":"2018-11-08","purchased_purges":1,"victory":false,"max_hp_per_floor":[70,70,70,70,75,75,75,75,75,75,75,75,75,75,75,75,75,75,75,75,75,75,75],"card_choices":[{"not_picked":["Heel Hook","Slice"],"picked":"Endless Agony","floor":0},{"not_picked":["Predator","Escape Plan"],"picked":"Tactician","floor":1},{"not_picked":["Slice","Underhanded Strike"],"picked":"Poisoned Stab","floor":3},{"not_picked":["Quick Slash","All Out Attack"],"picked":"Deadly Poison","floor":6},{"not_picked":["Dagger Spray","Quick Slash"],"picked":"Bane","floor":8},{"not_picked":["Deflect","Slice"],"picked":"Sucker Punch","floor":10},{"not_picked":["Blade Dance","Choke"],"picked":"Dash","floor":12},{"not_picked":["Caltrops","Quick Slash"],"picked":"Noxious Fumes","floor":13},{"not_picked":["Unload","Glass Knife"],"picked":"Phantasmal Killer","floor":16},{"not_picked":["Crippling Poison","Prepared+1"],"picked":"Poisoned Stab","floor":18},{"not_picked":["Underhanded Strike","Distraction"],"picked":"Dodge and Roll+1","floor":19},{"not_picked":["Bane","Acrobatics","All Out Attack"],"picked":"SKIP","floor":20}],"player_experience":142867,"relics_obtained":[{"floor":6,"key":"Ancient Tea Set"},{"floor":9,"key":"Ornamental Fan"},{"floor":10,"key":"Smiling Mask"}],"event_choices":[{"damage_healed":0,"gold_gain":0,"player_choice":"Ignored","damage_taken":0,"max_hp_gain":0,"max_hp_loss":0,"event_name":"Shining Light","floor":2,"gold_loss":0},{"damage_healed":0,"gold_gain":0,"player_choice":"Success","damage_taken":7,"relics_obtained":["The Specimen"],"max_hp_gain":0,"max_hp_loss":0,"event_name":"Scrap Ooze","floor":4,"gold_loss":0},{"damage_healed":0,"gold_gain":0,"player_choice":"Donut","damage_taken":0,"max_hp_gain":5,"max_hp_loss":0,"event_name":"Big Fish","floor":5,"gold_loss":0},{"cards_removed":["Tactician"],"damage_healed":46,"gold_gain":0,"player_choice":"Offered Uncommon","damage_taken":0,"max_hp_gain":0,"max_hp_loss":0,"event_name":"Bonfire Elementals","floor":7,"gold_loss":0},{"damage_healed":0,"gold_gain":0,"player_choice":"Stole Relic","damage_taken":0,"relics_obtained":["Gremlin Horn"],"max_hp_gain":0,"max_hp_loss":0,"event_name":"Addict","floor":21,"gold_loss":0,"cards_obtained":["Shame"]}],"is_beta":false,"boss_relics":[{"not_picked":["White Beast Statue","Runic Pyramid"],"picked":"Empty Cage"}],"items_purged_floors":[22],"is_endless":false,"potions_floor_spawned":[1,13,16,20],"killed_by":"Slavers","ascension_level":2}