{"gold_per_floor":[111,130,58,78,97,97,109,109,109,143,16,73,73,85,85,156,156,175,194,67,67,28,28,41,41,41,72,72,88,88,106,106,106],"floor_reached":33,"playtime":1092,"items_purged":["Strike_R"],"score":467,"play_id":"ed58f60b-83e3-41aa-8ec2-726e8623af50","local_time":"20181006213802","is_ascension_mode":true,"campfire_choices":[{"data":"Inflame","floor":6.0,"key":"SMITH"},{"data":"Clothesline","floor":8.0,"key":"SMITH"},{"data":"Anger","floor":15.0,"key":"SMITH"},{"data":"Shockwave","floor":23.0,"key":"SMITH"},{"floor":25.0,"key":"REST"},{"floor":28.0,"key":"REST"},{"floor":30.0,"key":"REST"},{"floor":32.0,"key":"REST"}],"neow_cost":"NONE","seed_source_timestamp":49883481066178,"circlet_count":0,"master_deck":["Strike_R","Strike_R","Strike_R","Strike_R","Defend_R+1","Defend_R","Defend_R","Defend_R","Bash","AscendersBane","Anger+1","Inflame+1","Cleave","Clothesline+1","Metallicize","Shrug It Off+1","Fiend Fire","Immolate","Whirlwind","Flame Barrier","Iron Wave","Feel No Pain","Shockwave+1","Sword Boomerang"],"special_seed":0,"relics":["Burning Blood","Shuriken","Lantern","Turnip","Orrery","Pen Nib","War Paint"],"potions_floor_usage":[33,33],"damage_taken":[{"damage":9.0,"enemies":"Cultist","floor":1.0,"turns":5.0},{"damage":2.0,"enemies":"Jaw Worm","floor":2.0,"turns":3.0},{"damage":8.0,"enemies":"2 Louse","floor":4.0,"turns":4.0},{"damage":16.0,"enemies":"Exordium Wildlife","floor":5.0,"turns":6.0},{"damage":4.0,"enemies":"Lots of Slimes","floor":7.0,"turns":2.0},{"damage":15.0,"enemies":"Lagavulin","floor":10.0,"turns":6.0},{"damage":2.0,"enemies":"Gremlin Nob","floor":12.0,"turns":3.0},{"damage":0.0,"enemies":"Blue Slaver","floor":14.0,"turns":5.0},{"damage":36.0,"enemies":"Hexaghost","floor":16.0,"turns":8.0},{"damage":16.0,"enemies":"2 Thieves","floor":18.0,"turns":3.0},{"damage":17.0,"enemies":"Shell Parasite","floor":19.0,"turns":5.0},{"damage":15.0,"enemies":"Snecko","floor":24.0,"turns":5.0},{"damage":32.0,"enemies":"Gremlin Leader","floor":27.0,"turns":7.0},{"damage":31.0,"enemies":"Shelled Parasite and Fungi","floor":29.0,"turns":6.0},{"damage":35.0,"enemies":"Cultist and Chosen","floor":31.0,"turns":7.0},{"damage":80,"enemies":"Collector","floor":33,"turns":8}],"seed_played":"1919166941377484079","potions_obtained":[{"floor":1.0,"key":"Poison Potion"},{"floor":5.0,"key":"SpeedPotion"},{"floor":14.0,"key":"SteroidPotion"},{"floor":16.0,"key":"SteroidPotion"},{"floor":27.0,"key":"SteroidPotion"}],"is_trial":false,"path_per_floor":["M","M","$","M","M","R","M","R","T","E","$","?","$","M","R","B",null,"M","M","$","?","$","R","M","R","T","E","R","M","R","M","R"],"character_chosen":"IRONCLAD","items_purchased":["Inflame","Shrug It Off","Feel No Pain","Energy Potion","Shockwave"],"campfire_rested":4,"item_purchase_floors":[3,11,20,20,22],"current_hp_per_floor":[72,76,76,74,64,64,66,66,66,57,57,61,61,67,67,37,71,61,50,50,50,50,50,41,65,65,39,63,38,62,33,57,0],"gold":106,"neow_bonus":"TEN_PERCENT_HP_BONUS","is_prod":false,"is_daily":false,"chose_seed":false,"campfire_upgraded":4,"win_rate":0,"timestamp":1538887082,"path_taken":["M","?","$","M","M","R","?","R","T","E","$","?","?","M","R","BOSS","M","M","$","?","$","R","M","R","T","E","R","M","R","M","R","BOSS"],"build_version":"2018-10-04v2","purchased_purges":1,"victory":false,"max_hp_per_floor":[82,82,82,82,82,82,82,82,82,82,82,82,82,82,82,82,82,82,82,82,82,82,82,82,82,82,82,82,82,82,82,82,82],"card_choices":[{"not_picked":["Dropkick","True Grit"],"picked":"Anger","floor":1.0},{"not_picked":["Wild Strike","Warcry","Sword Boomerang"],"picked":"SKIP","floor":2.0},{"not_picked":["Body Slam","Anger"],"picked":"Cleave","floor":4.0},{"not_picked":["Havoc","Cleave"],"picked":"Clothesline","floor":5.0},{"not_picked":["Perfected Strike","Headbutt","Clothesline"],"picked":"SKIP","floor":7.0},{"not_picked":["Headbutt","Clash"],"picked":"Metallicize","floor":10.0},{"not_picked":["Second Wind","Body Slam"],"picked":"Fiend Fire","floor":12.0},{"not_picked":["Flex","Wild Strike","True Grit"],"picked":"SKIP","floor":14.0},{"not_picked":["Exhume","Brutality"],"picked":"Immolate","floor":16.0},{"not_picked":["Hemokinesis","Warcry"],"picked":"Whirlwind","floor":17.0},{"not_picked":["Rupture","Twin Strike"],"picked":"Flame Barrier","floor":17.0},{"not_picked":["True Grit","Infernal Blade"],"picked":"Iron Wave","floor":17.0},{"not_picked":["Clash","Shrug It Off","Burning Pact+1"],"picked":"SKIP","floor":18.0},{"not_picked":["Armaments","Warcry","Havoc"],"picked":"SKIP","floor":19.0},{"not_picked":["Bludgeon","Wild Strike","Clash"],"picked":"SKIP","floor":24.0},{"not_picked":["Ghostly Armor","Evolve","Cleave"],"picked":"SKIP","floor":27.0},{"not_picked":["Power Through","Iron Wave"],"picked":"Sword Boomerang","floor":29.0},{"not_picked":["Warcry","Spot Weakness","Rupture"],"picked":"SKIP","floor":31.0}],"player_experience":1291344,"relics_obtained":[{"floor":9.0,"key":"Shuriken"},{"floor":10.0,"key":"Lantern"},{"floor":12.0,"key":"Turnip"},{"floor":26.0,"key":"Pen Nib"},{"floor":27.0,"key":"War Paint"}],"event_choices":[{"event_name":"Dead Adventurer","player_choice":"Searched \u00272\u0027 times","floor":12.0,"damage_taken":0.0},{"event_name":"The Mausoleum","player_choice":"No","floor":21.0,"damage_taken":0.0}],"is_beta":false,"boss_relics":[{"not_picked":["Lizard Tail","White Beast Statue"],"picked":"Orrery"}],"items_purged_floors":[11],"is_endless":false,"potions_floor_spawned":[1,5,14,16,24,27,29,31],"killed_by":"Collector","ascension_level":15}