{"gold_per_floor":[11,11,11,11,21,21,46,46,46,46,65,97,97,109,109,109],"floor_reached":16,"playtime":415,"items_purged":[],"score":194,"play_id":"1fc7db95-49cb-4dcb-b83c-93f7a309bcdc","local_time":"20190426142312","is_ascension_mode":true,"campfire_choices":[{"data":"Bash","floor":6.0,"key":"SMITH"},{"floor":8.0,"key":"REST"},{"data":"Spot Weakness","floor":10.0,"key":"SMITH"},{"floor":15.0,"key":"REST"}],"neow_cost":"NO_GOLD","seed_source_timestamp":0,"circlet_count":0,"master_deck":["AscendersBane","Strike_R","Strike_R","Strike_R","Defend_R","Defend_R","Defend_R","Defend_R","Bash+1","Clothesline","Spot Weakness+1","Disarm","Flame Barrier"],"special_seed":0,"relics":["Burning Blood","Turnip","Matryoshka","Prayer Wheel","Bag of Marbles"],"potions_floor_usage":[],"damage_taken":[{"damage":10.0,"enemies":"2 Louse","floor":1.0,"turns":4.0},{"damage":8.0,"enemies":"Jaw Worm","floor":5.0,"turns":5.0},{"damage":47.0,"enemies":"Gremlin Nob","floor":7.0,"turns":6.0},{"damage":0.0,"enemies":"Cultist","floor":11.0,"turns":3.0},{"damage":31.0,"enemies":"Lagavulin","floor":12.0,"turns":7.0},{"damage":10.0,"enemies":"Large Slime","floor":14.0,"turns":7.0},{"damage":0,"enemies":"Slime Boss","floor":16,"turns":1}],"seed_played":"3883498279200301344","potions_obtained":[{"floor":11.0,"key":"SkillPotion"},{"floor":12.0,"key":"GamblersBrew"}],"is_trial":false,"path_per_floor":["M","?","?","$","M","R","E","R","T","R","M","E","T","M","R","B"],"character_chosen":"IRONCLAD","items_purchased":[],"campfire_rested":2,"item_purchase_floors":[],"current_hp_per_floor":[64,69,69,69,67,67,26,50,50,50,56,31,31,27,51,51],"gold":109,"neow_bonus":"REMOVE_TWO","is_prod":false,"is_daily":false,"chose_seed":false,"campfire_upgraded":2,"win_rate":0,"timestamp":1556277792,"path_taken":["M","?","?","$","M","R","E","R","T","R","M","E","?","M","R","BOSS"],"build_version":"2019-01-23","purchased_purges":0,"victory":false,"max_hp_per_floor":[75,80,80,80,80,80,80,80,80,80,80,80,80,80,80,80],"card_choices":[{"not_picked":["Thunderclap","Wild Strike","Armaments"],"picked":"SKIP","floor":1.0},{"not_picked":["Warcry","Armaments"],"picked":"Clothesline","floor":5.0},{"not_picked":["Entrench","Limit Break"],"picked":"Spot Weakness","floor":7.0},{"not_picked":["Thunderclap","Clothesline"],"picked":"Disarm","floor":11.0},{"not_picked":["Wild Strike","Combust","Reckless Charge"],"picked":"SKIP","floor":12.0},{"not_picked":["Disarm","Heavy Blade"],"picked":"Flame Barrier","floor":14.0},{"not_picked":["Whirlwind","Havoc","Fire Breathing"],"picked":"SKIP","floor":14.0}],"player_experience":323085,"relics_obtained":[{"floor":7.0,"key":"Turnip"},{"floor":9.0,"key":"Matryoshka"},{"floor":12.0,"key":"Prayer Wheel"},{"floor":13.0,"key":"Bag of Marbles"}],"event_choices":[{"damage_healed":0.0,"max_hp_gain":5.0,"max_hp_loss":0.0,"gold_gain":0.0,"event_name":"Big Fish","player_choice":"Donut","floor":2.0,"gold_loss":0.0,"damage_taken":0.0},{"damage_healed":0.0,"max_hp_gain":0.0,"max_hp_loss":0.0,"gold_gain":0.0,"event_name":"The Cleric","player_choice":"Leave","floor":3.0,"gold_loss":0.0,"damage_taken":0.0}],"is_beta":false,"boss_relics":[],"items_purged_floors":[],"is_endless":false,"potions_floor_spawned":[11,12],"killed_by":"Slime Boss","ascension_level":16}