{"gold_per_floor":[111,124,11,11,29,29,57,57,57,74,149,166,166,17,17,118,118,130,130,229,249,268,293,293],"floor_reached":24,"playtime":1401,"items_purged":["Strike_R","Strike_R"],"score":216,"play_id":"385b5a68-670f-476f-8afa-55c7741351ba","local_time":"25610714222210","is_ascension_mode":false,"campfire_choices":[{"data":"Sword Boomerang","floor":6,"key":"SMITH"},{"data":"Flex","floor":8,"key":"SMITH"},{"floor":15,"key":"REST"}],"neow_cost":"CURSE","seed_source_timestamp":43287820545172,"circlet_count":0,"master_deck":["Strike_R","Strike_R","Strike_R","Defend_R","Defend_R","Defend_R","Bash","Double Tap+1","Flex+1","Sword Boomerang","Inflame","Sword Boomerang+1","Rage","Cleave","Flex","Armaments","Demon Form","Twin Strike+1","Clothesline","Headbutt","Ghostly Armor"],"relics":["Burning Blood","Ornamental Fan","Pantograph","Sozu","Ginger"],"potions_floor_usage":[16,23,23],"damage_taken":[{"damage":9,"enemies":"Cultist","floor":1,"turns":4},{"damage":11,"enemies":"Jaw Worm","floor":2,"turns":2},{"damage":3,"enemies":"Small Slimes","floor":5,"turns":2},{"damage":35,"enemies":"3 Sentries","floor":7,"turns":5},{"damage":12,"enemies":"2 Fungi Beasts","floor":10,"turns":3},{"damage":10,"enemies":"Looter","floor":12,"turns":2},{"damage":43,"enemies":"Hexaghost","floor":16,"turns":8},{"damage":7,"enemies":"3 Byrds","floor":18,"turns":6},{"damage":14,"enemies":"Chosen","floor":21,"turns":5},{"damage":19,"enemies":"Centurion and Healer","floor":22,"turns":5},{"damage":53,"enemies":"Gremlin Leader","floor":23,"turns":7},{"damage":10,"enemies":"Chosen and Byrds","floor":24,"turns":2}],"seed_played":"4820002137902465979","potions_obtained":[{"floor":1,"key":"SpeedPotion"},{"floor":12,"key":"LiquidBronze"},{"floor":16,"key":"EssenceOfSteel"}],"is_trial":false,"path_per_floor":["M","M","$","?","M","R","E","R","T","M","?","M","?","$","R","B",null,"M","?","?","M","M","E"],"character_chosen":"IRONCLAD","items_purchased":["Inflame","Armaments"],"campfire_rested":1,"item_purchase_floors":[3,14],"current_hp_per_floor":[77,72,72,72,75,75,46,46,46,40,29,25,25,25,49,37,80,79,77,77,69,56,9,0],"gold":293,"neow_bonus":"THREE_RARE_CARDS","is_prod":false,"is_daily":false,"chose_seed":false,"campfire_upgraded":2,"win_rate":0.0,"timestamp":1531581730,"path_taken":["M","M","$","?","M","R","E","R","T","M","?","M","?","$","R","BOSS","M","?","?","M","M","E","M"],"build_version":"2018-07-12","purchased_purges":2,"victory":false,"max_hp_per_floor":[80,80,80,80,80,80,80,80,80,80,80,80,80,80,80,80,80,80,77,77,77,77,77,77],"card_choices":[{"not_picked":["Juggernaut","Barricade"],"picked":"Double Tap","floor":0},{"not_picked":["Iron Wave","Sword Boomerang"],"picked":"Flex","floor":1},{"not_picked":["Sever Soul","Iron Wave"],"picked":"Sword Boomerang","floor":2},{"not_picked":["Shockwave","Hemokinesis"],"picked":"Sword Boomerang","floor":5},{"not_picked":["Second Wind","Perfected Strike"],"picked":"Rage","floor":7},{"not_picked":["Intimidate","Reckless Charge"],"picked":"Cleave","floor":10},{"not_picked":["Brutality","Searing Blow"],"picked":"Flex","floor":12},{"not_picked":["Impervious","Offering"],"picked":"Demon Form","floor":16},{"not_picked":["Rampage+1","Uppercut"],"picked":"Twin Strike+1","floor":18},{"not_picked":["Cleave","Rampage"],"picked":"Clothesline","floor":21},{"not_picked":["Twin Strike","Clash"],"picked":"Headbutt","floor":22},{"not_picked":["Power Through","Pommel Strike"],"picked":"Ghostly Armor","floor":23}],"player_experience":1549,"relics_obtained":[{"floor":7,"key":"Ornamental Fan"},{"floor":9,"key":"Pantograph"},{"floor":23,"key":"Ginger"}],"event_choices":[{"event_name":"Living Wall","player_choice":"Forget","floor":4,"damage_taken":0},{"event_name":"World of Goop","player_choice":"Gather Gold","floor":11,"damage_taken":0},{"event_name":"Upgrade Shrine","player_choice":"Upgraded","floor":13,"damage_taken":0},{"event_name":"Back to Basics","player_choice":"Elegance","floor":19,"damage_taken":0},{"event_name":"Nest","player_choice":"Stole From Cult","floor":20,"damage_taken":0}],"boss_relics":[{"not_picked":["Orrery","Ectoplasm"],"picked":"Sozu"}],"items_purged_floors":[3,14],"is_endless":false,"potions_floor_spawned":[1,12,16,23],"killed_by":"Chosen and Byrds","ascension_level":0}