{"gold_per_floor":[112,125,200,218,229,254,273,273,273,8,8,8,34,34,34,135,135,154,174,194,54,86,116,135,161,161,179,206,206,206,216,216,314,314,329,329,69,69,85,85,116,116,140,150,150,161,176,204,204,204,204,204,38,71,71],"floor_reached":56,"playtime":3266,"items_purged":["Strike_B","Strike_B"],"score":1377,"play_id":"31c62d06-a259-4a92-85f2-f780e90b45f2","local_time":"20190329010123","is_ascension_mode":true,"campfire_choices":[{"data":"Consume","floor":8.0,"key":"SMITH"},{"floor":11.0,"key":"REST"},{"data":"Turbo","floor":15.0,"key":"SMITH"},{"data":"Fission","floor":30.0,"key":"SMITH"},{"data":"Seek","floor":32.0,"key":"SMITH"},{"data":"Skim","floor":40.0,"key":"SMITH"},{"floor":42.0,"key":"DIG"},{"data":"Rainbow","floor":45,"key":"SMITH"},{"floor":49,"key":"RECALL"},{"data":"Heatsinks","floor":52,"key":"SMITH"}],"neow_cost":"NONE","seed_source_timestamp":107949108173800,"circlet_count":0,"master_deck":["Strike_B","Defend_B","Defend_B","Defend_B","Defend_B","Zap","Dualcast","Turbo+1","Consume+1","Skim+1","Cold Snap","Conserve Battery","Seek+1","Ball Lightning","Thunder Strike","Beam Cell","Stack","Glacier","Fission+1","Glacier","Capacitor+1","Double Energy+1","Heatsinks+1","Conserve Battery+1","All For One+1","Steam Power","FTL+1","Chill","White Noise+1","Hello World","Compile Driver+1","Rainbow+1","Skim+1","Turbo+1","Biased Cognition+1","Go for the Eyes+1","Apotheosis","Heatsinks+1"],"special_seed":0,"relics":["Orrery","Symbiotic Virus","Meat on the Bone","ClockworkSouvenir","Omamori","Pantograph","Sozu","Red Mask","Molten Egg 2","Mango","Torii","Strawberry","Coffee Dripper","Frozen Egg 2","Shovel","Singing Bowl","Lantern","Boot"],"potions_floor_usage":[],"damage_taken":[{"damage":1.0,"enemies":"Small Slimes","floor":1.0,"turns":4.0},{"damage":0.0,"enemies":"2 Louse","floor":2.0,"turns":2.0},{"damage":4.0,"enemies":"Cultist","floor":4.0,"turns":3.0},{"damage":21.0,"enemies":"Exordium Wildlife","floor":5.0,"turns":5.0},{"damage":29.0,"enemies":"Gremlin Nob","floor":6.0,"turns":5.0},{"damage":0.0,"enemies":"3 Louse","floor":7.0,"turns":1.0},{"damage":15.0,"enemies":"3 Sentries","floor":13.0,"turns":10.0},{"damage":45.0,"enemies":"Slime Boss","floor":16.0,"turns":13.0},{"damage":14.0,"enemies":"Chosen","floor":18.0,"turns":5.0},{"damage":8.0,"enemies":"2 Thieves","floor":19.0,"turns":4.0},{"damage":0.0,"enemies":"Snake Plant","floor":20.0,"turns":4.0},{"damage":21.0,"enemies":"Masked Bandits","floor":22.0,"turns":9.0},{"damage":16.0,"enemies":"Gremlin Leader","floor":23.0,"turns":10.0},{"damage":0.0,"enemies":"Chosen and Byrds","floor":24.0,"turns":9.0},{"damage":24.0,"enemies":"Slavers","floor":25.0,"turns":7.0},{"damage":0.0,"enemies":"Sentry and Sphere","floor":27.0,"turns":6.0},{"damage":18.0,"enemies":"Gremlin Leader","floor":28.0,"turns":9.0},{"damage":0.0,"enemies":"Snecko","floor":31.0,"turns":5.0},{"damage":12.0,"enemies":"Collector","floor":33.0,"turns":10.0},{"damage":0.0,"enemies":"3 Shapes","floor":35.0,"turns":5.0},{"damage":0.0,"enemies":"Orb Walker","floor":39.0,"turns":3.0},{"damage":1.0,"enemies":"Reptomancer","floor":41.0,"turns":4.0},{"damage":0.0,"enemies":"Sphere and 2 Shapes","floor":44.0,"turns":5.0},{"damage":0,"enemies":"4 Shapes","floor":46,"turns":4},{"damage":0,"enemies":"Maw","floor":47,"turns":4},{"damage":0,"enemies":"Giant Head","floor":48,"turns":6},{"damage":39,"enemies":"Time Eater","floor":50,"turns":13},{"damage":67,"enemies":"Shield and Spear","floor":54,"turns":7},{"damage":28,"enemies":"The Heart","floor":55,"turns":8}],"seed_played":"-6911872739711202083","potions_obtained":[{"floor":1.0,"key":"Explosive Potion"},{"floor":5.0,"key":"GamblersBrew"},{"floor":6.0,"key":"SneckoOil"},{"floor":13.0,"key":"Poison Potion"},{"floor":14.0,"key":"Regen Potion"},{"floor":14.0,"key":"Regen Potion"}],"is_trial":false,"path_per_floor":["M","M","?","M","M","E","M","R","T","$","R","?","E","?","R","B",null,"M","M","M","$","?","E","M","E","T","M","E","?","R","M","R","B",null,"M","?","$","?","M","R","E","R","T","M","R","M","M","E","R","B",null,"R","$","E","B",null],"character_chosen":"DEFECT","items_purchased":["ClockworkSouvenir","Heatsinks","Frozen Egg 2","Apotheosis"],"campfire_rested":1,"item_purchase_floors":[10,21,37,53],"current_hp_per_floor":[74,74,63,59,38,9,9,9,9,9,31,31,28,28,28,20,75,61,53,53,53,75,59,59,61,61,61,62,62,62,62,62,75,96,96,91,91,91,91,91,90,90,90,90,90,92,94,96,96,58,97,97,97,42,51],"gold":71,"neow_bonus":"BOSS_RELIC","is_prod":false,"is_daily":false,"chose_seed":false,"campfire_upgraded":7,"win_rate":0,"timestamp":1553792483,"path_taken":["M","M","?","M","M","E","M","R","T","$","R","?","E","?","R","BOSS","M","M","M","?","?","E","M","E","T","M","E","?","R","?","R","BOSS","M","?","$","?","M","R","E","R","T","M","R","M","?","E","R","BOSS","R","$","E","BOSS"],"build_version":"2019-03-15","purchased_purges":2,"victory":true,"max_hp_per_floor":[75,75,75,75,75,75,75,75,75,75,75,75,75,75,75,75,75,75,75,75,75,75,75,75,89,89,89,96,96,96,96,96,96,96,96,91,91,91,91,91,91,91,91,91,91,93,95,97,97,97,97,97,97,97,97],"card_choices":[{"not_picked":["Redo","Heatsinks"],"picked":"Turbo","floor":0.0},{"not_picked":["Static Discharge","Stack"],"picked":"Consume","floor":0.0},{"not_picked":["Fusion","Coolheaded"],"picked":"Skim","floor":0.0},{"not_picked":["Compile Driver","Turbo"],"picked":"Cold Snap","floor":0.0},{"not_picked":["Sweeping Beam","Consume"],"picked":"Conserve Battery","floor":0.0},{"not_picked":["Genetic Algorithm","Melter"],"picked":"Seek","floor":1.0},{"not_picked":["Gash","Streamline"],"picked":"Ball Lightning","floor":2.0},{"not_picked":["Aggregate","Leap"],"picked":"Thunder Strike","floor":4.0},{"not_picked":["Doom and Gloom","Blizzard"],"picked":"Beam Cell","floor":5.0},{"not_picked":["Blizzard","Fusion","Storm"],"picked":"SKIP","floor":6.0},{"not_picked":["Consume","Gash"],"picked":"Stack","floor":7.0},{"not_picked":["Chaos","Creative AI"],"picked":"Glacier","floor":13.0},{"not_picked":["Seek","Hyperbeam"],"picked":"Fission","floor":16.0},{"not_picked":["Gash","Consume"],"picked":"Glacier","floor":18.0},{"not_picked":["Sweeping Beam","Barrage"],"picked":"Capacitor+1","floor":19.0},{"not_picked":["Steam","Rebound+1"],"picked":"Double Energy+1","floor":20.0},{"not_picked":["Tempest","Doom and Gloom"],"picked":"Conserve Battery+1","floor":22.0},{"not_picked":["Stack","Rip and Tear"],"picked":"All For One","floor":23.0},{"not_picked":["Fusion","Streamline+1"],"picked":"Steam Power","floor":24.0},{"not_picked":["Auto Shields","Steam+1"],"picked":"FTL+1","floor":25.0},{"not_picked":["Streamline+1","Rebound+1"],"picked":"Chill","floor":27.0},{"not_picked":["Skim","Darkness"],"picked":"White Noise+1","floor":28.0},{"not_picked":["Barrage+1","Scrape+1"],"picked":"Compile Driver+1","floor":31.0},{"not_picked":["Reboot","Hyperbeam+1"],"picked":"Rainbow","floor":33.0},{"not_picked":["Doom and Gloom+1","Sweeping Beam+1"],"picked":"Skim+1","floor":35.0},{"not_picked":["Barrage+1","Leap"],"picked":"Turbo+1","floor":39.0},{"not_picked":["Compile Driver+1","Double Energy+1"],"picked":"Biased Cognition+1","floor":41.0},{"not_picked":["Self Repair+1","Scrape+1"],"picked":"Go for the Eyes+1","floor":44.0},{"not_picked":["Streamline+1","Ball Lightning+1","Barrage+1"],"picked":"Singing Bowl","floor":46},{"not_picked":["Streamline+1","Compile Driver+1","Hello World+1"],"picked":"Singing Bowl","floor":47},{"not_picked":["Melter+1","Double Energy+1","Stack"],"picked":"Singing Bowl","floor":48},{"not_picked":["Storm+1","Streamline+1"],"picked":"Heatsinks+1","floor":54}],"player_experience":1303550,"relics_obtained":[{"floor":6.0,"key":"Symbiotic Virus"},{"floor":9.0,"key":"Meat on the Bone"},{"floor":13.0,"key":"Pantograph"},{"floor":22.0,"key":"Red Mask"},{"floor":23.0,"key":"Molten Egg 2"},{"floor":25.0,"key":"Mango"},{"floor":26.0,"key":"Torii"},{"floor":28.0,"key":"Strawberry"},{"floor":41.0,"key":"Shovel"},{"floor":42.0,"key":"Singing Bowl"},{"floor":48,"key":"Lantern"},{"floor":54,"key":"Boot"}],"event_choices":[{"damage_healed":0.0,"max_hp_gain":0.0,"max_hp_loss":0.0,"gold_gain":75.0,"event_name":"World of Goop","player_choice":"Gather Gold","floor":3.0,"gold_loss":0.0,"damage_taken":11.0},{"damage_healed":0.0,"max_hp_gain":0.0,"max_hp_loss":0.0,"gold_gain":0.0,"event_name":"Dead Adventurer","player_choice":"Searched \u00271\u0027 times","floor":12.0,"gold_loss":0.0,"damage_taken":0.0,"relics_obtained":["Omamori"]},{"damage_healed":0.0,"max_hp_gain":0.0,"max_hp_loss":0.0,"gold_gain":0.0,"event_name":"Lab","player_choice":"Got Potions","floor":14.0,"gold_loss":0.0,"damage_taken":0.0},{"damage_healed":0.0,"max_hp_gain":0.0,"max_hp_loss":0.0,"gold_gain":0.0,"event_name":"Masked Bandits","player_choice":"Fought Bandits","floor":22.0,"gold_loss":0.0,"damage_taken":0.0},{"damage_healed":0.0,"max_hp_gain":0.0,"max_hp_loss":0.0,"gold_gain":0.0,"event_name":"Match and Keep!","player_choice":"1 cards matched","floor":29.0,"gold_loss":0.0,"damage_taken":0.0,"cards_obtained":["Hello World"]},{"damage_healed":0.0,"max_hp_gain":0.0,"max_hp_loss":0.0,"gold_gain":0.0,"event_name":"Match and Keep!","player_choice":"1 cards matched","floor":29.0,"gold_loss":0.0,"damage_taken":0.0,"cards_obtained":["Hello World"]},{"damage_healed":0.0,"max_hp_gain":0.0,"max_hp_loss":5.0,"gold_gain":0.0,"event_name":"Winding Halls","player_choice":"Max HP","floor":36.0,"gold_loss":0.0,"damage_taken":0.0},{"cards_removed":["Strike_B"],"damage_healed":0.0,"max_hp_gain":0.0,"max_hp_loss":0.0,"gold_gain":0.0,"event_name":"Purifier","player_choice":"Purged","floor":38.0,"gold_loss":0.0,"damage_taken":0.0}],"is_beta":true,"boss_relics":[{"not_picked":["Ectoplasm","Tiny House"],"picked":"Sozu"},{"not_picked":["Velvet Choker","Cursed Key"],"picked":"Coffee Dripper"}],"items_purged_floors":[10,21],"is_endless":false,"potions_floor_spawned":[1,5,6,13,19,22,23,24,25,31,46,47,54],"ascension_level":1}