{"gold_per_floor":[112,41,41,57,74,100,100,111,111,111,111,136,147,175,175,270,270,285,200,217,217,235,235,253,283,309,309,36,70,70,104,104,208,208,227,246,246,263,263],"floor_reached":39,"playtime":1129,"items_purged":[],"score":616,"play_id":"4bf82429-951e-4dec-a67f-6dfb70dbc3f9","local_time":"25611115163702","is_ascension_mode":true,"campfire_choices":[{"floor":7.0,"key":"REST"},{"floor":11.0,"key":"REST"},{"data":"White Noise","floor":15,"key":"SMITH"},{"floor":23,"key":"REST"},{"floor":27,"key":"REST"},{"data":"Creative AI","floor":32,"key":"SMITH"}],"neow_cost":"CURSE","seed_source_timestamp":23478667400673,"circlet_count":0,"master_deck":["Strike_B+1","Strike_B+1","Strike_B","Strike_B","Defend_B","Defend_B","Defend_B","Defend_B","Zap","Dualcast","Clumsy","Gash","Rip and Tear","Self Repair","Defragment","Loop","Rip and Tear","Melter+1","White Noise+1","Go for the Eyes+1","Beam Cell+1","Genetic Algorithm","Melter+1","Double Energy+1","Hologram+1","Streamline+1","Creative AI+1","Electrodynamics","Gash+1","Force Field"],"special_seed":0,"relics":["Cracked Core","Du-Vu Doll","Gremlin Horn","DataDisk","Molten Egg 2","Singing Bowl","Odd Mushroom","Gambling Chip","Sozu","Ornamental Fan","Happy Flower","WingedGreaves","Ancient Tea Set","Mummified Hand","Whetstone","Pantograph","Nuclear Battery"],"potions_floor_usage":[14,14,16],"damage_taken":[{"damage":4.0,"enemies":"2 Louse","floor":1.0,"turns":2.0},{"damage":2.0,"enemies":"Jaw Worm","floor":4.0,"turns":2.0},{"damage":0.0,"enemies":"Cultist","floor":5.0,"turns":3.0},{"damage":55.0,"enemies":"3 Sentries","floor":6.0,"turns":7.0},{"damage":0.0,"enemies":"Exordium Wildlife","floor":8.0,"turns":2.0},{"damage":11,"enemies":"The Mushroom Lair","floor":12,"turns":3},{"damage":1,"enemies":"2 Fungi Beasts","floor":13,"turns":2},{"damage":0,"enemies":"Gremlin Nob","floor":14,"turns":3},{"damage":38,"enemies":"Slime Boss","floor":16,"turns":5},{"damage":20,"enemies":"Shell Parasite","floor":18,"turns":4},{"damage":0,"enemies":"Spheric Guardian","floor":20,"turns":2},{"damage":12,"enemies":"Snake Plant","floor":22,"turns":4},{"damage":23,"enemies":"3 Cultists","floor":24,"turns":5},{"damage":33,"enemies":"Book of Stabbing","floor":25,"turns":5},{"damage":52,"enemies":"Slavers","floor":29,"turns":5},{"damage":2,"enemies":"Gremlin Leader","floor":31,"turns":5},{"damage":54,"enemies":"Champ","floor":33,"turns":9},{"damage":38,"enemies":"3 Darklings","floor":35,"turns":4},{"damage":8,"enemies":"3 Shapes","floor":36,"turns":2},{"damage":29,"enemies":"Spire Growth","floor":38,"turns":4},{"damage":29,"enemies":"Maw","floor":39,"turns":6}],"seed_played":"171215909373545153","potions_obtained":[{"floor":1.0,"key":"FearPotion"},{"floor":8.0,"key":"SpeedPotion"},{"floor":12,"key":"SkillPotion"}],"is_trial":false,"path_per_floor":["M","$","?","M","M","E","R","M","T","T","R","?","M","E","R","B",null,"M","?","M","T","M","R","M","E","T","R","$","E","?","E","R","B",null,"M","M","?","M","M"],"character_chosen":"DEFECT","items_purchased":["Rip and Tear","Mummified Hand","Streamline+1"],"campfire_rested":4,"item_purchase_floors":[2,28,28],"current_hp_per_floor":[64,64,57,55,62,14,36,36,36,36,58,47,46,60,60,22,62,49,49,56,56,51,73,57,31,31,53,53,8,85,87,87,40,75,44,45,45,23,0],"gold":263,"neow_bonus":"ONE_RARE_RELIC","is_prod":false,"is_daily":false,"chose_seed":false,"campfire_upgraded":2,"win_rate":0,"timestamp":1542274622,"path_taken":["M","$","?","M","M","E","R","M","T","?","R","?","?","E","R","BOSS","M","?","M","?","M","R","M","E","T","R","$","E","?","E","R","BOSS","M","?","?","M","M"],"build_version":"2018-11-08","purchased_purges":0,"victory":false,"max_hp_per_floor":[75,75,75,75,75,75,75,75,75,75,75,75,75,75,75,75,75,75,75,75,75,75,75,75,75,75,75,75,75,85,87,87,87,87,87,89,89,89,89],"card_choices":[{"not_picked":["Cold Snap","Coolheaded"],"picked":"Gash","floor":1.0},{"not_picked":["Static Discharge","Reprogram"],"picked":"Self Repair","floor":4.0},{"not_picked":["Redo","White Noise"],"picked":"Defragment","floor":5.0},{"not_picked":["Rebound","Steam Power"],"picked":"Loop","floor":6.0},{"not_picked":["Go for the Eyes","Sweeping Beam"],"picked":"Rip and Tear","floor":8.0},{"not_picked":["Steam","Glacier"],"picked":"Melter+1","floor":12},{"not_picked":["Force Field","Heatsinks"],"picked":"White Noise","floor":13},{"not_picked":["Steam","Rainbow"],"picked":"Go for the Eyes+1","floor":14},{"not_picked":["Reboot","Multi-Cast"],"picked":"Buffer","floor":16},{"not_picked":["Turbo+1","Compile Driver+1"],"picked":"Beam Cell+1","floor":18},{"not_picked":["Steam","Beam Cell+1"],"picked":"Genetic Algorithm","floor":20},{"not_picked":["Redo","Double Energy"],"picked":"Melter+1","floor":22},{"not_picked":["Rebound+1","Sweeping Beam+1"],"picked":"Double Energy+1","floor":24},{"not_picked":["Double Energy","Static Discharge+1"],"picked":"Hologram+1","floor":25},{"not_picked":["Seek","Stack"],"picked":"Creative AI","floor":29},{"not_picked":["Compile Driver+1","Darkness","Stack+1"],"picked":"Singing Bowl","floor":31},{"not_picked":["Core Surge+1","Buffer"],"picked":"Electrodynamics","floor":33},{"not_picked":["Steam","Blizzard+1"],"picked":"Gash+1","floor":35},{"not_picked":["Force Field","Coolheaded","Beam Cell+1"],"picked":"Singing Bowl","floor":36},{"not_picked":["Barrage+1","Stack+1"],"picked":"Force Field","floor":38}],"player_experience":146292,"relics_obtained":[{"floor":6.0,"key":"DataDisk"},{"floor":9.0,"key":"Molten Egg 2"},{"floor":10.0,"key":"Singing Bowl"},{"floor":12,"key":"Odd Mushroom"},{"floor":14,"key":"Gambling Chip"},{"floor":21,"key":"Happy Flower"},{"floor":25,"key":"WingedGreaves"},{"floor":26,"key":"Ancient Tea Set"},{"floor":29,"key":"Whetstone"},{"floor":31,"key":"Pantograph"}],"event_choices":[{"damage_healed":0.0,"max_hp_gain":0.0,"max_hp_loss":0.0,"gold_gain":0.0,"event_name":"Scrap Ooze","player_choice":"Success","floor":3.0,"gold_loss":0.0,"damage_taken":7.0,"relics_obtained":["Gremlin Horn"]},{"damage_healed":0,"gold_gain":0,"player_choice":"Fought Mushrooms","damage_taken":0,"max_hp_gain":0,"max_hp_loss":0,"event_name":"Mushrooms","floor":12,"gold_loss":0},{"damage_healed":0,"gold_gain":0,"player_choice":"Obtained Relic","damage_taken":0,"relics_obtained":["Ornamental Fan"],"max_hp_gain":0,"max_hp_loss":0,"event_name":"Addict","floor":19,"gold_loss":85},{"cards_removed":["Buffer"],"damage_healed":67,"gold_gain":0,"player_choice":"Offered Rare","damage_taken":0,"max_hp_gain":10,"max_hp_loss":0,"event_name":"Bonfire Elementals","floor":30,"gold_loss":0},{"damage_healed":0,"gold_gain":0,"player_choice":"Ignored","damage_taken":0,"max_hp_gain":0,"max_hp_loss":0,"event_name":"Tomb of Lord Red Mask","floor":37,"gold_loss":0}],"is_beta":false,"boss_relics":[{"not_picked":["Fusion Hammer","Pandora\u0027s Box"],"picked":"Sozu"},{"not_picked":["Astrolabe","Velvet Choker"],"picked":"Nuclear Battery"}],"items_purged_floors":[],"is_endless":false,"potions_floor_spawned":[1,8,12,20,22,33,36],"killed_by":"Maw","ascension_level":6}