{"gold_per_floor":[115,6,6,6,25,25,60,70,97,97,97,97,108,33,33,110,110,125,50,62,79,97,97,123,123,150,150],"floor_reached":27,"playtime":1012,"items_purged":["Strike_R"],"score":499,"play_id":"28c3c993-5305-4aa4-b7c2-47d5610b71a3","local_time":"20190503162904","is_ascension_mode":true,"campfire_choices":[{"data":"Reaper","floor":6,"key":"SMITH"},{"data":"Body Slam","floor":10,"key":"SMITH"},{"data":"Spot Weakness","floor":12,"key":"SMITH"},{"data":"Heavy Blade","floor":15,"key":"SMITH"},{"data":"Limit Break","floor":23,"key":"SMITH"},{"floor":25,"key":"REST"}],"neow_cost":"NONE","seed_source_timestamp":612039915634100,"circlet_count":0,"master_deck":["AscendersBane","Strike_R","Strike_R","Strike_R","Defend_R","Defend_R+1","Defend_R","Defend_R","Bash","Flame Barrier","Spot Weakness+1","Iron Wave","Reaper+1","Disarm+1","Body Slam+1","Heavy Blade+1","Limit Break+1","Ghostly Armor+1","Cleave","True Grit"],"relics":["Burning Blood","NeowsBlessing","Pen Nib","Lantern","Velvet Choker","War Paint"],"potions_floor_usage":[16,18,18,21,22],"damage_taken":[{"damage":0,"enemies":"Cultist","floor":1,"turns":1},{"damage":0,"enemies":"Jaw Worm","floor":5,"turns":1},{"damage":0,"enemies":"3 Sentries","floor":7,"turns":2},{"damage":8,"enemies":"2 Louse","floor":8,"turns":2},{"damage":0,"enemies":"Red Slaver","floor":13,"turns":2},{"damage":44,"enemies":"Hexaghost","floor":16,"turns":10},{"damage":7,"enemies":"2 Thieves","floor":18,"turns":3},{"damage":27,"enemies":"Shell Parasite","floor":20,"turns":4},{"damage":12,"enemies":"3 Cultists","floor":21,"turns":5},{"damage":33,"enemies":"Shelled Parasite and Fungi","floor":22,"turns":6},{"damage":59,"enemies":"Slavers","floor":24,"turns":5},{"damage":37,"enemies":"Centurion and Healer","floor":27,"turns":6}],"seed_played":"4228766663243706100","potions_obtained":[{"floor":1,"key":"Fire Potion"},{"floor":5,"key":"Poison Potion"},{"floor":16,"key":"Explosive Potion"},{"floor":20,"key":"PowerPotion"},{"floor":21,"key":"FearPotion"}],"is_trial":false,"path_per_floor":["M","$","?","$","M","R","E","M","T","R","?","R","M","?","R","B",null,"M","$","M","M","M","R","E","R","T","M"],"character_chosen":"IRONCLAD","items_purchased":["Spot Weakness","Iron Wave"],"campfire_rested":1,"item_purchase_floors":[2,2],"current_hp_per_floor":[74,74,74,74,75,75,75,75,75,75,75,75,75,75,75,50,69,74,74,60,67,49,49,11,33,33,0],"gold":150,"neow_bonus":"THREE_ENEMY_KILL","is_prod":false,"is_daily":false,"chose_seed":false,"campfire_upgraded":5,"win_rate":0,"timestamp":1556890144,"path_taken":["M","?","?","$","?","R","E","M","T","R","?","R","?","?","R","BOSS","M","$","M","M","M","R","E","R","T","M"],"build_version":"2019-01-23","purchased_purges":1,"victory":false,"max_hp_per_floor":[75,75,75,75,75,75,75,75,75,75,75,75,75,75,75,75,75,75,75,75,75,75,75,75,75,75,75],"card_choices":[{"not_picked":["Fire Breathing","Seeing Red"],"picked":"Flame Barrier","floor":1},{"not_picked":["Evolve","Fire Breathing","Iron Wave"],"picked":"SKIP","floor":5},{"not_picked":["Combust","Heavy Blade"],"picked":"Disarm","floor":7},{"not_picked":["Perfected Strike","Armaments"],"picked":"Body Slam","floor":8},{"not_picked":["Intimidate","Thunderclap"],"picked":"Heavy Blade","floor":13},{"not_picked":["Dark Embrace","Exhume"],"picked":"Limit Break","floor":16},{"not_picked":["Power Through","Headbutt"],"picked":"Ghostly Armor","floor":18},{"not_picked":["Flame Barrier","Clothesline"],"picked":"Cleave","floor":20},{"not_picked":["Rampage","Power Through","Pommel Strike"],"picked":"SKIP","floor":21},{"not_picked":["Iron Wave","Clothesline"],"picked":"True Grit","floor":22},{"not_picked":["Second Wind","Thunderclap","Exhume"],"picked":"SKIP","floor":24}],"player_experience":373549,"relics_obtained":[{"floor":7,"key":"Pen Nib"},{"floor":9,"key":"Lantern"},{"floor":24,"key":"War Paint"}],"event_choices":[{"damage_healed":0,"gold_gain":0,"player_choice":"1 cards matched","damage_taken":0,"max_hp_gain":0,"max_hp_loss":0,"event_name":"Match and Keep!","floor":3,"gold_loss":0,"cards_obtained":["Reaper"]},{"damage_healed":0,"gold_gain":0,"player_choice":"Upgraded","damage_taken":0,"max_hp_gain":0,"max_hp_loss":0,"event_name":"Upgrade Shrine","floor":11,"gold_loss":0,"cards_upgraded":["Disarm"]},{"cards_removed":["Strike_R"],"damage_healed":0,"gold_gain":0,"player_choice":"Card Removal","damage_taken":0,"max_hp_gain":0,"max_hp_loss":0,"event_name":"The Cleric","floor":14,"gold_loss":75}],"is_beta":false,"boss_relics":[{"not_picked":["Busted Crown","Astrolabe"],"picked":"Velvet Choker"}],"items_purged_floors":[19],"is_endless":false,"potions_floor_spawned":[1,5,8,16,20,21],"killed_by":"Centurion and Healer","ascension_level":19}