{"gold_per_floor":[115,126,126,140,151,151,151,151,176,189,214,246,292,323,335,419,431,459,471,483,511,3,3,0,40,119,147,25,50,89,102,102,178,178,188,40,1039,717,728,759,759,790,790,800,800,847,847,878,878,898,898],"floor_reached":52,"playtime":2476,"items_purged":["Perfected Strike","Normality"],"score":2811,"play_id":"60274708-7463-46a9-894a-57f79468a0e3","local_time":"20180923140729","is_ascension_mode":true,"campfire_choices":[{"data":"Shockwave","floor":6,"key":"SMITH"},{"data":"Flex","floor":8,"key":"SMITH"},{"data":"Perfected Strike","floor":15,"key":"SMITH"},{"floor":23,"key":"REST"},{"floor":32,"key":"REST"},{"floor":49,"key":"REST"}],"neow_cost":"NONE","seed_source_timestamp":3253769281128,"circlet_count":0,"master_deck":["Strike_R","Strike_R","Strike_R","Strike_R","Defend_R","Defend_R","Defend_R","Bash","AscendersBane","Fiend Fire","Flex+1","Shockwave+1","Power Through","Sword Boomerang","Perfected Strike+1","Headbutt","Shrug It Off","Offering","Havoc+1","Disarm","HandOfGreed","Double Tap","Apotheosis","Corruption","Carnage+1","Exhume","Transmutation+1","Normality","Feel No Pain+1","Reaper","Magnetism+1"],"relics":["Burning Blood","Ancient Tea Set","MawBank","Art of War","Mark of Pain","Membership Card","Thread and Needle","Champion Belt","Bottled Flame","Dead Branch","Orichalcum","Snecko Eye","Frozen Egg 2","Vajra","PreservedInsect","Lantern","Gremlin Horn","Red Skull","Pen Nib"],"potions_floor_usage":[16,16,27,30,44,46,48],"damage_taken":[{"damage":14,"enemies":"Jaw Worm","floor":1,"turns":6},{"damage":2,"enemies":"2 Louse","floor":2,"turns":3},{"damage":6,"enemies":"Cultist","floor":4,"turns":3},{"damage":7,"enemies":"Looter","floor":5,"turns":4},{"damage":8,"enemies":"3 Louse","floor":10,"turns":3},{"damage":0,"enemies":"Lagavulin","floor":11,"turns":5},{"damage":0,"enemies":"Blue Slaver","floor":12,"turns":3},{"damage":17,"enemies":"Gremlin Nob","floor":13,"turns":4},{"damage":0,"enemies":"Large Slime","floor":14,"turns":5},{"damage":40,"enemies":"The Guardian","floor":16,"turns":11},{"damage":15,"enemies":"3 Byrds","floor":18,"turns":5},{"damage":25,"enemies":"Shell Parasite","floor":21,"turns":3},{"damage":26,"enemies":"Gremlin Leader","floor":25,"turns":5},{"damage":36,"enemies":"Slavers","floor":27,"turns":4},{"damage":6,"enemies":"Centurion and Healer","floor":30,"turns":4},{"damage":6,"enemies":"Sentry and Sphere","floor":31,"turns":3},{"damage":15,"enemies":"Automaton","floor":33,"turns":2},{"damage":0,"enemies":"3 Shapes","floor":35,"turns":2},{"damage":6,"enemies":"Orb Walker","floor":39,"turns":2},{"damage":15,"enemies":"Giant Head","floor":40,"turns":4},{"damage":44,"enemies":"Nemesis","floor":42,"turns":3},{"damage":18,"enemies":"Maw","floor":44,"turns":5},{"damage":6,"enemies":"2 Orb Walkers","floor":46,"turns":3},{"damage":0,"enemies":"Nemesis","floor":48,"turns":7},{"damage":27,"enemies":"Time Eater","floor":50,"turns":9},{"damage":16,"enemies":"Donu and Deca","floor":51,"turns":2}],"seed_played":"6484333416247619299","potions_obtained":[{"floor":1,"key":"Poison Potion"},{"floor":4,"key":"PowerPotion"},{"floor":10,"key":"SkillPotion"},{"floor":18,"key":"Dexterity Potion"},{"floor":21,"key":"SpeedPotion"},{"floor":27,"key":"Swift Potion"},{"floor":33,"key":"Ancient Potion"},{"floor":42,"key":"Regen Potion"},{"floor":44,"key":"Swift Potion"},{"floor":48,"key":"Fruit Juice"}],"is_trial":false,"path_per_floor":["M","M","?","M","M","R","?","R","T","M","E","M","E","M","R","B",null,"M","?","$","M","$","R","?","E","T","E","$","T","M","M","R","B",null,"M","$","?","$","M","E","?","E","T","M","?","E","?","E","R","B","B"],"character_chosen":"IRONCLAD","items_purchased":["Membership Card","Thread and Needle","HandOfGreed","Apotheosis","Transmutation","Frozen Egg 2","Vajra","Feel No Pain+1"],"campfire_rested":3,"item_purchase_floors":[22,22,22,28,36,38,38,38],"current_hp_per_floor":[60,64,64,64,63,63,56,56,56,54,60,66,55,61,61,27,63,54,54,54,35,35,57,57,37,37,7,7,7,7,7,29,56,70,75,75,75,75,75,69,69,45,45,42,42,42,42,60,83,83,82],"gold":898,"neow_bonus":"ONE_RANDOM_RARE_CARD","is_prod":false,"is_daily":false,"chose_seed":false,"campfire_upgraded":3,"win_rate":0,"timestamp":1537682849,"path_taken":["M","M","?","M","?","R","?","R","T","M","E","M","E","M","R","BOSS","M","?","$","M","$","R","?","E","T","E","?","?","?","M","R","BOSS","M","$","?","$","?","E","?","E","T","M","?","E","?","E","R","BOSS","BOSS"],"build_version":"2018-09-20","purchased_purges":2,"victory":true,"max_hp_per_floor":[75,75,75,75,75,75,75,75,75,75,75,75,75,75,75,75,75,75,75,75,75,75,75,75,75,75,75,75,75,75,75,75,75,75,75,75,75,75,75,78,78,78,78,78,78,78,78,83,83,83,83],"card_choices":[{"not_picked":["Armaments","Dual Wield"],"picked":"Flex","floor":1},{"not_picked":["Combust","Thunderclap","Flex"],"picked":"SKIP","floor":2},{"not_picked":["Clash","Headbutt"],"picked":"Shockwave","floor":4},{"not_picked":["True Grit","Ghostly Armor"],"picked":"Power Through","floor":5},{"not_picked":["Cleave","Reckless Charge","Heavy Blade"],"picked":"SKIP","floor":10},{"not_picked":["Cleave","Reckless Charge","Heavy Blade"],"picked":"SKIP","floor":10},{"not_picked":["Dark Embrace","Intimidate"],"picked":"Sword Boomerang","floor":11},{"not_picked":["Flex","Warcry"],"picked":"Perfected Strike","floor":12},{"not_picked":["Ghostly Armor","Wild Strike"],"picked":"Headbutt","floor":13},{"not_picked":["Iron Wave","Anger"],"picked":"Shrug It Off","floor":14},{"not_picked":["Reaper","Feed"],"picked":"Offering","floor":16},{"not_picked":["Wild Strike","Flex"],"picked":"Havoc+1","floor":18},{"not_picked":["Warcry","True Grit"],"picked":"Disarm","floor":21},{"not_picked":["Seeing Red","Rampage"],"picked":"Double Tap","floor":25},{"not_picked":["Feel No Pain","Headbutt","Dropkick"],"picked":"SKIP","floor":27},{"not_picked":["Heavy Blade","Thunderclap"],"picked":"Corruption","floor":30},{"not_picked":["Sword Boomerang","Twin Strike"],"picked":"Carnage+1","floor":31},{"not_picked":["Impervious","Dark Embrace"],"picked":"Exhume","floor":33},{"not_picked":["Armaments","Metallicize","Flex+1"],"picked":"SKIP","floor":35},{"not_picked":["Armaments","Metallicize","Flex+1"],"picked":"SKIP","floor":35},{"not_picked":["Pommel Strike","Armaments+1","Iron Wave+1"],"picked":"SKIP","floor":39},{"not_picked":["Combust+1","Clash+1","Rampage"],"picked":"SKIP","floor":40},{"not_picked":["Headbutt","Evolve+1","Clothesline"],"picked":"SKIP","floor":42},{"not_picked":["Burning Pact","Thunderclap"],"picked":"Reaper","floor":44},{"not_picked":["Master of Strategy","Jack Of All Trades"],"picked":"Magnetism+1","floor":45},{"not_picked":["Seeing Red","Twin Strike","Cleave"],"picked":"SKIP","floor":46},{"not_picked":["Anger","Flex+1","Clash"],"picked":"SKIP","floor":48}],"player_experience":1640943,"relics_obtained":[{"floor":9,"key":"Ancient Tea Set"},{"floor":11,"key":"MawBank"},{"floor":13,"key":"Art of War"},{"floor":25,"key":"Champion Belt"},{"floor":26,"key":"Bottled Flame"},{"floor":27,"key":"Dead Branch"},{"floor":29,"key":"Orichalcum"},{"floor":40,"key":"PreservedInsect"},{"floor":42,"key":"Lantern"},{"floor":43,"key":"Gremlin Horn"},{"floor":46,"key":"Red Skull"},{"floor":48,"key":"Pen Nib"}],"event_choices":[{"event_name":"Liars Game","player_choice":"disagreed","floor":3,"damage_taken":0},{"event_name":"Golden Wing","player_choice":"Card Removal","floor":7,"damage_taken":0},{"event_name":"The Library","player_choice":"Read","floor":19,"damage_taken":0},{"event_name":"Masked Bandits","player_choice":"Paid Fearfully","floor":24,"damage_taken":0},{"event_name":"MindBloom","player_choice":"Gold","floor":37,"damage_taken":0},{"event_name":"Falling","player_choice":"Removed Attack","floor":41,"damage_taken":0},{"event_name":"SensoryStone","player_choice":"Memory 1","floor":45,"damage_taken":0},{"event_name":"Upgrade Shrine","player_choice":"Upgraded","floor":47,"damage_taken":0}],"is_beta":false,"boss_relics":[{"not_picked":["Fusion Hammer","Astrolabe"],"picked":"Mark of Pain"},{"not_picked":["Eternal Feather","Empty Cage"],"picked":"Snecko Eye"}],"items_purged_floors":[36,38],"is_endless":false,"potions_floor_spawned":[1,4,10,11,18,21,27,33,39,42,44,48],"ascension_level":20}