{"gold_per_floor":[12,12,12,32,48,48,78,78,102,27,46,46,56,36,36,36,36,110,110,127,127,5,16,16,16,48,48,75,102,115,15,30,40,40,116,116,136,147,147,162,172,205,216,251,251,251,277,277,95,95,107,120,120,120,120,120,120,41,74,74],"floor_reached":61,"playtime":3903,"items_purged":["Strike_B","Amplify","Ball Lightning"],"score":3348,"play_id":"6116c8f0-c4c6-440f-a6d9-4c9f2d58caf3","local_time":"20190417195359","is_ascension_mode":true,"campfire_choices":[{"data":"BasicCrystalCard","floor":6.0,"key":"SMITH"},{"data":"Zap","floor":8.0,"key":"SMITH"},{"floor":12.0,"key":"REST"},{"data":"Mirror Shield","floor":25.0,"key":"SMITH"},{"data":"ReplayTheSpireMod:Calculation Training","floor":27.0,"key":"SMITH"},{"data":"Rainbow","floor":34.0,"key":"SMITH"},{"data":"Fission","floor":48.0,"key":"SMITH"},{"floor":53.0,"key":"RECALL"},{"data":"Apotheosis","floor":57.0,"key":"SMITH"}],"neow_cost":"NO_GOLD","seed_source_timestamp":3589010249400,"circlet_count":0,"master_deck":["AscendersBane","Defend_B+1","Defend_B+1","Zap+1","Dualcast","BasicCrystalCard+1","ReplayTheSpireMod:Calculation Training+1","Auto Shields+1","Mirror Shield+1","Glacier","Turbo","Hologram","Chill+1","Rainbow+1","Fission+1","Coolheaded","Multi-Cast","Apotheosis+1","Enlightenment","Barrage","Crystallizer"],"special_seed":0,"relics":["Cracked Core","Gambling Chip","DataDisk","Omamori","Replay:Drink Me","Happy Flower","Pear","Art of War","Simple Rune","Nuclear Battery","Blue Candle","Mango","Centennial Puzzle"],"potions_floor_usage":[60],"damage_taken":[{"damage":2.0,"enemies":"2 Louse","floor":1.0,"turns":3.0},{"damage":12.0,"enemies":"Small Slimes","floor":4.0,"turns":2.0},{"damage":2.0,"enemies":"Jaw Worm","floor":5.0,"turns":3.0},{"damage":13.0,"enemies":"Lagavulin","floor":7.0,"turns":7.0},{"damage":31.0,"enemies":"Large Slime","floor":11.0,"turns":6.0},{"damage":8.0,"enemies":"Red Slaver","floor":13.0,"turns":3.0},{"damage":0.0,"enemies":"The Guardian","floor":18.0,"turns":9.0},{"damage":3.0,"enemies":"Shell Parasite","floor":20.0,"turns":6.0},{"damage":3.0,"enemies":"2 Thieves","floor":23.0,"turns":4.0},{"damage":0.0,"enemies":"Book of Stabbing","floor":26.0,"turns":4.0},{"damage":0.0,"enemies":"Slavers","floor":29.0,"turns":5.0},{"damage":0.0,"enemies":"Snecko","floor":30.0,"turns":4.0},{"damage":0.0,"enemies":"Snake Plant","floor":32.0,"turns":4.0},{"damage":6.0,"enemies":"Chosen and Byrds","floor":33.0,"turns":5.0},{"damage":0.0,"enemies":"Automaton","floor":35.0,"turns":10.0},{"damage":1.0,"enemies":"3 Shapes","floor":37.0,"turns":4.0},{"damage":0.0,"enemies":"Orb Walker","floor":38.0,"turns":3.0},{"damage":0.0,"enemies":"Sphere and 2 Shapes","floor":40.0,"turns":4.0},{"damage":7.0,"enemies":"Spire Growth","floor":41.0,"turns":5.0},{"damage":0.0,"enemies":"R_Hoarder","floor":42.0,"turns":14.0},{"damage":11.0,"enemies":"Writhing Mass","floor":43.0,"turns":5.0},{"damage":3.0,"enemies":"Reptomancer","floor":44.0,"turns":6.0},{"damage":0.0,"enemies":"Sphere and 2 Shapes","floor":51.0,"turns":6.0},{"damage":0.0,"enemies":"4 Shapes","floor":52.0,"turns":5.0},{"damage":0.0,"enemies":"Awakened One","floor":54.0,"turns":12.0},{"damage":0.0,"enemies":"Donu and Deca","floor":55.0,"turns":10.0},{"damage":0.0,"enemies":"Shield and Spear","floor":59.0,"turns":6.0},{"damage":56,"enemies":"The Heart","floor":60,"turns":13}],"seed_played":"-3225983652361680741","potions_obtained":[{"floor":4.0,"key":"Doom Potion"},{"floor":5.0,"key":"Toxic Potion"},{"floor":13.0,"key":"PowerPotion"},{"floor":14.0,"key":"GamblersBrew"},{"floor":18.0,"key":"Swift Potion"},{"floor":30.0,"key":"SpeedPotion"},{"floor":33.0,"key":"Milkshake"},{"floor":38.0,"key":"Explosive Potion"}],"is_trial":false,"path_per_floor":["M","?","?","M","M","R","E","R","T","$","M","R","M","?","PTL","PTL","R","B",null,"M","?","$","M","?","R","E","R","T","E","M","$","M","M","R","B",null,"M","M","?","M","M","E","M","E","PTL","PTL","T","R","$","?","M","M","R","B","B",null,"R","$","E","B",null],"character_chosen":"DEFECT","items_purchased":["Glacier","Elixir","Swift Potion","Crystallizer"],"campfire_rested":1,"item_purchase_floors":[22,22,49,58],"current_hp_per_floor":[62,62,62,50,48,48,35,35,35,35,4,25,17,17,17,17,38,38,50,47,47,47,44,44,44,54,54,54,54,54,54,54,48,48,48,60,59,59,59,59,52,52,41,52,52,52,52,52,52,47,47,47,47,47,47,68,68,68,68,12],"gold":74,"neow_bonus":"ONE_RARE_RELIC","is_prod":false,"is_daily":false,"chose_seed":false,"campfire_upgraded":7,"win_rate":0,"timestamp":1555502039,"path_taken":["M","?","?","M","M","R","E","R","T","?","M","R","M","?","PTL","PTL","R","BOSS","M","?","$","M","?","R","E","R","T","E","M","?","M","?","R","BOSS","M","M","?","M","M","E","M","E","PTL","PTL","T","R","$","?","M","M","R","BOSS","BOSS","R","$","E","BOSS"],"build_version":"2019-01-23","purchased_purges":3,"victory":true,"max_hp_per_floor":[71,71,71,71,71,71,71,71,71,71,71,71,71,71,71,71,71,71,54,54,54,54,54,54,54,64,64,64,64,64,64,64,64,64,64,64,64,64,61,61,61,61,61,75,75,75,75,75,75,75,75,75,75,75,75,75,75,75,75,75],"card_choices":[{"not_picked":["Coolheaded","ReplayGash"],"picked":"Ball Lightning","floor":1.0},{"not_picked":["Hologram","Ball Lightning"],"picked":"BasicCrystalCard","floor":4.0},{"not_picked":["Steam","Force Field","Double Energy"],"picked":"SKIP","floor":5.0},{"not_picked":["BasicCrystalCard","Stack","Melter"],"picked":"SKIP","floor":7.0},{"not_picked":["FTL","Turbo"],"picked":"ReplayTheSpireMod:Calculation Training","floor":11.0},{"not_picked":["Steam","Go for the Eyes"],"picked":"Auto Shields","floor":13.0},{"not_picked":["Biased Cognition","Core Surge"],"picked":"Mirror Shield","floor":18.0},{"not_picked":["Sweeping Beam","Leap","Skim"],"picked":"SKIP","floor":20.0},{"not_picked":["Sweeping Beam","Beam Cell+1"],"picked":"Turbo","floor":23.0},{"not_picked":["Barrage","Double Energy"],"picked":"Hologram","floor":26.0},{"not_picked":["BasicCrystalCard","ReplayTheSpireMod:Calculation Training"],"picked":"Chill+1","floor":29.0},{"not_picked":["BasicCrystalCard","FTL"],"picked":"Rainbow","floor":30.0},{"not_picked":["Turbo","Stack+1","Conserve Battery+1"],"picked":"SKIP","floor":32.0},{"not_picked":["Redo","Chill","Time Bomb"],"picked":"SKIP","floor":33.0},{"not_picked":["Seek","Creative AI"],"picked":"Fission","floor":35.0},{"not_picked":["Sweeping Beam","Cold Snap","ReplayTheSpireMod:Repulse"],"picked":"SKIP","floor":37.0},{"not_picked":["Rebound","Compile Driver"],"picked":"Coolheaded","floor":38.0},{"not_picked":["Lockon","ReplayTheSpireMod:System Scan","Capacitor"],"picked":"SKIP","floor":40.0},{"not_picked":["Melter+1","Gash","Storm"],"picked":"SKIP","floor":41.0},{"not_picked":["Gash","Redo"],"picked":"Multi-Cast","floor":42.0},{"not_picked":["FIFO Queue","Sweeping Beam+1","Cold Snap+1"],"picked":"SKIP","floor":43.0},{"not_picked":["FIFO Queue","Sweeping Beam+1","Cold Snap+1"],"picked":"SKIP","floor":43.0},{"not_picked":["Steam","ReplayTheSpireMod:Reroute Power","BootSequence"],"picked":"SKIP","floor":44.0},{"not_picked":["Swift Strike","Enlightenment"],"picked":"Apotheosis","floor":50.0},{"not_picked":["PanicButton","Swift Strike"],"picked":"Enlightenment","floor":50.0},{"not_picked":["BasicCrystalCard","Turbo","Streamline"],"picked":"SKIP","floor":51.0},{"not_picked":["Gash+1","Genetic Algorithm+1"],"picked":"Barrage","floor":52.0},{"not_picked":["ReplaySolidLightProjector","Coolheaded","Panic Button"],"picked":"SKIP","floor":59.0}],"player_experience":2993429,"relics_obtained":[{"floor":7.0,"key":"DataDisk"},{"floor":9.0,"key":"Omamori"},{"floor":26.0,"key":"Pear"},{"floor":28.0,"key":"Art of War"},{"floor":29.0,"key":"Simple Rune"},{"floor":42.0,"key":"Blue Candle"},{"floor":44.0,"key":"Mango"},{"floor":59.0,"key":"Centennial Puzzle"}],"event_choices":[{"damage_healed":0.0,"max_hp_gain":0.0,"max_hp_loss":0.0,"gold_gain":0.0,"cards_transformed":["Strike_B"],"event_name":"Living Wall","player_choice":"Change","floor":2.0,"gold_loss":0.0,"damage_taken":0.0,"cards_obtained":["Amplify"]},{"damage_healed":0.0,"max_hp_gain":0.0,"max_hp_loss":0.0,"gold_gain":0.0,"event_name":"The Cleric","player_choice":"Leave","floor":3.0,"gold_loss":0.0,"damage_taken":0.0},{"damage_healed":0.0,"max_hp_gain":0.0,"max_hp_loss":0.0,"gold_gain":0.0,"event_name":"The Woman in Blue","player_choice":"Bought 1 Potion","floor":14.0,"gold_loss":0.0,"damage_taken":0.0},{"damage_healed":0.0,"max_hp_gain":0.0,"max_hp_loss":0.0,"gold_gain":0.0,"event_name":"Addict","player_choice":"Stole Relic","floor":21.0,"gold_loss":0.0,"damage_taken":0.0,"relics_obtained":["Happy Flower"],"cards_obtained":["Shame"]},{"cards_removed":["Defend_B"],"damage_healed":0.0,"max_hp_gain":0.0,"max_hp_loss":0.0,"gold_gain":0.0,"event_name":"Back to Basics","player_choice":"Elegance","floor":24.0,"gold_loss":0.0,"damage_taken":0.0},{"damage_healed":0.0,"max_hp_gain":0.0,"max_hp_loss":3.0,"gold_gain":0.0,"event_name":"Winding Halls","player_choice":"Max HP","floor":39.0,"gold_loss":0.0,"damage_taken":0.0},{"damage_healed":0.0,"max_hp_gain":0.0,"max_hp_loss":0.0,"gold_gain":0.0,"event_name":"SensoryStone","player_choice":"Memory 2","floor":50.0,"gold_loss":0.0,"damage_taken":5.0}],"is_beta":false,"boss_relics":[{"not_picked":["Abe\u0027s Treasure","FrozenCore"],"picked":"Replay:Drink Me"},{"not_picked":["Eternal Feather","Philosopher\u0027s Stone"],"picked":"Nuclear Battery"}],"items_purged_floors":[10,31,49],"is_endless":false,"potions_floor_spawned":[4,5,13,18,26,30,33,38,40,42,52],"ascension_level":20}