{"gold_per_floor":[211,222,232,242,256,256,282,282,282,296,72,87,87,107,107,183,183,198,198,214,226,242,242,273,273,296,324,337,347,347,347,347,426,426,440,459,6,6,20,20,40,59,132,152,152,152,152,165,165,165],"floor_reached":50,"playtime":2906,"items_purged":["Strike_R","Strike_R"],"score":930,"play_id":"3dbb3d07-4989-4fc7-b032-e767995edcbb","local_time":"20180725201558","is_ascension_mode":true,"campfire_choices":[{"data":"Searing Blow","floor":6.0,"key":"SMITH"},{"data":"Searing Blow+1","floor":8.0,"key":"SMITH"},{"data":"Searing Blow+2","floor":15.0,"key":"SMITH"},{"floor":23.0,"key":"REST"},{"floor":25.0,"key":"REST"},{"data":"Searing Blow+3","floor":30.0,"key":"SMITH"},{"data":"Searing Blow+4","floor":32.0,"key":"SMITH"},{"data":"Searing Blow+5","floor":40.0,"key":"SMITH"},{"data":"Searing Blow+6","floor":45.0,"key":"SMITH"},{"data":"Searing Blow+7","floor":47.0,"key":"SMITH"},{"data":"Searing Blow+8","floor":49.0,"key":"SMITH"}],"neow_cost":"NONE","seed_source_timestamp":43376242949332,"circlet_count":0,"master_deck":["Strike_R","Strike_R","Strike_R","Defend_R","Defend_R","Defend_R","Defend_R","Bash","AscendersBane","Pommel Strike","Headbutt","Searing Blow+9","Shockwave","Headbutt","Offering","Shrug It Off","Warcry","Metallicize+1","Shrug It Off","Pommel Strike+1","True Grit","Rage","Dark Shackles","True Grit+1","Shrug It Off+1","Shrug It Off+1","Fire Breathing+1"],"special_seed":0,"relics":["Burning Blood","Paper Frog","Frozen Egg 2","Bag of Preparation","Sozu","Champion Belt","Bag of Marbles","Mummified Hand","Mark of Pain","Pantograph","Bottled Flame"],"potions_floor_usage":[],"damage_taken":[{"damage":10.0,"enemies":"Small Slimes","floor":1.0,"turns":4.0},{"damage":6.0,"enemies":"Cultist","floor":2.0,"turns":3.0},{"damage":2.0,"enemies":"Jaw Worm","floor":3.0,"turns":3.0},{"damage":9.0,"enemies":"Blue Slaver","floor":4.0,"turns":5.0},{"damage":13.0,"enemies":"2 Fungi Beasts","floor":5.0,"turns":4.0},{"damage":25.0,"enemies":"Lagavulin","floor":7.0,"turns":5.0},{"damage":11.0,"enemies":"Lots of Slimes","floor":10.0,"turns":3.0},{"damage":0.0,"enemies":"Large Slime","floor":12.0,"turns":3.0},{"damage":8.0,"enemies":"Blue Slaver","floor":14.0,"turns":3.0},{"damage":41.0,"enemies":"Hexaghost","floor":16.0,"turns":8.0},{"damage":20.0,"enemies":"2 Thieves","floor":18.0,"turns":3.0},{"damage":5.0,"enemies":"3 Byrds","floor":20.0,"turns":4.0},{"damage":9.0,"enemies":"3 Cultists","floor":21.0,"turns":3.0},{"damage":28.0,"enemies":"Snake Plant","floor":22.0,"turns":3.0},{"damage":24.0,"enemies":"Gremlin Leader","floor":24.0,"turns":4.0},{"damage":15.0,"enemies":"Slavers","floor":27.0,"turns":6.0},{"damage":11.0,"enemies":"Sentry and Sphere","floor":28.0,"turns":4.0},{"damage":0.0,"enemies":"Centurion and Healer","floor":29.0,"turns":5.0},{"damage":29.0,"enemies":"Collector","floor":33.0,"turns":5.0},{"damage":5.0,"enemies":"3 Shapes","floor":35.0,"turns":2.0},{"damage":0.0,"enemies":"Orb Walker","floor":36.0,"turns":3.0},{"damage":5.0,"enemies":"3 Darklings","floor":39.0,"turns":7.0},{"damage":5.0,"enemies":"Maw","floor":41.0,"turns":4.0},{"damage":15.0,"enemies":"Transient","floor":42.0,"turns":5.0},{"damage":5.0,"enemies":"4 Shapes","floor":44.0,"turns":4.0},{"damage":5.0,"enemies":"3 Darklings","floor":48.0,"turns":2.0},{"damage":88,"enemies":"Awakened One","floor":50,"turns":6}],"seed_played":"-5418051767071272733","potions_obtained":[{"floor":1.0,"key":"Poison Potion"},{"floor":2.0,"key":"Regen Potion"},{"floor":3.0,"key":"FearPotion"},{"floor":7.0,"key":"Explosive Potion"},{"floor":16.0,"key":"Swift Potion"}],"is_trial":false,"path_per_floor":["M","M","M","M","M","R","E","R","T","M","$","M","?","M","R","B",null,"M","?","M","M","M","R","E","R","T","E","M","M","R","?","R","B",null,"M","M","$","?","M","R","M","M","T","M","R","?","R","M","R"],"character_chosen":"IRONCLAD","items_purchased":["Bag of Preparation","Dark Shackles","Pantograph"],"campfire_rested":2,"item_purchase_floors":[11,37,37],"current_hp_per_floor":[64,64,68,65,58,58,39,39,39,34,34,40,45,43,43,8,62,48,48,49,46,24,48,42,66,66,57,52,58,58,58,58,35,69,70,76,76,76,77,77,78,69,69,70,70,70,70,71,71,0],"gold":165,"neow_bonus":"HUNDRED_GOLD","is_prod":false,"is_daily":false,"chose_seed":false,"campfire_upgraded":9,"win_rate":0,"timestamp":1532574958,"path_taken":["M","M","M","M","M","R","E","R","T","M","$","M","?","M","R","BOSS","M","?","M","M","M","R","E","R","T","E","M","M","R","?","R","BOSS","M","M","$","?","M","R","M","M","T","M","R","?","R","?","R","BOSS"],"build_version":"2018-07-19v2","purchased_purges":2,"victory":false,"max_hp_per_floor":[75,75,75,75,75,75,75,75,75,75,75,75,80,80,80,80,80,80,80,80,80,80,80,80,80,80,80,80,80,80,80,80,80,80,80,80,80,80,80,80,80,80,80,80,80,80,80,80,80,80],"card_choices":[{"not_picked":["Sever Soul","Entrench"],"picked":"Pommel Strike","floor":1.0},{"not_picked":["Disarm","Burning Pact"],"picked":"Headbutt","floor":2.0},{"not_picked":["Warcry","Cleave"],"picked":"Searing Blow","floor":3.0},{"not_picked":["Sword Boomerang","Dropkick"],"picked":"Shockwave","floor":4.0},{"not_picked":["Second Wind","Spot Weakness","Hemokinesis"],"picked":"SKIP","floor":5.0},{"not_picked":["Feel No Pain","Havoc","Warcry"],"picked":"SKIP","floor":7.0},{"not_picked":["Iron Wave","Seeing Red"],"picked":"Anger","floor":10.0},{"not_picked":["Perfected Strike","Warcry"],"picked":"Headbutt","floor":12.0},{"not_picked":["Uppercut","Heavy Blade","Second Wind"],"picked":"SKIP","floor":14.0},{"not_picked":["Juggernaut+1","Barricade+1"],"picked":"Offering","floor":16.0},{"not_picked":["Sword Boomerang","Thunderclap+1"],"picked":"Shrug It Off","floor":18.0},{"not_picked":["Perfected Strike","Inflame+1","Havoc"],"picked":"SKIP","floor":20.0},{"not_picked":["Perfected Strike","Twin Strike"],"picked":"Warcry","floor":21.0},{"not_picked":["Inflame+1","Rampage"],"picked":"Metallicize+1","floor":22.0},{"not_picked":["Havoc","Reckless Charge","Barricade+1"],"picked":"SKIP","floor":24.0},{"not_picked":["Cleave","Perfected Strike"],"picked":"Shrug It Off","floor":27.0},{"not_picked":["Uppercut","Warcry"],"picked":"Pommel Strike+1","floor":28.0},{"not_picked":["Perfected Strike","Thunderclap","Iron Wave"],"picked":"SKIP","floor":29.0},{"not_picked":["Rupture+1","Havoc"],"picked":"True Grit","floor":35.0},{"not_picked":["Iron Wave+1","Anger"],"picked":"Rage","floor":36.0},{"not_picked":["Shockwave","Uppercut"],"picked":"True Grit+1","floor":39.0},{"not_picked":["Havoc+1","Intimidate","Hemokinesis"],"picked":"SKIP","floor":41.0},{"not_picked":["Cleave","Corruption+1"],"picked":"Shrug It Off+1","floor":42.0},{"not_picked":["Power Through+1","Armaments"],"picked":"Shrug It Off+1","floor":44.0},{"not_picked":["Clothesline","Second Wind"],"picked":"Fire Breathing+1","floor":48.0}],"player_experience":895734,"relics_obtained":[{"floor":7.0,"key":"Paper Frog"},{"floor":9.0,"key":"Frozen Egg 2"},{"floor":24.0,"key":"Champion Belt"},{"floor":26.0,"key":"Bag of Marbles"},{"floor":27.0,"key":"Mummified Hand"},{"floor":43.0,"key":"Bottled Flame"}],"event_choices":[{"event_name":"Big Fish","player_choice":"Donut","floor":13.0,"damage_taken":0.0},{"event_name":"Vampires","player_choice":"Ignored","floor":19.0,"damage_taken":0.0},{"event_name":"Match and Keep!","player_choice":"0 cards matched","floor":31.0,"damage_taken":0.0},{"event_name":"Mysterious Sphere","player_choice":"Ignore","floor":38.0,"damage_taken":0.0},{"event_name":"Falling","player_choice":"Removed Attack","floor":46.0,"damage_taken":0.0}],"is_beta":false,"boss_relics":[{"not_picked":["Black Star","Ectoplasm"],"picked":"Sozu"},{"not_picked":["Snecko Eye","Runic Pyramid"],"picked":"Mark of Pain"}],"items_purged_floors":[11,37],"is_endless":false,"potions_floor_spawned":[1,2,3,4,7,16,18,21,22,27,29,33,35,39,44],"killed_by":"Awakened One","ascension_level":15}