{"gold_per_floor":[360,374,177,192,208,208,226,226,302,377,377,393,393,428,428,524,524,524,799,816,593,612,612,612,612,658,686,686,686,686,704,704,804,804,815,815,825,841,851,851,868,868],"floor_reached":42,"playtime":2610,"items_purged":["Regret"],"score":466,"play_id":"d3190e7b-34fa-405a-a9fd-69eeb144733b","local_time":"20190328004107","is_ascension_mode":true,"campfire_choices":[{"data":"Apotheosis","floor":6,"key":"SMITH"},{"data":"Flame Barrier","floor":8,"key":"SMITH"},{"floor":13,"key":"REST"},{"data":"Rampage","floor":15,"key":"SMITH"},{"floor":23,"key":"REST"},{"floor":28,"key":"REST"},{"data":"Searing Blow","floor":30,"key":"SMITH"},{"floor":32,"key":"REST"},{"floor":40,"key":"REST"}],"neow_cost":"PERCENT_DAMAGE","seed_source_timestamp":39134562319998,"circlet_count":0,"master_deck":["Strike_R","Strike_R","Strike_R","Strike_R","Strike_R","Defend_R","Defend_R","Defend_R","Defend_R","Bash","Thunderclap","Flame Barrier+1","Apotheosis+1","Rampage+1","Demon Form","Rage","Double Tap","Searing Blow+1","Flame Barrier+1","Ghostly Armor+1"],"relics":["Burning Blood","Kunai","Prayer Wheel","Busted Crown","Oddly Smooth Stone","Blood Vial","Regal Pillow","Philosopher\u0027s Stone"],"potions_floor_usage":[18,20,24,41],"damage_taken":[{"damage":3,"enemies":"Jaw Worm","floor":1,"turns":4},{"damage":0,"enemies":"2 Louse","floor":2,"turns":2},{"damage":1,"enemies":"Cultist","floor":4,"turns":4},{"damage":2,"enemies":"Looter","floor":5,"turns":4},{"damage":8,"enemies":"Red Slaver","floor":7,"turns":3},{"damage":3,"enemies":"Large Slime","floor":12,"turns":6},{"damage":12,"enemies":"Lagavulin","floor":14,"turns":7},{"damage":19,"enemies":"Slime Boss","floor":16,"turns":5},{"damage":0,"enemies":"2 Thieves","floor":18,"turns":1},{"damage":12,"enemies":"Shell Parasite","floor":20,"turns":4},{"damage":26,"enemies":"Centurion and Healer","floor":22,"turns":6},{"damage":2,"enemies":"Colosseum Slavers","floor":24,"turns":4},{"damage":22,"enemies":"Gremlin Leader","floor":27,"turns":6},{"damage":22,"enemies":"Snake Plant","floor":31,"turns":4},{"damage":71,"enemies":"Collector","floor":33,"turns":9},{"damage":43,"enemies":"3 Darklings","floor":35,"turns":5},{"damage":16,"enemies":"Orb Walker","floor":37,"turns":4},{"damage":11,"enemies":"4 Shapes","floor":38,"turns":6},{"damage":28,"enemies":"Sphere and 2 Shapes","floor":39,"turns":7},{"damage":5,"enemies":"Maw","floor":41,"turns":6},{"damage":62,"enemies":"Reptomancer","floor":42,"turns":5}],"seed_played":"2470902031806095923","potions_obtained":[{"floor":2,"key":"Strength Potion"},{"floor":7,"key":"FearPotion"},{"floor":11,"key":"Explosive Potion"},{"floor":11,"key":"SmokeBomb"},{"floor":16,"key":"AttackPotion"},{"floor":20,"key":"AttackPotion"},{"floor":35,"key":"Weak Potion"},{"floor":39,"key":"Energy Potion"}],"is_trial":false,"path_per_floor":["M","M","$","M","M","R","M","R","T","?","?","M","R","E","R","B",null,"M","?","M","$","M","R","?","?","T","E","R","?","R","M","R","B",null,"M","?","M","M","M","R","M","E"],"character_chosen":"IRONCLAD","items_purchased":["Apotheosis","Oddly Smooth Stone"],"campfire_rested":5,"item_purchase_floors":[3,21],"current_hp_per_floor":[59,65,65,70,74,74,72,72,72,61,61,64,80,74,74,61,80,80,80,74,74,54,78,80,80,80,64,80,80,80,64,80,15,80,43,43,35,32,12,51,54,0],"gold":868,"neow_bonus":"TWO_FIFTY_GOLD","is_prod":false,"is_daily":false,"chose_seed":false,"campfire_upgraded":4,"win_rate":0,"timestamp":1553733667,"path_taken":["M","M","$","M","M","R","M","R","T","?","?","?","R","E","R","BOSS","M","?","M","$","?","R","?","?","T","E","R","?","R","?","R","BOSS","M","?","M","M","M","R","M","E"],"build_version":"2019-01-23","purchased_purges":1,"victory":false,"max_hp_per_floor":[80,80,80,80,80,80,80,80,80,80,80,80,80,80,80,80,80,80,80,80,80,80,80,80,80,80,80,80,80,80,80,80,80,80,80,80,80,80,80,80,80,80],"card_choices":[{"not_picked":["Body Slam","Anger"],"picked":"Thunderclap","floor":1},{"not_picked":["Sword Boomerang","Entrench"],"picked":"Flame Barrier","floor":2},{"not_picked":["Flex","Iron Wave","Seeing Red"],"picked":"SKIP","floor":4},{"not_picked":["Corruption","Shrug It Off"],"picked":"Rampage","floor":5},{"not_picked":["Shockwave","Feel No Pain"],"picked":"Demon Form","floor":7},{"not_picked":["Hemokinesis","Fire Breathing","Sword Boomerang"],"picked":"SKIP","floor":12},{"not_picked":["Barricade","Clothesline"],"picked":"Rage","floor":14},{"not_picked":["Impervious","Offering"],"picked":"Double Tap","floor":16},{"not_picked":["Havoc"],"picked":"SKIP","floor":20},{"not_picked":["Burning Pact"],"picked":"SKIP","floor":20},{"not_picked":["Cleave"],"picked":"SKIP","floor":22},{"not_picked":["Wild Strike"],"picked":"SKIP","floor":22},{"not_picked":[],"picked":"Searing Blow","floor":27},{"not_picked":["Rage"],"picked":"SKIP","floor":31},{"not_picked":["Thunderclap"],"picked":"SKIP","floor":31},{"not_picked":["Anger+1"],"picked":"SKIP","floor":35},{"not_picked":["Thunderclap+1"],"picked":"SKIP","floor":35},{"not_picked":[],"picked":"Ghostly Armor+1","floor":37},{"not_picked":["Thunderclap+1"],"picked":"SKIP","floor":37},{"not_picked":["Cleave"],"picked":"SKIP","floor":38},{"not_picked":["Rampage+1"],"picked":"SKIP","floor":38},{"not_picked":["True Grit+1"],"picked":"SKIP","floor":39},{"not_picked":["Iron Wave+1"],"picked":"SKIP","floor":39},{"not_picked":["Clothesline"],"picked":"SKIP","floor":41},{"not_picked":["Sword Boomerang+1"],"picked":"SKIP","floor":41}],"player_experience":435151,"relics_obtained":[{"floor":9,"key":"Kunai"},{"floor":14,"key":"Prayer Wheel"},{"floor":26,"key":"Blood Vial"},{"floor":27,"key":"Regal Pillow"}],"event_choices":[{"damage_healed":0,"gold_gain":75,"player_choice":"Gather Gold","damage_taken":11,"max_hp_gain":0,"max_hp_loss":0,"event_name":"World of Goop","floor":10,"gold_loss":0},{"damage_healed":0,"gold_gain":0,"player_choice":"Got Potions","damage_taken":0,"max_hp_gain":0,"max_hp_loss":0,"event_name":"Lab","floor":11,"gold_loss":0},{"damage_healed":0,"gold_gain":275,"player_choice":"Desecrate","damage_taken":0,"max_hp_gain":0,"max_hp_loss":0,"event_name":"Golden Shrine","floor":19,"gold_loss":0,"cards_obtained":["Regret"]},{"damage_healed":0,"gold_gain":0,"player_choice":"Fight","damage_taken":0,"max_hp_gain":0,"max_hp_loss":0,"event_name":"Colosseum","floor":24,"gold_loss":0},{"damage_healed":0,"gold_gain":0,"player_choice":"Fled From Nobs","damage_taken":0,"max_hp_gain":0,"max_hp_loss":0,"event_name":"Colosseum","floor":24,"gold_loss":0},{"damage_healed":0,"gold_gain":0,"player_choice":"Ignored","damage_taken":0,"max_hp_gain":0,"max_hp_loss":0,"event_name":"Vampires","floor":25,"gold_loss":0},{"damage_healed":0,"gold_gain":0,"player_choice":"Copied","damage_taken":0,"max_hp_gain":0,"max_hp_loss":0,"event_name":"Duplicator","floor":29,"gold_loss":0,"cards_obtained":["Flame Barrier"]},{"damage_healed":0,"gold_gain":0,"player_choice":"Memory 1","damage_taken":0,"max_hp_gain":0,"max_hp_loss":0,"event_name":"SensoryStone","floor":36,"gold_loss":0}],"is_beta":false,"boss_relics":[{"not_picked":["Runic Cube","Orrery"],"picked":"Busted Crown"},{"not_picked":["Fusion Hammer","White Beast Statue"],"picked":"Philosopher\u0027s Stone"}],"items_purged_floors":[21],"is_endless":false,"potions_floor_spawned":[2,7,14,16,18,20,35,39],"killed_by":"Reptomancer","ascension_level":1}