{"gold_per_floor":[119,119,138,153,153,181,193,238,273,305,347,377,406,418,430,514,526,557,579,651,682,711,756,768,797,809,831,877,344,413,428,428,505,505,522,320,381,139,154,188,238,238,238,264,334,359,359,373,373,373],"floor_reached":51,"playtime":2716,"items_purged":["Anger","Strike_R"],"score":1596,"play_id":"eb8740f4-689a-4871-93cf-0a133c5b8674","local_time":"20190327134148","is_ascension_mode":true,"campfire_choices":[{"data":"Bash","floor":7.0,"key":"SMITH"},{"floor":15.0,"key":"REST"},{"floor":24.0,"key":"REST"},{"floor":32,"key":"REST"},{"data":"Demon Form","floor":42,"key":"SMITH"},{"data":"Limit Break","floor":47,"key":"SMITH"},{"floor":49,"key":"REST"}],"neow_cost":"NONE","seed_source_timestamp":20401298399920,"circlet_count":0,"master_deck":["AscendersBane","Strike_R","Strike_R","Strike_R","Defend_R","Defend_R","Defend_R","Defend_R","Bash+1","Feel No Pain","Whirlwind","Headbutt","Immolate","Armaments","Corruption","Havoc","Limit Break+1","Shrug It Off","Body Slam+1","Feel No Pain","True Grit","Battle Trance","Second Wind+1","Offering","Shrug It Off+1","Feel No Pain","Warcry","Fiend Fire","Clothesline","Disarm","Shrug It Off","Shockwave","Clothesline+1","Demon Form+1","Disarm","Thunderclap+1","Shrug It Off","Clothesline+1","Flame Barrier+1"],"special_seed":0,"relics":["Burning Blood","Lantern","MawBank","Pen Nib","Potion Belt","Anchor","SsserpentHead","Snecko Eye","Regal Pillow","Happy Flower","Art of War","War Paint","Bronze Scales","Philosopher\u0027s Stone","Chemical X","Molten Egg 2","Orichalcum","Dream Catcher","Kunai"],"potions_floor_usage":[33,36,40,45,46,46,50,50],"damage_taken":[{"damage":9.0,"enemies":"Jaw Worm","floor":1.0,"turns":5.0},{"damage":3.0,"enemies":"Small Slimes","floor":3.0,"turns":5.0},{"damage":11.0,"enemies":"Cultist","floor":4.0,"turns":4.0},{"damage":32.0,"enemies":"Lagavulin","floor":6.0,"turns":8.0},{"damage":17.0,"enemies":"3 Sentries","floor":8.0,"turns":3.0},{"damage":13.0,"enemies":"Blue Slaver","floor":10.0,"turns":3.0},{"damage":5.0,"enemies":"Lagavulin","floor":11.0,"turns":4.0},{"damage":0.0,"enemies":"Lots of Slimes","floor":12.0,"turns":1.0},{"damage":0.0,"enemies":"Red Slaver","floor":13.0,"turns":3.0},{"damage":40.0,"enemies":"The Guardian","floor":16.0,"turns":10.0},{"damage":3.0,"enemies":"Chosen","floor":18.0,"turns":5.0},{"damage":24.0,"enemies":"2 Thieves","floor":19.0,"turns":5.0},{"damage":3.0,"enemies":"Sentry and Sphere","floor":20.0,"turns":5.0},{"damage":14.0,"enemies":"3 Cultists","floor":21.0,"turns":4.0},{"damage":13.0,"enemies":"Snecko","floor":22.0,"turns":4.0},{"damage":0.0,"enemies":"Gremlin Leader","floor":23.0,"turns":4.0},{"damage":49.0,"enemies":"Snake Plant","floor":25.0,"turns":7.0},{"damage":9.0,"enemies":"Shelled Parasite and Fungi","floor":27.0,"turns":5.0},{"damage":0.0,"enemies":"Slavers","floor":28.0,"turns":4.0},{"damage":2.0,"enemies":"Centurion and Healer","floor":30.0,"turns":7.0},{"damage":11,"enemies":"Chosen and Byrds","floor":31,"turns":5},{"damage":27,"enemies":"Collector","floor":33,"turns":9},{"damage":6,"enemies":"Orb Walker","floor":35,"turns":3},{"damage":6,"enemies":"3 Shapes","floor":37,"turns":5},{"damage":6,"enemies":"Writhing Mass","floor":39,"turns":6},{"damage":0,"enemies":"Giant Head","floor":40,"turns":6},{"damage":17,"enemies":"Reptomancer","floor":44,"turns":8},{"damage":25,"enemies":"Transient","floor":45,"turns":5},{"damage":27,"enemies":"Nemesis","floor":46,"turns":7},{"damage":0,"enemies":"Maw","floor":48,"turns":6},{"damage":7,"enemies":"Donu and Deca","floor":50,"turns":6}],"seed_played":"5138201908003603640","potions_obtained":[{"floor":0.0,"key":"EntropicBrew"},{"floor":0.0,"key":"FearPotion"},{"floor":10.0,"key":"FearPotion"},{"floor":12.0,"key":"PowerPotion"},{"floor":13.0,"key":"SteroidPotion"},{"floor":20.0,"key":"Fruit Juice"},{"floor":22.0,"key":"Poison Potion"},{"floor":27.0,"key":"Swift Potion"},{"floor":31,"key":"Strength Potion"},{"floor":33,"key":"Dexterity Potion"},{"floor":35,"key":"Swift Potion"},{"floor":40,"key":"AttackPotion"},{"floor":45,"key":"Weak Potion"},{"floor":48,"key":"Ancient Potion"}],"is_trial":false,"path_per_floor":["M","?","M","M","?","E","R","E","T","M","E","M","M","?","R","B",null,"M","M","M","M","M","E","R","M","T","M","E","$","M","M","R","B",null,"M","$","M","$","M","E","?","R","T","E","M","E","R","M","R","B",null],"character_chosen":"IRONCLAD","items_purchased":["Shrug It Off","War Paint","Feel No Pain","Fruit Juice","Bronze Scales","Regen Potion","Disarm","Shrug It Off","Chemical X"],"campfire_rested":4,"item_purchase_floors":[29,29,29,29,29,36,36,38,38],"current_hp_per_floor":[65,60,63,58,58,32,32,21,21,14,15,21,27,27,49,15,60,63,45,48,40,33,44,80,37,37,34,40,40,44,39,78,57,74,74,79,79,79,79,85,85,85,85,74,67,46,46,52,85,84],"gold":373,"neow_bonus":"THREE_SMALL_POTIONS","is_prod":false,"is_daily":false,"chose_seed":false,"campfire_upgraded":3,"win_rate":0,"timestamp":1553719308,"path_taken":["M","?","M","M","?","E","R","E","T","M","E","?","M","?","R","BOSS","M","M","?","M","M","E","R","M","T","M","E","$","?","M","R","BOSS","M","?","?","$","M","E","?","R","T","E","?","E","R","M","R","BOSS"],"build_version":"2019-01-23","purchased_purges":2,"victory":true,"max_hp_per_floor":[75,75,75,75,75,75,75,75,75,75,75,75,75,75,75,75,75,75,75,75,75,75,80,80,80,80,80,80,80,80,80,80,80,80,80,85,85,85,85,85,85,85,85,85,85,85,85,85,85,85],"card_choices":[{"not_picked":["Bloodletting","Corruption"],"picked":"Feel No Pain","floor":1.0},{"not_picked":["Armaments","Blood for Blood"],"picked":"Whirlwind","floor":3.0},{"not_picked":["Burning Pact","Warcry"],"picked":"Headbutt","floor":4.0},{"not_picked":["Power Through","Clothesline"],"picked":"Immolate","floor":6.0},{"not_picked":["Clash","Heavy Blade","Wild Strike"],"picked":"SKIP","floor":8.0},{"not_picked":["Clash","Shockwave"],"picked":"Anger","floor":10.0},{"not_picked":["Limit Break","Clothesline"],"picked":"Armaments","floor":11.0},{"not_picked":["Wild Strike","Heavy Blade"],"picked":"Corruption","floor":12.0},{"not_picked":["Heavy Blade","Combust"],"picked":"Havoc","floor":13.0},{"not_picked":["Bludgeon","Feed"],"picked":"Limit Break","floor":16.0},{"not_picked":["Havoc","Ghostly Armor+1"],"picked":"Shrug It Off","floor":18.0},{"not_picked":["Wild Strike","Iron Wave"],"picked":"Body Slam+1","floor":19.0},{"not_picked":["Thunderclap","Havoc"],"picked":"Feel No Pain","floor":20.0},{"not_picked":["Rupture+1","Thunderclap"],"picked":"True Grit","floor":21.0},{"not_picked":["Corruption","Cleave","Wild Strike"],"picked":"SKIP","floor":22.0},{"not_picked":["Bloodletting","Blood for Blood","Dropkick"],"picked":"SKIP","floor":23.0},{"not_picked":["Armaments","Sever Soul"],"picked":"Battle Trance","floor":25.0},{"not_picked":["Thunderclap","Flex"],"picked":"Second Wind","floor":27.0},{"not_picked":["Rupture","True Grit"],"picked":"Offering","floor":28.0},{"not_picked":["Evolve","Feel No Pain"],"picked":"Warcry","floor":30.0},{"not_picked":["Searing Blow","Body Slam","Armaments"],"picked":"SKIP","floor":31},{"not_picked":["Feed","Offering"],"picked":"Fiend Fire","floor":33},{"not_picked":["Dropkick","Thunderclap"],"picked":"Clothesline","floor":35},{"not_picked":["Armaments","Clothesline","Fire Breathing"],"picked":"SKIP","floor":37},{"not_picked":["Flex+1","Iron Wave"],"picked":"Shockwave","floor":39},{"not_picked":["Hemokinesis","Cleave"],"picked":"Clothesline+1","floor":40},{"not_picked":["Burning Pact","Anger+1"],"picked":"Disarm","floor":44},{"not_picked":["Pummel+1","Wild Strike+1"],"picked":"Thunderclap+1","floor":45},{"not_picked":["Rampage+1","Clothesline+1"],"picked":"Shrug It Off","floor":46},{"not_picked":["Offering","Clash+1"],"picked":"Clothesline+1","floor":48},{"not_picked":["Body Slam+1","Second Wind"],"picked":"Flame Barrier+1","floor":49}],"player_experience":2384731,"relics_obtained":[{"floor":6.0,"key":"MawBank"},{"floor":8.0,"key":"Pen Nib"},{"floor":9.0,"key":"Potion Belt"},{"floor":11.0,"key":"Anchor"},{"floor":23.0,"key":"Regal Pillow"},{"floor":26.0,"key":"Happy Flower"},{"floor":28.0,"key":"Art of War"},{"floor":40,"key":"Molten Egg 2"},{"floor":43,"key":"Orichalcum"},{"floor":44,"key":"Dream Catcher"},{"floor":46,"key":"Kunai"}],"event_choices":[{"damage_healed":0.0,"max_hp_gain":0.0,"max_hp_loss":0.0,"gold_gain":0.0,"event_name":"Scrap Ooze","player_choice":"Success","floor":2.0,"gold_loss":0.0,"damage_taken":5.0,"relics_obtained":["Lantern"]},{"cards_removed":["Strike_R"],"damage_healed":0.0,"max_hp_gain":0.0,"max_hp_loss":0.0,"gold_gain":0.0,"event_name":"Purifier","player_choice":"Purged","floor":5.0,"gold_loss":0.0,"damage_taken":0.0},{"damage_healed":0.0,"max_hp_gain":0.0,"max_hp_loss":0.0,"gold_gain":0.0,"event_name":"FaceTrader","player_choice":"Trade","floor":14.0,"gold_loss":0.0,"damage_taken":0.0,"relics_obtained":["SsserpentHead"]},{"damage_healed":0,"gold_gain":0,"player_choice":"1 cards matched","damage_taken":0,"max_hp_gain":0,"max_hp_loss":0,"event_name":"Match and Keep!","floor":41,"gold_loss":0,"cards_obtained":["Demon Form"]}],"is_beta":false,"boss_relics":[{"not_picked":["Empty Cage","Black Blood"],"picked":"Snecko Eye"},{"not_picked":["Lizard Tail","Sozu"],"picked":"Philosopher\u0027s Stone"}],"items_purged_floors":[29,36],"is_endless":false,"potions_floor_spawned":[1,10,12,13,20,22,27,31,33,35,40,45,48],"ascension_level":15}