{"gold_per_floor":[119,119,119,44,54,85,385,418,418,436,436,40,65,65,65,169,169,183,183,198,215,234,234,268,268,268,285,311,31,42,62,62,159,159,177,189,209,209,223,255,255,290,290,290,318,318,18,47,47,47],"floor_reached":51,"playtime":1495,"items_purged":["Defend_R","Strike_R","Strike_R","Strike_R"],"score":1133,"play_id":"b5e3ec2c-55f7-46a7-b016-eaa926956452","local_time":"25610720201353","is_ascension_mode":true,"campfire_choices":[{"data":"Whirlwind","floor":11,"key":"SMITH"},{"floor":15,"key":"REST"},{"data":"Thunderclap","floor":23,"key":"SMITH"},{"data":"Headbutt","floor":25,"key":"SMITH"},{"data":"Combust","floor":32,"key":"SMITH"},{"floor":46,"key":"REST"},{"floor":49,"key":"REST"}],"neow_cost":"NONE","seed_source_timestamp":31666948297593,"circlet_count":0,"master_deck":["Strike_R+1","Defend_R+1","Defend_R+1","Defend_R","Bash+1","Shrug It Off+1","Combust+1","Headbutt+1","Whirlwind+1","Flex+1","Warcry+1","Double Tap+1","Thunderclap+1","Bloodletting+1","True Grit+1","Battle Trance+1","Flex+1","Seeing Red+1","Evolve+1","Jack Of All Trades+1","Power Through+1","Writhe","Dual Wield+1"],"relics":["Burning Blood","NeowsBlessing","Boot","Blue Candle","Old Coin","Toxic Egg 2","Bottled Flame","Thread and Needle","War Paint","Mark of Pain","Singing Bowl","Ice Cream","Oddly Smooth Stone","Whetstone","Sozu","Happy Flower","Pantograph","Bottled Lightning","Bottled Tornado","Mummified Hand","Bag of Preparation","Mango"],"potions_floor_usage":[8,16,16,16,21,28,28,30,31,33,33],"damage_taken":[{"damage":0,"enemies":"Jaw Worm","floor":1,"turns":1},{"damage":0,"enemies":"Cultist","floor":5,"turns":1},{"damage":1,"enemies":"3 Sentries","floor":6,"turns":1},{"damage":34,"enemies":"Gremlin Nob","floor":8,"turns":4},{"damage":3,"enemies":"Small Slimes","floor":10,"turns":3},{"damage":37,"enemies":"Lagavulin","floor":13,"turns":6},{"damage":1,"enemies":"Slime Boss","floor":16,"turns":3},{"damage":38,"enemies":"Chosen","floor":18,"turns":5},{"damage":1,"enemies":"Spheric Guardian","floor":20,"turns":3},{"damage":0,"enemies":"3 Cultists","floor":21,"turns":1},{"damage":0,"enemies":"Snecko","floor":22,"turns":4},{"damage":0,"enemies":"Slavers","floor":24,"turns":1},{"damage":6,"enemies":"Centurion and Healer","floor":27,"turns":3},{"damage":23,"enemies":"Book of Stabbing","floor":28,"turns":3},{"damage":9,"enemies":"Slaver and Parasite","floor":30,"turns":3},{"damage":3,"enemies":"3 Cultists","floor":31,"turns":2},{"damage":54,"enemies":"Champ","floor":33,"turns":7},{"damage":9,"enemies":"3 Darklings","floor":35,"turns":2},{"damage":11,"enemies":"Orb Walker","floor":36,"turns":2},{"damage":41,"enemies":"Maw","floor":37,"turns":7},{"damage":42,"enemies":"4 Shapes","floor":39,"turns":1},{"damage":0,"enemies":"Nemesis","floor":40,"turns":4},{"damage":11,"enemies":"Giant Head","floor":42,"turns":6},{"damage":16,"enemies":"2 Orb Walkers","floor":45,"turns":2},{"damage":8,"enemies":"Giant Head","floor":48,"turns":4},{"damage":74,"enemies":"Awakened One","floor":50,"turns":8}],"seed_played":"6173621307524005097","potions_obtained":[{"floor":5,"key":"Explosive Potion"},{"floor":13,"key":"EntropicBrew"},{"floor":18,"key":"Strength Potion"},{"floor":21,"key":"EssenceOfSteel"},{"floor":22,"key":"Swift Potion"},{"floor":28,"key":"BloodPotion"},{"floor":30,"key":"Fruit Juice"},{"floor":31,"key":"Fire Potion"}],"is_trial":false,"path_per_floor":["M","?","?","$","M","E","T","E","T","M","R","$","E","?","R","B",null,"M","?","M","M","M","R","E","R","T","M","E","$","M","M","R","B",null,"M","M","M","?","M","E","?","E","T","T","E","R","$","E","R","B"],"character_chosen":"IRONCLAD","items_purchased":["Thread and Needle","Whetstone","Bag of Preparation"],"campfire_rested":3,"item_purchase_floors":[12,29,47],"current_hp_per_floor":[80,80,73,73,79,80,80,52,52,55,55,55,24,24,48,53,80,48,48,53,59,65,65,73,73,73,75,60,60,67,75,75,29,95,92,87,54,51,15,23,48,45,45,45,37,68,68,80,115,51],"gold":47,"neow_bonus":"THREE_ENEMY_KILL","is_prod":false,"is_daily":false,"chose_seed":false,"campfire_upgraded":4,"win_rate":0,"timestamp":1532092433,"path_taken":["M","?","?","$","?","E","?","E","T","M","R","$","E","?","R","BOSS","M","?","M","?","M","R","E","R","T","M","E","$","M","M","R","BOSS","M","M","M","?","M","E","?","E","T","?","E","R","$","E","R","BOSS"],"build_version":"2018-07-19v2","purchased_purges":4,"victory":true,"max_hp_per_floor":[80,80,80,80,80,80,80,80,80,80,80,80,80,80,80,80,80,80,80,80,80,80,80,82,82,82,84,86,86,88,93,93,95,95,95,95,97,99,99,101,101,103,103,103,105,105,105,119,119,119],"card_choices":[{"not_picked":["Perfected Strike","Ghostly Armor"],"picked":"Shrug It Off","floor":1},{"not_picked":["Shrug It Off","Iron Wave"],"picked":"Combust","floor":5},{"not_picked":["Iron Wave","Entrench"],"picked":"Headbutt","floor":6},{"not_picked":["Ghostly Armor","Havoc"],"picked":"Whirlwind","floor":8},{"not_picked":["Clash","Whirlwind"],"picked":"Flex+1","floor":10},{"not_picked":["Reckless Charge","Pommel Strike"],"picked":"Warcry+1","floor":13},{"not_picked":["Impervious+1","Juggernaut"],"picked":"Double Tap+1","floor":16},{"not_picked":["Reckless Charge","Perfected Strike"],"picked":"Thunderclap","floor":18},{"not_picked":["Shrug It Off+1","Anger+1"],"picked":"Bloodletting+1","floor":20},{"not_picked":["Headbutt","Body Slam"],"picked":"True Grit+1","floor":21},{"not_picked":["Cleave","Warcry+1"],"picked":"Battle Trance+1","floor":22},{"not_picked":["Second Wind+1","Pommel Strike","Clothesline+1"],"picked":"Singing Bowl","floor":24},{"not_picked":["Sever Soul","Clash","Clothesline+1"],"picked":"Singing Bowl","floor":27},{"not_picked":["Dropkick","Fire Breathing","Dark Embrace"],"picked":"Singing Bowl","floor":28},{"not_picked":["Corruption","Pommel Strike","Dropkick"],"picked":"Singing Bowl","floor":30},{"not_picked":["Entrench+1","Carnage"],"picked":"Flex+1","floor":31},{"not_picked":["Double Tap+1","Barricade","Demon Form"],"picked":"Singing Bowl","floor":33},{"not_picked":["Warcry+1","Twin Strike"],"picked":"Seeing Red+1","floor":35},{"not_picked":["Wild Strike","Headbutt"],"picked":"Evolve+1","floor":36},{"not_picked":["True Grit+1","Pommel Strike+1","Sever Soul"],"picked":"Singing Bowl","floor":37},{"not_picked":["Panache","Mind Blast"],"picked":"Jack Of All Trades+1","floor":38},{"not_picked":["Good Instincts+1","Transmutation+1","Jack Of All Trades+1"],"picked":"Singing Bowl","floor":38},{"not_picked":["Inflame","Anger+1"],"picked":"Power Through+1","floor":39},{"not_picked":["Cleave+1","Berserk","Uppercut"],"picked":"Singing Bowl","floor":40},{"not_picked":["Havoc+1","Sword Boomerang+1","Pommel Strike"],"picked":"Singing Bowl","floor":42},{"not_picked":["Ghostly Armor+1","Clothesline+1","Thunderclap"],"picked":"Singing Bowl","floor":45},{"not_picked":["Power Through+1","Havoc+1"],"picked":"Dual Wield+1","floor":48}],"player_experience":102746,"relics_obtained":[{"floor":6,"key":"Blue Candle"},{"floor":7,"key":"Old Coin"},{"floor":8,"key":"Toxic Egg 2"},{"floor":9,"key":"Bottled Flame"},{"floor":13,"key":"War Paint"},{"floor":24,"key":"Singing Bowl"},{"floor":26,"key":"Ice Cream"},{"floor":28,"key":"Oddly Smooth Stone"},{"floor":40,"key":"Happy Flower"},{"floor":42,"key":"Pantograph"},{"floor":43,"key":"Bottled Lightning"},{"floor":44,"key":"Bottled Tornado"},{"floor":45,"key":"Mummified Hand"},{"floor":48,"key":"Mango"}],"event_choices":[{"event_name":"Accursed Blacksmith","player_choice":"Rummage","floor":2,"damage_taken":0},{"event_name":"Golden Wing","player_choice":"Card Removal","floor":3,"damage_taken":0},{"event_name":"Upgrade Shrine","player_choice":"Upgraded","floor":14,"damage_taken":0},{"event_name":"Back to Basics","player_choice":"Elegance","floor":19,"damage_taken":0},{"event_name":"SensoryStone","player_choice":"Memory 2","floor":38,"damage_taken":0},{"event_name":"Winding Halls","player_choice":"Writhe","floor":41,"damage_taken":0}],"is_beta":false,"boss_relics":[{"not_picked":["Velvet Choker","Runic Pyramid"],"picked":"Mark of Pain"},{"not_picked":["Empty Cage","White Beast Statue"],"picked":"Sozu"}],"items_purged_floors":[4,12,29,47],"is_endless":false,"potions_floor_spawned":[5,13,18,21,22,28,30,31,39,42,45,48],"ascension_level":3}