{"gold_per_floor":[113,113,388,405,422,422,453,453,453,378,396,426,326,251,251,251],"floor_reached":16,"playtime":466,"items_purged":["Regret","Strike_R"],"score":196,"play_id":"e82b4122-ee57-48cb-a989-c80a5f7e969d","local_time":"20181207172803","is_ascension_mode":true,"campfire_choices":[{"data":"Hemokinesis","floor":6.0,"key":"SMITH"},{"data":"Body Slam","floor":8.0,"key":"SMITH"},{"data":"Shrug It Off","floor":15,"key":"SMITH"}],"neow_cost":"NONE","seed_source_timestamp":3539833004592,"circlet_count":0,"master_deck":["AscendersBane","Strike_R","Strike_R","Defend_R","Defend_R","Defend_R","Defend_R","Bash","Body Slam+1","Hemokinesis+1","Impervious","Shrug It Off+1"],"special_seed":0,"relics":["Burning Blood","NeowsBlessing","Kunai"],"potions_floor_usage":[16,16],"damage_taken":[{"damage":0.0,"enemies":"2 Louse","floor":1.0,"turns":1.0},{"damage":0.0,"enemies":"Cultist","floor":4.0,"turns":1.0},{"damage":0.0,"enemies":"Jaw Worm","floor":5.0,"turns":1.0},{"damage":52.0,"enemies":"3 Sentries","floor":7.0,"turns":12.0},{"damage":8.0,"enemies":"3 Louse","floor":11.0,"turns":3.0},{"damage":36,"enemies":"Slime Boss","floor":16,"turns":6}],"seed_played":"-8605385188495626232","potions_obtained":[{"floor":1.0,"key":"Weak Potion"},{"floor":11.0,"key":"BloodPotion"}],"is_trial":false,"path_per_floor":["M","?","?","M","M","R","E","E","R","T","$","M","?","$","?","R","B"],"character_chosen":"IRONCLAD","items_purchased":[],"campfire_rested":0,"item_purchase_floors":[],"current_hp_per_floor":[74,67,67,73,75,75,29,29,29,29,27,27,27,27,27,0],"gold":251,"neow_bonus":"THREE_ENEMY_KILL","is_prod":false,"is_daily":false,"chose_seed":false,"campfire_upgraded":3,"win_rate":0,"timestamp":1544174883,"path_taken":["M","?","?","?","M","R","E","R","T","$","M","?","$","?","R","BOSS"],"build_version":"2018-12-06","purchased_purges":2,"victory":false,"max_hp_per_floor":[75,75,75,75,75,75,75,75,75,75,75,75,75,75,75,75],"card_choices":[{"not_picked":["Uppercut","Clothesline"],"picked":"Body Slam","floor":1.0},{"not_picked":["Dropkick","Body Slam","Hemokinesis"],"picked":"SKIP","floor":4.0},{"not_picked":["Dropkick","Body Slam"],"picked":"Hemokinesis","floor":4.0},{"not_picked":["Blood for Blood","Warcry"],"picked":"Impervious","floor":5.0},{"not_picked":["Bloodletting","Reaper","Clothesline"],"picked":"SKIP","floor":7.0},{"not_picked":["Havoc","Feel No Pain"],"picked":"Shrug It Off","floor":11.0}],"player_experience":2293863,"relics_obtained":[{"floor":9.0,"key":"Kunai"}],"event_choices":[{"cards_removed":["Strike_R"],"damage_healed":0.0,"max_hp_gain":0.0,"max_hp_loss":0.0,"gold_gain":0.0,"event_name":"Golden Wing","player_choice":"Card Removal","floor":2.0,"gold_loss":0.0,"damage_taken":7.0},{"damage_healed":0.0,"max_hp_gain":0.0,"max_hp_loss":0.0,"gold_gain":275.0,"event_name":"Golden Shrine","player_choice":"Desecrate","floor":3.0,"gold_loss":0.0,"damage_taken":0.0,"cards_obtained":["Regret"]},{"damage_healed":0,"gold_gain":30,"player_choice":"Searched \u00271\u0027 times","damage_taken":0,"max_hp_gain":0,"max_hp_loss":0,"event_name":"Dead Adventurer","floor":12,"gold_loss":0},{"cards_removed":["Strike_R"],"damage_healed":0,"gold_gain":0,"player_choice":"Card Removal","damage_taken":0,"max_hp_gain":0,"max_hp_loss":0,"event_name":"The Cleric","floor":14,"gold_loss":75}],"is_beta":false,"boss_relics":[],"items_purged_floors":[10,13],"is_endless":false,"potions_floor_spawned":[1,11],"killed_by":"Slime Boss","ascension_level":20}