{"gold_per_floor":[17,192,42,42,42,42,77,77,377,377,397,425,438,452,452,550,550,570,670,687,268,284,284,316,316,316,28,28,62,62,72,72,169,169,189,189,208,208,220,220,220,220,300,310,341,341,372,392,392,392,392,392,49,83,83],"floor_reached":56,"playtime":4674,"items_purged":["Strike_B"],"score":1325,"play_id":"1001b706-02fd-45b8-a42c-36cc84995595","local_time":"20190403223909","is_ascension_mode":true,"campfire_choices":[{"data":"Go for the Eyes","floor":6.0,"key":"SMITH"},{"data":"Zap","floor":8.0,"key":"SMITH"},{"data":"Capacitor","floor":10.0,"key":"SMITH"},{"floor":15.0,"key":"REST"},{"floor":23.0,"key":"REST"},{"data":"Apotheosis","floor":25.0,"key":"SMITH"},{"floor":28.0,"key":"REST"},{"floor":30.0,"key":"REST"},{"floor":32.0,"key":"REST"},{"floor":40.0,"key":"RECALL"},{"floor":41.0,"key":"REST"},{"floor":46,"key":"REST"},{"floor":49,"key":"REST"},{"data":"Blind","floor":52,"key":"SMITH"}],"neow_cost":"NO_GOLD","seed_source_timestamp":378838864878854,"circlet_count":0,"master_deck":["Strike_B","Strike_B","Defend_B","Defend_B","Defend_B","Defend_B","Zap+1","Dualcast","Go for the Eyes","Capacitor+1","Core Surge","Go for the Eyes+1","BootSequence","Go for the Eyes","Lockon","Undo","Coolheaded","Echo Form","Steam+1","Chill","Reinforced Body","Apotheosis+1","Sunder","Barrage","Barrage","Buffer+1","Chaos+1","Dark Shackles","Blind+1","Chaos+1","Undo+1","Violence+1"],"special_seed":0,"relics":["Cracked Core","Pocketwatch","DataDisk","Old Coin","StoneCalendar","Busted Crown","WingedGreaves","Singing Bowl","Frozen Egg 2","Lantern","Turnip","Happy Flower","Anchor","Black Star","Toxic Egg 2","Bottled Lightning","Pen Nib","Calipers","Incense Burner","Ornamental Fan"],"potions_floor_usage":[45,54,54],"damage_taken":[{"damage":8.0,"enemies":"Jaw Worm","floor":1.0,"turns":3.0},{"damage":9.0,"enemies":"Lagavulin","floor":7.0,"turns":7.0},{"damage":0.0,"enemies":"2 Louse","floor":11.0,"turns":2.0},{"damage":34.0,"enemies":"3 Sentries","floor":12.0,"turns":8.0},{"damage":0.0,"enemies":"Small Slimes","floor":13.0,"turns":2.0},{"damage":0.0,"enemies":"Blue Slaver","floor":14.0,"turns":3.0},{"damage":26.0,"enemies":"Slime Boss","floor":16.0,"turns":7.0},{"damage":7.0,"enemies":"3 Byrds","floor":18.0,"turns":6.0},{"damage":6.0,"enemies":"Colosseum Slavers","floor":19.0,"turns":5.0},{"damage":32.0,"enemies":"Colosseum Nobs","floor":19.0,"turns":7.0},{"damage":4.0,"enemies":"Chosen","floor":20.0,"turns":5.0},{"damage":10.0,"enemies":"Snake Plant","floor":22.0,"turns":5.0},{"damage":11.0,"enemies":"Gremlin Leader","floor":24.0,"turns":7.0},{"damage":36.0,"enemies":"Slavers","floor":29.0,"turns":7.0},{"damage":0.0,"enemies":"Centurion and Healer","floor":31.0,"turns":5.0},{"damage":27.0,"enemies":"Collector","floor":33.0,"turns":7.0},{"damage":0.0,"enemies":"3 Shapes","floor":35.0,"turns":6.0},{"damage":3.0,"enemies":"3 Darklings","floor":37.0,"turns":6.0},{"damage":0.0,"enemies":"Sphere and 2 Shapes","floor":39.0,"turns":6.0},{"damage":24,"enemies":"Jaw Worm Horde","floor":44,"turns":6},{"damage":20,"enemies":"Nemesis","floor":45,"turns":11},{"damage":25,"enemies":"Reptomancer","floor":47,"turns":7},{"damage":0,"enemies":"3 Darklings","floor":48,"turns":5},{"damage":0,"enemies":"Time Eater","floor":50,"turns":11},{"damage":27,"enemies":"Shield and Spear","floor":54,"turns":7},{"damage":58,"enemies":"The Heart","floor":55,"turns":12}],"seed_played":"-1015504623133084288","potions_obtained":[{"floor":7.0,"key":"Energy Potion"},{"floor":14.0,"key":"EssenceOfSteel"},{"floor":16.0,"key":"Ancient Potion"},{"floor":19.0,"key":"Dexterity Potion"},{"floor":20.0,"key":"Explosive Potion"},{"floor":33.0,"key":"Ancient Potion"},{"floor":35.0,"key":"Explosive Potion"},{"floor":39.0,"key":"FearPotion"},{"floor":48,"key":"Fire Potion"}],"is_trial":false,"path_per_floor":["M","?","$","?","?","R","E","R","T","R","M","E","M","M","R","B",null,"M","?","M","$","M","R","E","R","T","$","R","E","R","M","R","B",null,"M","?","M","$","M","R","R","?","T","M","E","R","E","M","R","B",null,"R","$","E","B",null],"character_chosen":"DEFECT","items_purchased":["Capacitor","Core Surge","Apotheosis","Frozen Egg 2","Sunder","Barrage","Happy Flower","Violence+1","Explosive Potion","Explosive Potion"],"campfire_rested":8,"item_purchase_floors":[3,3,21,21,27,27,27,53,53,53],"current_hp_per_floor":[67,67,67,60,60,60,51,51,51,51,51,17,17,17,39,13,75,68,30,26,26,18,41,32,32,32,32,55,21,45,45,69,42,81,81,73,70,70,72,72,85,85,85,63,43,69,46,48,75,75,91,91,91,66,8],"gold":83,"neow_bonus":"ONE_RARE_RELIC","is_prod":false,"is_daily":false,"chose_seed":false,"campfire_upgraded":5,"win_rate":0,"timestamp":1554323949,"path_taken":["M","?","$","?","?","R","E","R","T","R","M","E","M","?","R","BOSS","M","?","M","$","M","R","E","R","T","$","R","E","R","M","R","BOSS","M","?","M","$","M","R","R","?","T","M","E","R","E","M","R","BOSS","R","$","E","BOSS"],"build_version":"2019-01-23","purchased_purges":1,"victory":true,"max_hp_per_floor":[75,75,75,75,75,75,75,75,75,75,75,75,75,75,75,75,75,75,75,75,75,77,77,79,79,79,79,79,81,81,81,81,81,81,81,83,83,83,85,85,85,85,85,87,87,87,89,91,91,91,91,91,91,93,93],"card_choices":[{"not_picked":["Rebound","Turbo"],"picked":"Go for the Eyes","floor":1.0},{"not_picked":["Scrape","Barrage"],"picked":"BootSequence","floor":7.0},{"not_picked":["Compile Driver","Storm"],"picked":"Go for the Eyes","floor":11.0},{"not_picked":["Beam Cell","Scrape"],"picked":"Lockon","floor":12.0},{"not_picked":["Chaos","Genetic Algorithm"],"picked":"Undo","floor":13.0},{"not_picked":["Streamline","Hello World"],"picked":"Coolheaded","floor":14.0},{"not_picked":["Core Surge","Multi-Cast"],"picked":"Echo Form","floor":16.0},{"not_picked":[],"picked":"Steam+1","floor":18.0},{"not_picked":[],"picked":"Chill","floor":19.0},{"not_picked":[],"picked":"Reinforced Body","floor":20.0},{"not_picked":["Beam Cell"],"picked":"Singing Bowl","floor":22.0},{"not_picked":["Heatsinks+1"],"picked":"Singing Bowl","floor":24.0},{"not_picked":["BootSequence"],"picked":"Singing Bowl","floor":29.0},{"not_picked":[],"picked":"Barrage","floor":31.0},{"not_picked":[],"picked":"Buffer+1","floor":33.0},{"not_picked":[],"picked":"Chaos+1","floor":35.0},{"not_picked":["Purity"],"picked":"Singing Bowl","floor":36.0},{"not_picked":[],"picked":"Dark Shackles","floor":36.0},{"not_picked":[],"picked":"Blind","floor":36.0},{"not_picked":[],"picked":"Chaos+1","floor":37.0},{"not_picked":["Steam+1"],"picked":"Singing Bowl","floor":39.0},{"not_picked":["Turbo"],"picked":"Singing Bowl","floor":44},{"not_picked":[],"picked":"Undo+1","floor":45},{"not_picked":["Go for the Eyes"],"picked":"Singing Bowl","floor":47},{"not_picked":["Compile Driver"],"picked":"Singing Bowl","floor":48},{"not_picked":["Go for the Eyes+1"],"picked":"Singing Bowl","floor":54}],"player_experience":667907,"relics_obtained":[{"floor":7.0,"key":"DataDisk"},{"floor":9.0,"key":"Old Coin"},{"floor":12.0,"key":"StoneCalendar"},{"floor":19.0,"key":"WingedGreaves"},{"floor":19.0,"key":"Singing Bowl"},{"floor":24.0,"key":"Lantern"},{"floor":26.0,"key":"Turnip"},{"floor":29.0,"key":"Anchor"},{"floor":45,"key":"Toxic Egg 2"},{"floor":45,"key":"Bottled Lightning"},{"floor":47,"key":"Pen Nib"},{"floor":47,"key":"Calipers"},{"floor":54,"key":"Incense Burner"},{"floor":54,"key":"Ornamental Fan"}],"event_choices":[{"damage_healed":0.0,"max_hp_gain":0.0,"max_hp_loss":0.0,"gold_gain":175.0,"event_name":"Liars Game","player_choice":"AGREE","floor":2.0,"gold_loss":0.0,"damage_taken":0.0,"cards_obtained":["Doubt"]},{"cards_removed":["Doubt"],"damage_healed":0.0,"max_hp_gain":0.0,"max_hp_loss":0.0,"gold_gain":0.0,"event_name":"Golden Wing","player_choice":"Card Removal","floor":4.0,"gold_loss":0.0,"damage_taken":7.0},{"damage_healed":0.0,"max_hp_gain":0.0,"max_hp_loss":0.0,"gold_gain":0.0,"cards_transformed":["Strike_B"],"event_name":"Living Wall","player_choice":"Change","floor":5.0,"gold_loss":0.0,"damage_taken":0.0,"cards_obtained":["Go for the Eyes"]},{"damage_healed":0.0,"max_hp_gain":0.0,"max_hp_loss":0.0,"gold_gain":0.0,"event_name":"Colosseum","player_choice":"Fight","floor":19.0,"gold_loss":0.0,"damage_taken":0.0},{"damage_healed":0.0,"max_hp_gain":0.0,"max_hp_loss":0.0,"gold_gain":0.0,"event_name":"Colosseum","player_choice":"Fought Nobs","floor":19.0,"gold_loss":0.0,"damage_taken":0.0},{"damage_healed":0.0,"max_hp_gain":0.0,"max_hp_loss":0.0,"gold_gain":0.0,"event_name":"SensoryStone","player_choice":"Memory 3","floor":36.0,"gold_loss":0.0,"damage_taken":10.0},{"damage_healed":0,"gold_gain":0,"player_choice":"Ignored","damage_taken":0,"max_hp_gain":0,"max_hp_loss":0,"event_name":"Mysterious Sphere","floor":42,"gold_loss":0}],"is_beta":false,"boss_relics":[{"not_picked":["Coffee Dripper","Runic Pyramid"],"picked":"Busted Crown"},{"not_picked":["Fusion Hammer","Runic Dome"],"picked":"Black Star"}],"items_purged_floors":[53],"is_endless":false,"potions_floor_spawned":[7,14,16,19,20,22,33,35,39,48],"ascension_level":1}