{"gold_per_floor":[109,52,127,127,143,143,143,168,168,168,168,193,193,205,205,205],"floor_reached":16,"playtime":279,"items_purged":[],"score":262,"play_id":"59963c49-e0ca-4388-8775-10d5cba0929d","local_time":"20190118220551","is_ascension_mode":true,"campfire_choices":[{"data":"Zap","floor":6,"key":"SMITH"},{"data":"Defragment","floor":10,"key":"SMITH"},{"floor":13,"key":"REST"},{"data":"Loop","floor":15,"key":"SMITH"}],"neow_cost":"NONE","seed_source_timestamp":1989637658666,"circlet_count":0,"master_deck":["AscendersBane","Strike_B","Strike_B","Strike_B","Strike_B","Defend_B+1","Defend_B","Defend_B","Defend_B","Zap+1","Dualcast+1","Genetic Algorithm","Barrage+1","Auto Shields","Defragment+1","Thunder Strike","Loop+1"],"relics":["Cracked Core","NeowsBlessing","War Paint","Question Card","Matryoshka","Letter Opener","Strawberry","Boot"],"potions_floor_usage":[12,16],"damage_taken":[{"damage":0,"enemies":"Small Slimes","floor":1,"turns":1},{"damage":0,"enemies":"Jaw Worm","floor":5,"turns":1},{"damage":0,"enemies":"3 Sentries","floor":8,"turns":2},{"damage":36,"enemies":"Gremlin Nob","floor":12,"turns":4},{"damage":0,"enemies":"2 Louse","floor":14,"turns":2},{"damage":31,"enemies":"The Guardian","floor":16,"turns":2}],"seed_played":"6226938514720573850","potions_obtained":[{"floor":1,"key":"SteroidPotion"},{"floor":12,"key":"Poison Potion"}],"is_trial":false,"path_per_floor":["M","$","?","?","M","R","?","E","T","R","T","E","R","M","R","B"],"character_chosen":"DEFECT","items_purchased":["Barrage"],"campfire_rested":1,"item_purchase_floors":[2],"current_hp_per_floor":[64,64,53,53,53,53,35,35,35,35,42,6,29,29,29,0],"gold":205,"neow_bonus":"THREE_ENEMY_KILL","is_prod":false,"is_daily":false,"chose_seed":false,"campfire_upgraded":3,"win_rate":0,"timestamp":1547820351,"path_taken":["M","$","?","?","M","R","?","E","T","R","?","E","R","?","R","BOSS"],"build_version":"2019-01-17v2","purchased_purges":0,"victory":false,"max_hp_per_floor":[71,71,71,71,71,71,71,71,71,71,78,78,78,78,78,78],"card_choices":[{"not_picked":["Blizzard","Go for the Eyes"],"picked":"Genetic Algorithm","floor":1},{"not_picked":["Leap","Hologram"],"picked":"Auto Shields","floor":5},{"not_picked":["Ball Lightning","Gash"],"picked":"Defragment","floor":8},{"not_picked":["Static Discharge","Streamline","Thunder Strike","Auto Shields"],"picked":"SKIP","floor":12},{"not_picked":["Static Discharge","Streamline","Auto Shields"],"picked":"Thunder Strike","floor":12},{"not_picked":["Rebound","Sweeping Beam","Streamline"],"picked":"Loop","floor":14}],"player_experience":2548559,"relics_obtained":[{"floor":8,"key":"Question Card"},{"floor":9,"key":"Matryoshka"},{"floor":11,"key":"Letter Opener"},{"floor":11,"key":"Strawberry"},{"floor":12,"key":"Boot"}],"event_choices":[{"damage_healed":0,"gold_gain":75,"player_choice":"Gather Gold","damage_taken":11,"max_hp_gain":0,"max_hp_loss":0,"event_name":"World of Goop","floor":3,"gold_loss":0},{"damage_healed":0,"gold_gain":0,"player_choice":"Grow","damage_taken":0,"max_hp_gain":0,"max_hp_loss":0,"event_name":"Living Wall","floor":4,"gold_loss":0,"cards_upgraded":["Barrage"]},{"damage_healed":0,"gold_gain":0,"player_choice":"Success","damage_taken":18,"relics_obtained":["War Paint"],"max_hp_gain":0,"max_hp_loss":0,"event_name":"Scrap Ooze","floor":7,"gold_loss":0}],"is_beta":false,"boss_relics":[],"items_purged_floors":[],"is_endless":false,"potions_floor_spawned":[1,12],"killed_by":"The Guardian","ascension_level":20}