{"gold_per_floor":[115,115,65,85,102,137,152,152],"floor_reached":8,"playtime":340,"items_purged":[],"score":70,"play_id":"b2ee0311-c24c-4e13-823c-e21dbc7aa657","local_time":"20190331215431","is_ascension_mode":true,"campfire_choices":[],"neow_cost":"NONE","seed_source_timestamp":1427462683349300,"circlet_count":0,"master_deck":["Strike_R","Strike_R","Strike_R","Strike_R","Defend_R","Defend_R","Defend_R","Defend_R","Bash","Cleave","Pummel"],"relics":["Burning Blood","Shuriken","Kunai"],"potions_floor_usage":[7],"damage_taken":[{"damage":4,"enemies":"2 Louse","floor":1,"turns":3},{"damage":2,"enemies":"Jaw Worm","floor":4,"turns":3},{"damage":0,"enemies":"Small Slimes","floor":5,"turns":3},{"damage":50,"enemies":"3 Sentries","floor":6,"turns":8},{"damage":28,"enemies":"Exordium Thugs","floor":7,"turns":4},{"damage":18,"enemies":"Lots of Slimes","floor":8,"turns":2}],"seed_played":"-4676537044324501003","potions_obtained":[{"floor":6,"key":"GamblersBrew"}],"is_trial":false,"path_per_floor":["M","?","?","M","M","E","M","M"],"character_chosen":"IRONCLAD","items_purchased":[],"campfire_rested":0,"item_purchase_floors":[],"current_hp_per_floor":[88,70,70,74,80,36,14,0],"gold":152,"neow_bonus":"TEN_PERCENT_HP_BONUS","is_prod":false,"is_daily":false,"chose_seed":false,"campfire_upgraded":0,"win_rate":0,"timestamp":1554058471,"path_taken":["M","?","?","M","M","E","M","M"],"build_version":"2019-01-23","purchased_purges":0,"victory":false,"max_hp_per_floor":[88,88,88,88,88,88,88,88],"card_choices":[{"not_picked":["Twin Strike","Armaments"],"picked":"Cleave","floor":1},{"not_picked":["Clash","Body Slam"],"picked":"Pummel","floor":4},{"not_picked":["Thunderclap","Combust","Cleave"],"picked":"SKIP","floor":5},{"not_picked":["Armaments","Searing Blow","Juggernaut"],"picked":"SKIP","floor":6},{"not_picked":["Havoc","Sword Boomerang","Infernal Blade"],"picked":"SKIP","floor":7}],"player_experience":129164,"relics_obtained":[{"floor":6,"key":"Kunai"}],"event_choices":[{"damage_healed":0,"gold_gain":0,"player_choice":"Success","damage_taken":18,"relics_obtained":["Shuriken"],"max_hp_gain":0,"max_hp_loss":0,"event_name":"Scrap Ooze","floor":2,"gold_loss":0},{"cards_removed":["Strike_R"],"damage_healed":0,"gold_gain":0,"player_choice":"Card Removal","damage_taken":0,"max_hp_gain":0,"max_hp_loss":0,"event_name":"The Cleric","floor":3,"gold_loss":50}],"is_beta":false,"boss_relics":[],"items_purged_floors":[],"is_endless":false,"potions_floor_spawned":[6],"killed_by":"Lots of Slimes","ascension_level":4}