{"gold_per_floor":[114,114,114,114,19,62,62,83,83,83,103,116,86,105,105,229,229,245,264,264,264,264,305,320,339,363,378,397,397,436,39,39,167,167,191,191,524,535,85,85,114,114,161,175,175,175,505,505],"floor_reached":48,"playtime":2234,"items_purged":["Strike_R+1","Battle Trance"],"score":603,"play_id":"0f80ee4e-c804-4fd7-8388-cd9aa6d0f08b","local_time":"25610715155224","is_ascension_mode":false,"campfire_choices":[{"data":"Shockwave","floor":7,"key":"SMITH"},{"data":"Bash","floor":10,"key":"SMITH"},{"data":"Infernal Blade","floor":15,"key":"SMITH"},{"data":"Double Tap","floor":29,"key":"SMITH"},{"data":"Flex","floor":32,"key":"SMITH"},{"data":"Apotheosis","floor":40,"key":"SMITH"},{"data":"Blood for Blood","floor":42,"key":"SMITH"},{"data":"Power Through","floor":46,"key":"SMITH"}],"neow_cost":"NONE","seed_source_timestamp":12103741520545,"circlet_count":0,"master_deck":["Strike_R+1","Strike_R+1","Strike_R+1","Defend_R+1","Defend_R+1","Defend_R+1","Defend_R+1","Bash+1","Perfected Strike","Warcry","Shockwave+1","Iron Wave","Bloodletting","Clash","Infernal Blade+1","Second Wind","Seeing Red","Anger","Pommel Strike","Double Tap+1","Anger","Immolate","Flex+1","Power Through+1","Twin Strike+1","Corruption+1","Blood for Blood+1","Shrug It Off+1","Infernal Blade+1","Bludgeon","True Grit+1","Clothesline","Apotheosis+1","Offering","Twin Strike+1","Shrug It Off+1","Double Tap+1","Perfected Strike+1","Heavy Blade+1","Power Through+1","Blind","Spot Weakness+1"],"relics":["Burning Blood","NeowsBlessing","Regal Pillow","Prayer Wheel","Paper Frog","Coffee Dripper","Letter Opener","Dream Catcher","Happy Flower","Lantern","Busted Crown","Sling","Blood Vial","Question Card","Potion Belt","Old Coin"],"potions_floor_usage":[16,16,24,25,25,28,33,41,41,44,48],"damage_taken":[{"damage":0,"enemies":"Cultist","floor":1,"turns":1},{"damage":0,"enemies":"3 Sentries","floor":6,"turns":2},{"damage":0,"enemies":"Small Slimes","floor":8,"turns":1},{"damage":3,"enemies":"Jaw Worm","floor":11,"turns":2},{"damage":6,"enemies":"Exordium Wildlife","floor":12,"turns":4},{"damage":10,"enemies":"Lots of Slimes","floor":14,"turns":4},{"damage":27,"enemies":"Hexaghost","floor":16,"turns":10},{"damage":18,"enemies":"Shell Parasite","floor":18,"turns":3},{"damage":1,"enemies":"Chosen","floor":19,"turns":2},{"damage":15,"enemies":"Gremlin Leader","floor":23,"turns":4},{"damage":18,"enemies":"Snecko","floor":24,"turns":4},{"damage":0,"enemies":"Snake Plant","floor":25,"turns":3},{"damage":8,"enemies":"Cultist and Chosen","floor":27,"turns":5},{"damage":15,"enemies":"Snecko","floor":28,"turns":3},{"damage":6,"enemies":"Book of Stabbing","floor":30,"turns":4},{"damage":17,"enemies":"Collector","floor":33,"turns":6},{"damage":1,"enemies":"Orb Walker","floor":35,"turns":3},{"damage":12,"enemies":"3 Darklings","floor":38,"turns":3},{"damage":32,"enemies":"2 Orb Walkers","floor":41,"turns":4},{"damage":20,"enemies":"Sphere and 2 Shapes","floor":44,"turns":3},{"damage":30,"enemies":"Giant Head","floor":47,"turns":6},{"damage":29,"enemies":"4 Shapes","floor":48,"turns":3}],"seed_played":"-8838041175666685532","potions_obtained":[{"floor":12,"key":"EssenceOfSteel"},{"floor":13,"key":"Weak Potion"},{"floor":13,"key":"Block Potion"},{"floor":14,"key":"Swift Potion"},{"floor":16,"key":"Ancient Potion"},{"floor":24,"key":"Regen Potion"},{"floor":27,"key":"Strength Potion"},{"floor":30,"key":"Energy Potion"},{"floor":33,"key":"Weak Potion"},{"floor":38,"key":"EssenceOfSteel"},{"floor":41,"key":"Fire Potion"},{"floor":47,"key":"EssenceOfSteel"}],"is_trial":false,"path_per_floor":["M","?","?","?","$","E","R","M","T","R","M","M","?","M","R","B",null,"M","M","?","?","?","E","M","M","T","M","M","R","E","$","R","B",null,"M","?","?","M","$","R","E","R","T","M","?","R","E"],"character_chosen":"IRONCLAD","items_purchased":["Warcry","Shockwave","Apotheosis","Lantern","Sling","Blood Vial"],"campfire_rested":0,"item_purchase_floors":[5,5,31,31,39,39],"current_hp_per_floor":[80,60,60,53,53,59,59,65,65,65,68,68,68,64,64,43,80,68,73,73,73,73,64,52,67,67,65,56,56,56,56,56,52,80,80,80,80,74,74,74,50,50,50,38,38,38,16,0],"gold":505,"neow_bonus":"THREE_ENEMY_KILL","is_prod":false,"is_daily":false,"chose_seed":false,"campfire_upgraded":8,"win_rate":0,"timestamp":1531644744,"path_taken":["M","?","?","?","$","E","R","?","T","R","M","M","?","M","R","BOSS","M","?","?","?","?","E","?","M","T","M","M","R","E","?","R","BOSS","M","?","?","M","$","R","E","R","T","M","?","R","E","M"],"build_version":"2018-07-12","purchased_purges":2,"victory":false,"max_hp_per_floor":[80,80,80,80,80,80,80,80,80,80,80,80,80,80,80,80,80,80,80,80,80,80,80,80,80,80,80,80,80,80,80,80,80,80,80,80,80,80,80,80,80,80,80,80,80,80,80,80],"card_choices":[{"not_picked":["Corruption","Twin Strike"],"picked":"Perfected Strike","floor":1},{"not_picked":["True Grit","Evolve"],"picked":"Battle Trance","floor":6},{"not_picked":["Second Wind","Armaments"],"picked":"Iron Wave","floor":8},{"not_picked":["Evolve","Juggernaut"],"picked":"Bloodletting","floor":8},{"not_picked":["Flame Barrier","Thunderclap"],"picked":"Clash","floor":11},{"not_picked":["Body Slam","Armaments"],"picked":"Infernal Blade","floor":11},{"not_picked":["Havoc","Perfected Strike"],"picked":"Second Wind","floor":12},{"not_picked":["Havoc","Wild Strike"],"picked":"Seeing Red","floor":12},{"not_picked":["Hemokinesis","Evolve"],"picked":"Anger","floor":14},{"not_picked":["Burning Pact","Perfected Strike"],"picked":"Pommel Strike","floor":14},{"not_picked":["Reaper","Feed"],"picked":"Double Tap","floor":16},{"not_picked":["Pummel","Cleave"],"picked":"Anger","floor":18},{"not_picked":["Carnage","Pummel+1","Body Slam"],"picked":"SKIP","floor":18},{"not_picked":["Havoc","Cleave"],"picked":"Immolate","floor":19},{"not_picked":["Thunderclap","Pommel Strike","Sword Boomerang"],"picked":"SKIP","floor":19},{"not_picked":["True Grit","Dual Wield"],"picked":"Twin Strike+1","floor":23},{"not_picked":["Sword Boomerang","Body Slam"],"picked":"Corruption+1","floor":24},{"not_picked":["Reckless Charge","Second Wind"],"picked":"Blood for Blood","floor":24},{"not_picked":["Clothesline","Havoc"],"picked":"Shrug It Off+1","floor":25},{"not_picked":["Twin Strike","Heavy Blade","Blood for Blood"],"picked":"SKIP","floor":25},{"not_picked":["Heavy Blade","Iron Wave+1"],"picked":"Infernal Blade+1","floor":27},{"not_picked":["Rupture","Heavy Blade+1","Wild Strike"],"picked":"SKIP","floor":27},{"not_picked":["Feel No Pain","Rampage+1"],"picked":"Bludgeon","floor":28},{"not_picked":["Clash","Hemokinesis"],"picked":"True Grit+1","floor":28},{"not_picked":["Body Slam","Anger+1"],"picked":"Clothesline","floor":30},{"not_picked":["Barricade","Fiend Fire"],"picked":"Offering","floor":33},{"not_picked":[],"picked":"Twin Strike+1","floor":35},{"not_picked":[],"picked":"Shrug It Off+1","floor":35},{"not_picked":[],"picked":"Perfected Strike+1","floor":38},{"not_picked":["Shrug It Off"],"picked":"SKIP","floor":38},{"not_picked":[],"picked":"Heavy Blade+1","floor":41},{"not_picked":["Intimidate"],"picked":"Power Through+1","floor":44},{"not_picked":["Iron Wave+1","Reckless Charge"],"picked":"SKIP","floor":44},{"not_picked":["Trip"],"picked":"Blind","floor":45},{"not_picked":["Heavy Blade"],"picked":"Spot Weakness+1","floor":47}],"player_experience":22030,"relics_obtained":[{"floor":6,"key":"Prayer Wheel"},{"floor":9,"key":"Paper Frog"},{"floor":23,"key":"Letter Opener"},{"floor":26,"key":"Dream Catcher"},{"floor":30,"key":"Happy Flower"},{"floor":41,"key":"Question Card"},{"floor":43,"key":"Potion Belt"},{"floor":47,"key":"Old Coin"}],"event_choices":[{"event_name":"Golden Idol","player_choice":"Take Damage","floor":2,"damage_taken":0},{"event_name":"Accursed Blacksmith","player_choice":"Rummage","floor":3,"damage_taken":0},{"event_name":"Golden Wing","player_choice":"Card Removal","floor":4,"damage_taken":0},{"event_name":"The Woman in Blue","player_choice":"Bought 2 Potions","floor":13,"damage_taken":0},{"event_name":"The Library","player_choice":"Read","floor":20,"damage_taken":0},{"event_name":"Back to Basics","player_choice":"Simplicity","floor":21,"damage_taken":0},{"event_name":"Transmorgrifier","player_choice":"Transform","floor":22,"damage_taken":0},{"event_name":"Duplicator","player_choice":"One dupe","floor":36,"damage_taken":0},{"event_name":"The Moai Head","player_choice":"Gave Idol","floor":37,"damage_taken":0},{"event_name":"SensoryStone","player_choice":"Memory 1","floor":45,"damage_taken":0}],"boss_relics":[{"not_picked":["Fusion Hammer","Lizard Tail"],"picked":"Coffee Dripper"},{"not_picked":["Orrery","Runic Dome"],"picked":"Busted Crown"}],"items_purged_floors":[31,39],"is_endless":false,"potions_floor_spawned":[12,14,16,24,27,30,33,38,41,47],"killed_by":"4 Shapes","ascension_level":0}