{"gold_per_floor":[117,133,147,147,147,181,181,195,220,145,145,45,6,18,18,92,92,102,113,133,8,8,8,33,33,60,60,60,80,113,124,124,198,198,208,58,74,74,84,114,114,114],"floor_reached":42,"playtime":2026,"items_purged":["Strike_G","Strike_G","Strike_G","Accuracy"],"score":1032,"play_id":"b927c5a8-f695-42c1-bf41-20ae0925ed1c","local_time":"20190407162930","is_ascension_mode":true,"campfire_choices":[{"data":"Neutralize","floor":7.0,"key":"SMITH"},{"data":"Noxious Fumes","floor":15.0,"key":"SMITH"},{"data":"Night Terror","floor":23.0,"key":"SMITH"},{"floor":25.0,"key":"REST"},{"data":"Footwork","floor":27.0,"key":"SMITH"},{"floor":32.0,"key":"REST"},{"data":"Forethought","floor":41.0,"key":"SMITH"}],"neow_cost":"NONE","seed_source_timestamp":14543202880700,"circlet_count":0,"master_deck":["AscendersBane","Defend_G","Defend_G","Defend_G","Defend_G","Defend_G","Survivor","Neutralize+1","All Out Attack","Infinite Blades","Bane","Backflip","Noxious Fumes+1","Calculated Gamble","Footwork+1","Night Terror+1","Night Terror","Adrenaline","Backflip","PiercingWail+1","Forethought+1","Bandage Up","Bouncing Flask","Well Laid Plans"],"special_seed":0,"relics":["Ring of the Snake","NeowsBlessing","Bag of Preparation","Boot","Runic Dome","Art of War","Strawberry","Girya","Black Star","Gremlin Horn","Matryoshka"],"potions_floor_usage":[42,42],"damage_taken":[{"damage":0.0,"enemies":"Cultist","floor":1.0,"turns":1.0},{"damage":0.0,"enemies":"Small Slimes","floor":2.0,"turns":1.0},{"damage":0.0,"enemies":"2 Louse","floor":3.0,"turns":1.0},{"damage":25.0,"enemies":"3 Sentries","floor":6.0,"turns":7.0},{"damage":2.0,"enemies":"Blue Slaver","floor":8.0,"turns":4.0},{"damage":0.0,"enemies":"Exordium Thugs","floor":14.0,"turns":5.0},{"damage":0.0,"enemies":"Hexaghost","floor":16.0,"turns":9.0},{"damage":1.0,"enemies":"Chosen","floor":18.0,"turns":5.0},{"damage":9.0,"enemies":"Shell Parasite","floor":19.0,"turns":9.0},{"damage":8.0,"enemies":"Snake Plant","floor":20.0,"turns":5.0},{"damage":32.0,"enemies":"Book of Stabbing","floor":24.0,"turns":6.0},{"damage":11.0,"enemies":"Shelled Parasite and Fungi","floor":29.0,"turns":9.0},{"damage":17.0,"enemies":"Gremlin Leader","floor":30.0,"turns":6.0},{"damage":0.0,"enemies":"Snecko","floor":31.0,"turns":11.0},{"damage":19.0,"enemies":"Collector","floor":33.0,"turns":9.0},{"damage":24.0,"enemies":"3 Darklings","floor":35.0,"turns":5.0},{"damage":1.0,"enemies":"3 Shapes","floor":37.0,"turns":6.0},{"damage":17.0,"enemies":"Writhing Mass","floor":39.0,"turns":10.0},{"damage":28.0,"enemies":"Giant Head","floor":40.0,"turns":13.0},{"damage":15,"enemies":"Jaw Worm Horde","floor":42,"turns":7}],"seed_played":"8939348011416462041","potions_obtained":[{"floor":3.0,"key":"AttackPotion"},{"floor":6.0,"key":"PowerPotion"},{"floor":14.0,"key":"SteroidPotion"},{"floor":16.0,"key":"Fire Potion"},{"floor":18.0,"key":"Poison Potion"},{"floor":22.0,"key":"Fire Potion"},{"floor":22.0,"key":"Fire Potion"},{"floor":24.0,"key":"Swift Potion"},{"floor":30.0,"key":"SpeedPotion"},{"floor":33.0,"key":"SteroidPotion"},{"floor":35.0,"key":"Regen Potion"},{"floor":39.0,"key":"FearPotion"}],"is_trial":false,"path_per_floor":["M","M","M","?","?","E","R","M","T","$","?","$","$","M","R","B",null,"M","M","M","$","?","R","E","R","T","R","$","M","E","M","R","B",null,"M","$","M","?","M","E","R","M"],"character_chosen":"THE_SILENT","items_purchased":["Calculated Gamble"],"campfire_rested":2,"item_purchase_floors":[13],"current_hp_per_floor":[59,59,59,59,52,27,27,25,25,25,25,25,25,25,25,25,56,55,46,38,38,38,38,6,25,32,32,32,21,4,4,25,6,56,32,32,31,21,35,11,11,0],"gold":114,"neow_bonus":"THREE_ENEMY_KILL","is_prod":false,"is_daily":false,"chose_seed":false,"campfire_upgraded":5,"win_rate":0,"timestamp":1554625770,"path_taken":["M","M","M","?","?","E","R","M","T","$","?","?","$","?","R","BOSS","M","M","M","$","?","R","E","R","T","R","?","M","E","M","R","BOSS","M","$","M","?","M","E","R","M"],"build_version":"2019-04-04","purchased_purges":4,"victory":false,"max_hp_per_floor":[66,66,66,66,66,66,66,66,66,66,66,66,66,66,66,66,66,66,66,66,66,66,66,66,66,73,73,73,73,73,73,73,73,73,73,73,73,73,73,73,73,73],"card_choices":[{"not_picked":["Flying Knee","Heel Hook"],"picked":"All Out Attack","floor":1.0},{"not_picked":["Cloak And Dagger","Skewer"],"picked":"Infinite Blades","floor":2.0},{"not_picked":["Skewer","Deadly Poison"],"picked":"Accuracy","floor":3.0},{"not_picked":["Setup","Bane"],"picked":"Backflip","floor":6.0},{"not_picked":["Cloak And Dagger","Tools of the Trade"],"picked":"Noxious Fumes","floor":8.0},{"not_picked":["Heel Hook","Concentrate"],"picked":"Footwork","floor":14.0},{"not_picked":["Unload","Die Die Die"],"picked":"Night Terror","floor":16.0},{"not_picked":["Quick Slash","Poisoned Stab","Dodge and Roll"],"picked":"SKIP","floor":18.0},{"not_picked":["Dagger Throw","Skewer","Endless Agony"],"picked":"SKIP","floor":19.0},{"not_picked":["Sucker Punch","Deadly Poison","Masterful Stab"],"picked":"SKIP","floor":20.0},{"not_picked":["All Out Attack","Accuracy","Masterful Stab"],"picked":"SKIP","floor":24.0},{"not_picked":["Backstab","Blade Dance"],"picked":"Night Terror","floor":29.0},{"not_picked":["Acrobatics","Endless Agony","Deadly Poison"],"picked":"SKIP","floor":30.0},{"not_picked":["Cloak And Dagger","Flying Knee","Infinite Blades"],"picked":"SKIP","floor":31.0},{"not_picked":["After Image","Tools of the Trade"],"picked":"Adrenaline","floor":33.0},{"not_picked":["Underhanded Strike","Predator"],"picked":"Backflip","floor":35.0},{"not_picked":["Flying Knee","Dagger Spray"],"picked":"PiercingWail+1","floor":37.0},{"not_picked":["Dramatic Entrance","Metamorphosis"],"picked":"Forethought","floor":38.0},{"not_picked":["Good Instincts","Trip"],"picked":"Bandage Up","floor":38.0},{"not_picked":["Dagger Throw","Skewer"],"picked":"Bouncing Flask","floor":39.0},{"not_picked":["Flying Knee+1","Doppelganger"],"picked":"Well Laid Plans","floor":40.0}],"player_experience":1334397,"relics_obtained":[{"floor":6.0,"key":"Bag of Preparation"},{"floor":9.0,"key":"Boot"},{"floor":24.0,"key":"Art of War"},{"floor":26.0,"key":"Strawberry"},{"floor":30.0,"key":"Girya"},{"floor":40.0,"key":"Gremlin Horn"},{"floor":40.0,"key":"Matryoshka"}],"event_choices":[{"damage_healed":0.0,"max_hp_gain":0.0,"max_hp_loss":0.0,"gold_gain":0.0,"cards_transformed":["Strike_G"],"event_name":"Living Wall","player_choice":"Change","floor":4.0,"gold_loss":0.0,"damage_taken":0.0,"cards_obtained":["Bane"]},{"cards_removed":["Strike_G"],"damage_healed":0.0,"max_hp_gain":0.0,"max_hp_loss":0.0,"gold_gain":0.0,"event_name":"Golden Wing","player_choice":"Card Removal","floor":5.0,"gold_loss":0.0,"damage_taken":7.0},{"damage_healed":0.0,"max_hp_gain":0.0,"max_hp_loss":0.0,"gold_gain":0.0,"event_name":"Dead Adventurer","player_choice":"Searched \u00270\u0027 times","floor":11.0,"gold_loss":0.0,"damage_taken":0.0},{"damage_healed":0.0,"max_hp_gain":0.0,"max_hp_loss":0.0,"gold_gain":0.0,"event_name":"Lab","player_choice":"Got Potions","floor":22.0,"gold_loss":0.0,"damage_taken":0.0},{"damage_healed":0.0,"max_hp_gain":0.0,"max_hp_loss":0.0,"gold_gain":0.0,"event_name":"SensoryStone","player_choice":"Memory 3","floor":38.0,"gold_loss":0.0,"damage_taken":10.0}],"is_beta":true,"boss_relics":[{"not_picked":["Lizard Tail","Empty Cage"],"picked":"Runic Dome"},{"not_picked":["Calling Bell","Eternal Feather"],"picked":"Black Star"}],"items_purged_floors":[10,12,21,36],"is_endless":false,"potions_floor_spawned":[3,6,14,16,18,24,30,33,35,39],"killed_by":"Jaw Worm Horde","ascension_level":20}