{"gold_per_floor":[114,67,142,152,152,152,55,75,75,120,120,120,137,157,157,157],"floor_reached":16,"playtime":618,"items_purged":["Strike_R"],"score":117,"play_id":"ce376a97-0e11-4f78-81c6-809257b5103d","local_time":"20190506234051","is_ascension_mode":true,"campfire_choices":[{"data":"Clothesline","floor":6.0,"key":"SMITH"},{"data":"Entrench","floor":11.0,"key":"SMITH"},{"floor":15.0,"key":"REST"}],"neow_cost":"NONE","seed_source_timestamp":46759445548909,"circlet_count":0,"master_deck":["Strike_R","Strike_R","Strike_R","Strike_R","Defend_R","Defend_R","Defend_R","Defend_R","Bash","Clothesline+1","Flex","Sword Boomerang","Entrench+1","Regret","Impervious","Armaments","Clothesline"],"special_seed":0,"relics":["Burning Blood","FaceOfCleric","Kunai","Dream Catcher","Pear"],"potions_floor_usage":[16,16,16],"damage_taken":[{"damage":0.0,"enemies":"Small Slimes","floor":1.0,"turns":3.0},{"damage":7.0,"enemies":"2 Louse","floor":4.0,"turns":3.0},{"damage":1.0,"enemies":"Cultist","floor":8.0,"turns":3.0},{"damage":22.0,"enemies":"Exordium Wildlife","floor":13.0,"turns":4.0},{"damage":12.0,"enemies":"3 Louse","floor":14.0,"turns":3.0},{"damage":91,"enemies":"Slime Boss","floor":16,"turns":21}],"seed_played":"-6264962476788483718","potions_obtained":[{"floor":0.0,"key":"EssenceOfSteel"},{"floor":0.0,"key":"SneckoOil"},{"floor":0.0,"key":"Weak Potion"},{"floor":13.0,"key":"Weak Potion"},{"floor":14.0,"key":"Dexterity Potion"}],"is_trial":false,"path_per_floor":["M","$","?","M","?","R","$","M","T","T","R","?","M","M","R","B"],"character_chosen":"IRONCLAD","items_purchased":["Flex","Sword Boomerang"],"campfire_rested":1,"item_purchase_floors":[2,7],"current_hp_per_floor":[78,78,67,66,66,66,66,72,72,72,72,82,67,62,89,0],"gold":157,"neow_bonus":"THREE_SMALL_POTIONS","is_prod":false,"is_daily":false,"chose_seed":false,"campfire_upgraded":2,"win_rate":0,"timestamp":1557182451,"path_taken":["M","$","?","M","?","R","$","?","T","?","R","?","M","M","R","BOSS"],"build_version":"2019-01-23","purchased_purges":1,"victory":false,"max_hp_per_floor":[80,80,80,80,80,80,80,81,81,81,81,91,92,93,93,93],"card_choices":[{"not_picked":["Clash","Second Wind"],"picked":"Clothesline","floor":1.0},{"not_picked":["Power Through","Warcry","Disarm"],"picked":"SKIP","floor":4.0},{"not_picked":["Heavy Blade","Seeing Red"],"picked":"Entrench","floor":8.0},{"not_picked":["Pommel Strike","Intimidate"],"picked":"Impervious","floor":13.0},{"not_picked":["Pommel Strike","Burning Pact"],"picked":"Armaments","floor":14.0},{"not_picked":["Thunderclap","Headbutt"],"picked":"Clothesline","floor":15.0}],"player_experience":763013,"relics_obtained":[{"floor":9.0,"key":"Kunai"},{"floor":10.0,"key":"Dream Catcher"}],"event_choices":[{"damage_healed":0.0,"max_hp_gain":0.0,"max_hp_loss":0.0,"gold_gain":75.0,"event_name":"World of Goop","player_choice":"Gather Gold","floor":3.0,"gold_loss":0.0,"damage_taken":11.0},{"damage_healed":0.0,"max_hp_gain":0.0,"max_hp_loss":0.0,"gold_gain":0.0,"event_name":"FaceTrader","player_choice":"Trade","floor":5.0,"gold_loss":0.0,"damage_taken":0.0,"relics_obtained":["FaceOfCleric"]},{"damage_healed":0.0,"max_hp_gain":0.0,"max_hp_loss":0.0,"gold_gain":0.0,"event_name":"Big Fish","player_choice":"Box","floor":12.0,"gold_loss":0.0,"damage_taken":0.0,"relics_obtained":["Pear"],"cards_obtained":["Regret"]}],"is_beta":false,"boss_relics":[],"items_purged_floors":[7],"is_endless":false,"potions_floor_spawned":[13,14],"killed_by":"Slime Boss","ascension_level":6}