{"gold_per_floor":[109,109,41,52,70,70,70,70,94,123,123,153,165,22,22,99,99,117,117,136,148,159,159,190,190,190,205,240,270,283,283,283,360,360,378,394,409,26,41,41,41,71,71,96,96,96,96,128,128,128],"floor_reached":51,"playtime":3453,"items_purged":["Strike_G"],"score":1377,"play_id":"2fb9e3d6-3d44-4000-a1c8-5189bc2d8170","local_time":"20190501142759","is_ascension_mode":true,"campfire_choices":[{"data":"Neutralize","floor":6.0,"key":"SMITH"},{"data":"Noxious Fumes","floor":11.0,"key":"SMITH"},{"data":"Poisoned Stab","floor":15.0,"key":"SMITH"},{"floor":23.0,"key":"REST"},{"data":"Venomology","floor":25.0,"key":"SMITH"},{"floor":32.0,"key":"REST"},{"floor":41,"key":"REST"},{"data":"Apotheosis","floor":45,"key":"SMITH"},{"data":"After Image","floor":49,"key":"SMITH"}],"neow_cost":"NONE","seed_source_timestamp":22468308008567,"circlet_count":0,"master_deck":["AscendersBane","Survivor","Neutralize+1","Deflect","Noxious Fumes+1","Poisoned Stab+1","Quick Slash","Predator","Escape Plan","Cloak And Dagger","Well Laid Plans","After Image+1","Underhanded Strike","Tactician","Bane","Dodge and Roll","Venomology+1","Flechettes","Crippling Poison","Dagger Spray","Dash","Cloak And Dagger","Leg Sweep+1","Acrobatics","PiercingWail+1","Calculated Gamble","PiercingWail","Dodge and Roll","Glass Knife","Leg Sweep","Apotheosis+1","Dodge and Roll","Prepared+1","Dodge and Roll+1"],"special_seed":0,"relics":["Ring of the Snake","Centennial Puzzle","Ninja Scroll","Regal Pillow","Pandora\u0027s Box","Potion Belt","Gremlin Horn","Red Mask","Bronze Scales","Philosopher\u0027s Stone","ClockworkSouvenir","Question Card","Kunai","Mummified Hand","Oddly Smooth Stone"],"potions_floor_usage":[42,42,44,50,50,50],"damage_taken":[{"damage":12.0,"enemies":"Small Slimes","floor":1.0,"turns":6.0},{"damage":0.0,"enemies":"Cultist","floor":4.0,"turns":4.0},{"damage":0.0,"enemies":"Jaw Worm","floor":5.0,"turns":4.0},{"damage":25.0,"enemies":"3 Sentries","floor":10.0,"turns":8.0},{"damage":17.0,"enemies":"Lagavulin","floor":12.0,"turns":8.0},{"damage":7.0,"enemies":"Lots of Slimes","floor":13.0,"turns":5.0},{"damage":3.0,"enemies":"Slime Boss","floor":16.0,"turns":8.0},{"damage":11.0,"enemies":"Chosen","floor":18.0,"turns":5.0},{"damage":0.0,"enemies":"3 Byrds","floor":20.0,"turns":4.0},{"damage":4.0,"enemies":"Cultist and Chosen","floor":21.0,"turns":6.0},{"damage":2.0,"enemies":"Centurion and Healer","floor":22.0,"turns":6.0},{"damage":8.0,"enemies":"Gremlin Leader","floor":24.0,"turns":8.0},{"damage":1.0,"enemies":"Chosen and Byrds","floor":27.0,"turns":6.0},{"damage":5.0,"enemies":"Masked Bandits","floor":28.0,"turns":6.0},{"damage":11.0,"enemies":"Slavers","floor":29.0,"turns":6.0},{"damage":0.0,"enemies":"Sentry and Sphere","floor":30.0,"turns":7.0},{"damage":35.0,"enemies":"Collector","floor":33.0,"turns":12.0},{"damage":15.0,"enemies":"3 Darklings","floor":35.0,"turns":5.0},{"damage":6.0,"enemies":"3 Shapes","floor":36.0,"turns":4.0},{"damage":0.0,"enemies":"3 Darklings","floor":37.0,"turns":8.0},{"damage":6,"enemies":"4 Shapes","floor":39,"turns":5},{"damage":7,"enemies":"Giant Head","floor":42,"turns":9},{"damage":5,"enemies":"Reptomancer","floor":44,"turns":7},{"damage":0,"enemies":"Nemesis","floor":48,"turns":7},{"damage":2,"enemies":"Time Eater","floor":50,"turns":16}],"seed_played":"3791371166323358879","potions_obtained":[{"floor":5.0,"key":"GhostInAJar"},{"floor":12.0,"key":"FearPotion"},{"floor":18.0,"key":"Block Potion"},{"floor":24.0,"key":"Block Potion"},{"floor":28.0,"key":"FearPotion"},{"floor":35.0,"key":"Poison Potion"},{"floor":42,"key":"SteroidPotion"},{"floor":44,"key":"GhostInAJar"}],"is_trial":false,"path_per_floor":["M","?","$","M","M","R","$","?","T","E","R","E","M","$","R","B",null,"M","?","M","M","M","R","E","R","T","M","?","E","M","?","R","B",null,"M","M","M","$","M","?","R","E","T","E","R","?","?","E","R","B",null],"character_chosen":"THE_SILENT","items_purchased":["Noxious Fumes","Well Laid Plans","ClockworkSouvenir","Apotheosis"],"campfire_rested":3,"item_purchase_floors":[3,14,38,38],"current_hp_per_floor":[53,72,72,72,72,72,72,72,72,47,47,30,23,23,23,20,59,48,48,48,44,42,72,64,64,64,63,58,47,47,47,72,37,63,48,42,42,42,36,36,72,65,65,60,60,60,82,82,82,80],"gold":128,"neow_bonus":"TEN_PERCENT_HP_BONUS","is_prod":false,"is_daily":false,"chose_seed":false,"campfire_upgraded":6,"win_rate":0,"timestamp":1556746079,"path_taken":["M","?","?","M","M","R","$","?","T","E","R","E","M","$","R","BOSS","M","?","M","?","M","R","E","R","T","M","?","E","M","?","R","BOSS","M","M","M","$","M","?","R","E","T","E","R","?","?","E","R","BOSS"],"build_version":"2019-01-23","purchased_purges":1,"victory":true,"max_hp_per_floor":[72,72,72,72,72,72,72,72,72,72,72,72,72,72,72,72,72,72,72,72,72,72,72,72,72,72,72,72,72,72,72,72,72,72,72,72,72,72,72,72,72,72,72,72,72,72,82,82,82,82],"card_choices":[{"not_picked":["Prepared","Choke"],"picked":"Deflect","floor":1.0},{"not_picked":["Bane","Flying Knee"],"picked":"Poisoned Stab","floor":4.0},{"not_picked":["PiercingWail","Tactician"],"picked":"Quick Slash","floor":5.0},{"not_picked":["Riddle With Holes","Noxious Fumes"],"picked":"Predator","floor":10.0},{"not_picked":["Masterful Stab","Outmaneuver"],"picked":"Escape Plan","floor":12.0},{"not_picked":["Dagger Spray","Deflect"],"picked":"Cloak And Dagger","floor":13.0},{"not_picked":["Wraith Form v2","Bullet Time"],"picked":"After Image","floor":16.0},{"not_picked":["Underhanded Strike","Blade Dance"],"picked":"Dagger Spray","floor":18.0},{"not_picked":["Deadly Poison","Blade Dance"],"picked":"Dash","floor":20.0},{"not_picked":["Endless Agony","Deadly Poison"],"picked":"Cloak And Dagger","floor":21.0},{"not_picked":["Dagger Spray","Phantasmal Killer"],"picked":"Leg Sweep+1","floor":22.0},{"not_picked":["Bane","Deflect+1"],"picked":"Acrobatics","floor":24.0},{"not_picked":["Setup","Outmaneuver+1"],"picked":"PiercingWail+1","floor":27.0},{"not_picked":["Tactician","Dash"],"picked":"Calculated Gamble","floor":28.0},{"not_picked":["Flying Knee","Distraction"],"picked":"PiercingWail","floor":29.0},{"not_picked":["Setup","Sucker Punch"],"picked":"Dodge and Roll","floor":30.0},{"not_picked":["Night Terror","Phantasmal Killer"],"picked":"Glass Knife","floor":33.0},{"not_picked":["Sucker Punch","Acrobatics"],"picked":"Leg Sweep","floor":35.0},{"not_picked":["Outmaneuver","Deadly Poison","Expertise"],"picked":"SKIP","floor":36.0},{"not_picked":["Acrobatics","Blade Dance","Endless Agony+1"],"picked":"SKIP","floor":37.0},{"not_picked":["Flying Knee+1","Leg Sweep"],"picked":"Dodge and Roll","floor":39},{"not_picked":["Cloak And Dagger","Expertise+1"],"picked":"Backstab+1","floor":42},{"not_picked":["Slice","Quick Slash","Poisoned Stab"],"picked":"Prepared+1","floor":44},{"not_picked":["Poisoned Stab","Flying Knee","Bane"],"picked":"Dodge and Roll+1","floor":48}],"player_experience":2519582,"relics_obtained":[{"floor":9.0,"key":"Centennial Puzzle"},{"floor":10.0,"key":"Ninja Scroll"},{"floor":12.0,"key":"Regal Pillow"},{"floor":24.0,"key":"Potion Belt"},{"floor":26.0,"key":"Gremlin Horn"},{"floor":28.0,"key":"Red Mask"},{"floor":29.0,"key":"Bronze Scales"},{"floor":42,"key":"Question Card"},{"floor":43,"key":"Kunai"},{"floor":44,"key":"Mummified Hand"},{"floor":48,"key":"Oddly Smooth Stone"}],"event_choices":[{"damage_healed":19.0,"max_hp_gain":0.0,"max_hp_loss":0.0,"gold_gain":0.0,"event_name":"Wheel of Change","player_choice":"Full Heal","floor":2.0,"gold_loss":0.0,"damage_taken":0.0},{"damage_healed":0.0,"max_hp_gain":0.0,"max_hp_loss":0.0,"gold_gain":0.0,"event_name":"The Cleric","player_choice":"Leave","floor":8.0,"gold_loss":0.0,"damage_taken":0.0},{"cards_removed":["Phantasmal Killer"],"damage_healed":0.0,"max_hp_gain":0.0,"max_hp_loss":0.0,"gold_gain":0.0,"event_name":"Purifier","player_choice":"Purged","floor":19.0,"gold_loss":0.0,"damage_taken":0.0},{"damage_healed":0.0,"max_hp_gain":0.0,"max_hp_loss":0.0,"gold_gain":0.0,"event_name":"Masked Bandits","player_choice":"Fought Bandits","floor":28.0,"gold_loss":0.0,"damage_taken":0.0},{"damage_healed":0.0,"max_hp_gain":0.0,"max_hp_loss":0.0,"gold_gain":0.0,"event_name":"Beggar","player_choice":"Ignored","floor":31.0,"gold_loss":0.0,"damage_taken":0.0},{"damage_healed":0,"gold_gain":0,"player_choice":"Memory 1","damage_taken":0,"max_hp_gain":0,"max_hp_loss":0,"event_name":"SensoryStone","floor":40,"gold_loss":0},{"cards_removed":["Backstab"],"damage_healed":0,"gold_gain":0,"player_choice":"Removed Attack","damage_taken":0,"max_hp_gain":0,"max_hp_loss":0,"event_name":"Falling","floor":46,"gold_loss":0},{"cards_removed":["Doppelganger"],"damage_healed":12,"gold_gain":0,"player_choice":"Offered Rare","damage_taken":0,"max_hp_gain":10,"max_hp_loss":0,"event_name":"Bonfire Elementals","floor":47,"gold_loss":0}],"is_beta":false,"boss_relics":[{"not_picked":["HoveringKite","Calling Bell"],"picked":"Pandora\u0027s Box"},{"not_picked":["WristBlade","Black Star"],"picked":"Philosopher\u0027s Stone"}],"items_purged_floors":[14],"is_endless":false,"potions_floor_spawned":[5,12,13,18,24,28,35,42,44],"ascension_level":15}