{"gold_per_floor":[109,119,119,44,54,87,87,99,99,125,172,184,232,267,279,416,428,453,488,275,190,13,48,48,48,48,48,48,48,48,62,62,165,165,178,28,78,78,94,94,104,115,140,140,140,140,150,182,182,182],"floor_reached":50,"playtime":4580,"items_purged":["Strike_G","Injury","Strike_G","Defend_G"],"score":508,"play_id":"71558046-2b46-49fd-ac1e-9720baea6bf9","local_time":"20180929114654","is_ascension_mode":false,"campfire_choices":[{"data":"Glass Knife","floor":7,"key":"SMITH"},{"data":"Bane","floor":15,"key":"SMITH"},{"data":"Noxious Fumes","floor":25,"key":"SMITH"},{"data":"Glass Knife","floor":28,"key":"SMITH"},{"data":"Catalyst","floor":30,"key":"SMITH"},{"data":"Finisher","floor":32,"key":"SMITH"},{"floor":40,"key":"REST"},{"data":"Poisoned Stab","floor":44,"key":"SMITH"},{"data":"Dodge and Roll","floor":49,"key":"SMITH"}],"neow_cost":"NONE","seed_source_timestamp":0,"circlet_count":0,"master_deck":["Defend_G","Defend_G+1","Defend_G","Strike_G","Strike_G","Strike_G","Survivor","Neutralize","Backstab","Glass Knife+1","Dodge and Roll+1","Catalyst+1","Bane+1","Quick Slash","Quick Slash","Sucker Punch","Glass Knife+1","Poisoned Stab+1","Backstab","Bouncing Flask+1","Quick Slash","Deadly Poison","Noxious Fumes+1","Finisher+1","Burst+1","Finesse+1"],"special_seed":0,"relics":["Velvet Choker","Happy Flower","MawBank","Gremlin Horn","Bloody Idol","Lantern","Eternal Feather","Juzu Bracelet","War Paint","Toxic Egg 2","Enchiridion","Lizard Tail","Bird Faced Urn","Pen Nib","Strawberry","Oddly Smooth Stone"],"potions_floor_usage":[6,11,13,18,23,33,48,50],"damage_taken":[{"damage":0.0,"enemies":"Small Slimes","floor":1.0,"turns":4.0},{"damage":0,"enemies":"2 Louse","floor":2,"turns":2},{"damage":1,"enemies":"Jaw Worm","floor":5,"turns":2},{"damage":24,"enemies":"Gremlin Nob","floor":6,"turns":5},{"damage":0,"enemies":"Blue Slaver","floor":8,"turns":3},{"damage":0,"enemies":"Red Slaver","floor":10,"turns":3},{"damage":4,"enemies":"Lagavulin","floor":11,"turns":4},{"damage":10,"enemies":"Gremlin Nob","floor":13,"turns":3},{"damage":0,"enemies":"Large Slime","floor":14,"turns":4},{"damage":27,"enemies":"Slime Boss","floor":16,"turns":11},{"damage":6,"enemies":"3 Byrds","floor":18,"turns":3},{"damage":10,"enemies":"Chosen","floor":19,"turns":3},{"damage":27,"enemies":"Slavers","floor":23,"turns":4},{"damage":15,"enemies":"Shelled Parasite and Fungi","floor":31,"turns":4},{"damage":65,"enemies":"Automaton","floor":33,"turns":7},{"damage":13,"enemies":"3 Darklings","floor":35,"turns":4},{"damage":42,"enemies":"Mysterious Sphere","floor":37,"turns":4},{"damage":21,"enemies":"3 Shapes","floor":39,"turns":5},{"damage":34,"enemies":"Maw","floor":41,"turns":6},{"damage":16,"enemies":"3 Darklings","floor":42,"turns":4},{"damage":21,"enemies":"Spire Growth","floor":47,"turns":3},{"damage":37,"enemies":"2 Orb Walkers","floor":48,"turns":3},{"damage":77,"enemies":"Awakened One","floor":50,"turns":4}],"seed_played":"-2554327863241187056","potions_obtained":[{"floor":5,"key":"Swift Potion"},{"floor":6,"key":"Poison Potion"},{"floor":10,"key":"LiquidBronze"},{"floor":11,"key":"AttackPotion"},{"floor":16,"key":"SpeedPotion"},{"floor":18,"key":"Strength Potion"},{"floor":23,"key":"SteroidPotion"},{"floor":39,"key":"AttackPotion"},{"floor":42,"key":"PowerPotion"}],"is_trial":false,"path_per_floor":["M","M","?","$","M","E","R","M","T","M","E","?","E","M","R","B",null,"M","M","$","?","$","E","?","R","T","?","R","?","R","M","R","B",null,"M","$","?","?","M","R","M","M","T","R","?","$","M","E","R"],"character_chosen":"THE_SILENT","items_purchased":["Bouncing Flask","Quick Slash","Deadly Poison"],"campfire_rested":1,"item_purchase_floors":[20,20,22],"current_hp_per_floor":[70,70,70,70,69,45,45,45,45,45,41,41,31,31,31,4,70,64,54,54,54,54,27,27,39,39,62,70,54,66,56,70,10,70,62,62,25,25,13,49,24,15,20,35,42,42,28,43,58,0],"gold":182,"neow_bonus":"BOSS_RELIC","is_prod":false,"is_daily":false,"chose_seed":false,"campfire_upgraded":8,"win_rate":0.0,"timestamp":1538236014,"path_taken":["M","M","?","$","M","E","R","M","T","M","E","?","E","M","R","BOSS","M","M","$","?","$","E","?","R","T","?","R","?","R","M","R","BOSS","M","$","?","?","M","R","M","M","T","R","?","$","M","E","R","BOSS"],"build_version":"2018-09-27","purchased_purges":4,"victory":false,"max_hp_per_floor":[70,70,70,70,70,70,70,70,70,70,70,70,70,70,70,70,70,70,70,70,70,70,70,70,70,70,70,70,70,70,70,70,70,70,70,70,70,70,70,70,70,70,70,70,77,77,77,77,77,77],"card_choices":[{"not_picked":["Underhanded Strike","Caltrops","Tactician"],"picked":"SKIP","floor":1},{"not_picked":["Endless Agony","Dodge and Roll"],"picked":"Backstab","floor":2},{"not_picked":["Bouncing Flask","PiercingWail"],"picked":"Dodge and Roll","floor":5},{"not_picked":["Prepared","Expertise"],"picked":"Catalyst","floor":6},{"not_picked":["Quick Slash","All Out Attack"],"picked":"Bane","floor":8},{"not_picked":["Slice","Blade Dance"],"picked":"Quick Slash","floor":10},{"not_picked":["Backflip","Distraction"],"picked":"Quick Slash","floor":11},{"not_picked":["Prepared","Eviscerate"],"picked":"Sucker Punch","floor":13},{"not_picked":["Outmaneuver","Tools of the Trade","Flying Knee"],"picked":"SKIP","floor":14},{"not_picked":["Burst","Tools of the Trade"],"picked":"Glass Knife","floor":16},{"not_picked":["Well Laid Plans+1","Choke"],"picked":"Poisoned Stab","floor":18},{"not_picked":["Tactician+1","Eviscerate+1"],"picked":"Backstab","floor":19},{"not_picked":["Footwork","Leg Sweep"],"picked":"Noxious Fumes","floor":23},{"not_picked":["Riddle With Holes","Crippling Poison+1"],"picked":"Finisher","floor":31},{"not_picked":["Venomology+1","A Thousand Cuts"],"picked":"Burst+1","floor":33},{"not_picked":["Dagger Spray+1","Deadly Poison+1","PiercingWail+1"],"picked":"SKIP","floor":35},{"not_picked":["Chrysalis+1","The Bomb+1"],"picked":"Finesse+1","floor":38},{"not_picked":["Infinite Blades+1","Dodge and Roll+1","Backflip+1"],"picked":"SKIP","floor":39},{"not_picked":["Caltrops","Noxious Fumes","Terror+1"],"picked":"SKIP","floor":41},{"not_picked":["Slice","Leg Sweep+1","Blur+1"],"picked":"SKIP","floor":42},{"not_picked":["Flying Knee+1","Skewer+1","Masterful Stab"],"picked":"SKIP","floor":47},{"not_picked":["Backflip+1","Skewer+1","Dagger Spray+1"],"picked":"SKIP","floor":48}],"player_experience":10479,"relics_obtained":[{"floor":6,"key":"Happy Flower"},{"floor":9,"key":"MawBank"},{"floor":11,"key":"Gremlin Horn"},{"floor":13,"key":"Lantern"},{"floor":23,"key":"War Paint"},{"floor":26,"key":"Toxic Egg 2"},{"floor":29,"key":"Enchiridion"},{"floor":37,"key":"Bird Faced Urn"},{"floor":43,"key":"Pen Nib"},{"floor":48,"key":"Oddly Smooth Stone"}],"event_choices":[{"event_name":"Living Wall","player_choice":"Change","floor":3,"damage_taken":0},{"event_name":"Golden Idol","player_choice":"Take Wound","floor":12,"damage_taken":0},{"event_name":"Addict","player_choice":"Obtained Relic","floor":21,"damage_taken":0},{"event_name":"Forgotten Altar","player_choice":"Gave Idol","floor":24,"damage_taken":0},{"event_name":"The Library","player_choice":"Heal","floor":27,"damage_taken":0},{"event_name":"Cursed Tome","player_choice":"Obtained Book","floor":29,"damage_taken":0},{"event_name":"Mysterious Sphere","player_choice":"Fight","floor":37,"damage_taken":0},{"event_name":"SensoryStone","player_choice":"Memory 1","floor":38,"damage_taken":0},{"event_name":"WeMeetAgain","player_choice":"Potion","floor":45,"damage_taken":0}],"is_beta":false,"boss_relics":[{"not_picked":["Fusion Hammer","Ectoplasm"],"picked":"Eternal Feather"},{"not_picked":["Snecko Eye","Tiny House"],"picked":"Lizard Tail"}],"items_purged_floors":[4,20,22,36],"is_endless":false,"potions_floor_spawned":[5,6,10,11,16,18,23,39,42],"killed_by":"Awakened One","ascension_level":0}