{"gold_per_floor":[112,112,129,54,64,98,98,117,117,17,49,64,64,64,64,138,138,149,175,175,188,63,63,93,103,103,103,103,103,120,151,151,230,230,247,247,265,282,63,96,96,96,120,120,132,132,232,243,243,243],"floor_reached":51,"playtime":3768,"items_purged":["Strike_R","Strike_R","Strike_R","Defend_R"],"score":1258,"play_id":"6590e3af-1855-40f8-8e37-a808151193ec","local_time":"20190122020804","is_ascension_mode":true,"campfire_choices":[{"data":"Power Through","floor":7.0,"key":"SMITH"},{"floor":13.0,"key":"REST"},{"data":"True Grit","floor":15.0,"key":"SMITH"},{"data":"Limit Break","floor":23.0,"key":"SMITH"},{"data":"1","floor":27.0,"key":"LIFT"},{"data":"Ghostly","floor":29.0,"key":"SMITH"},{"data":"Ghostly","floor":32.0,"key":"SMITH"},{"data":"Barricade","floor":41.0,"key":"SMITH"},{"data":"Heavy Blade","floor":44.0,"key":"SMITH"},{"data":"2","floor":49.0,"key":"LIFT"}],"neow_cost":"NONE","seed_source_timestamp":0,"circlet_count":0,"master_deck":["AscendersBane","Defend_R","Defend_R","Bash+1","Spot Weakness","Cleave","Clothesline+1","Power Through+1","Thunderclap","True Grit+1","Sword Boomerang+1","Limit Break+1","Shockwave+1","Battle Trance","Metallicize+1","Shrug It Off","Burning Pact","Ghostly+1","Ghostly+1","Ghostly","Ghostly","Ghostly","Heavy Blade+1","Dropkick","Barricade+1","Dark Embrace+1","Exhume+1","Burning Pact+1","Metallicize","Flame Barrier","Disarm","Shockwave+1"],"special_seed":0,"relics":["Burning Blood","NeowsBlessing","Red Skull","Dodecahedron","Mercury Hourglass","Girya","Mark of Pain","Red Mask","Lantern","Singing Bowl","Blue Candle","Astrolabe","Bottled Lightning","FaceOfCleric","Whetstone"],"potions_floor_usage":[],"damage_taken":[{"damage":0.0,"enemies":"Jaw Worm","floor":1.0,"turns":1.0},{"damage":0.0,"enemies":"Cultist","floor":3.0,"turns":1.0},{"damage":0.0,"enemies":"Small Slimes","floor":5.0,"turns":1.0},{"damage":43.0,"enemies":"Lagavulin","floor":6.0,"turns":8.0},{"damage":2.0,"enemies":"3 Louse","floor":8.0,"turns":3.0},{"damage":17.0,"enemies":"Gremlin Nob","floor":11.0,"turns":4.0},{"damage":8.0,"enemies":"Large Slime","floor":12.0,"turns":4.0},{"damage":16.0,"enemies":"The Guardian","floor":16.0,"turns":11.0},{"damage":11.0,"enemies":"Spheric Guardian","floor":18.0,"turns":4.0},{"damage":24.0,"enemies":"Masked Bandits","floor":19.0,"turns":4.0},{"damage":8.0,"enemies":"3 Byrds","floor":21.0,"turns":3.0},{"damage":14.0,"enemies":"Book of Stabbing","floor":24.0,"turns":5.0},{"damage":0.0,"enemies":"Centurion and Healer","floor":25.0,"turns":5.0},{"damage":3.0,"enemies":"Snake Plant","floor":30.0,"turns":5.0},{"damage":0.0,"enemies":"Slavers","floor":31.0,"turns":6.0},{"damage":6.0,"enemies":"Collector","floor":33.0,"turns":10.0},{"damage":0.0,"enemies":"3 Shapes","floor":35.0,"turns":6.0},{"damage":0.0,"enemies":"3 Darklings","floor":37.0,"turns":6.0},{"damage":0.0,"enemies":"Spire Growth","floor":38.0,"turns":7.0},{"damage":12.0,"enemies":"Giant Head","floor":40.0,"turns":10.0},{"damage":1.0,"enemies":"Transient","floor":45.0,"turns":5.0},{"damage":0.0,"enemies":"Jaw Worm Horde","floor":46.0,"turns":1.0},{"damage":0.0,"enemies":"Maw","floor":48.0,"turns":9.0},{"damage":20,"enemies":"Time Eater","floor":50,"turns":12}],"seed_played":"6375423882904588311","potions_obtained":[{"floor":5.0,"key":"Ancient Potion"},{"floor":6.0,"key":"EssenceOfSteel"},{"floor":19.0,"key":"Poison Potion"},{"floor":24.0,"key":"Weak Potion"},{"floor":35.0,"key":"SkillPotion"},{"floor":37.0,"key":"SmokeBomb"},{"floor":48.0,"key":"Dexterity Potion"}],"is_trial":false,"path_per_floor":["M","?","M","$","M","E","R","M","T","$","E","M","R","?","R","B",null,"M","?","?","M","$","R","E","M","T","R","?","R","M","E","R","B",null,"M","?","M","M","$","E","R","?","T","R","M","M","?","M","R","B",null],"character_chosen":"IRONCLAD","items_purchased":["Flame Barrier"],"campfire_rested":1,"item_purchase_floors":[39],"current_hp_per_floor":[74,74,75,75,75,38,38,42,42,42,31,29,51,44,44,34,65,60,42,42,40,40,40,32,38,38,38,37,37,37,37,37,37,37,37,37,39,41,41,37,37,37,37,37,43,45,45,46,46,33],"gold":243,"neow_bonus":"THREE_ENEMY_KILL","is_prod":false,"is_daily":false,"chose_seed":false,"campfire_upgraded":7,"win_rate":0,"timestamp":1548119284,"path_taken":["M","?","M","$","M","E","R","M","T","$","E","?","R","?","R","BOSS","M","?","?","M","$","R","E","M","T","R","?","R","M","E","R","BOSS","M","?","?","M","$","E","R","?","T","R","M","?","?","M","R","BOSS"],"build_version":"2019-01-17v2","purchased_purges":4,"victory":true,"max_hp_per_floor":[75,75,75,75,75,75,75,75,75,75,75,75,75,75,75,75,75,75,75,75,75,75,75,75,75,75,75,37,37,37,37,37,37,37,37,37,39,41,41,43,43,43,43,43,44,45,45,46,46,47],"card_choices":[{"not_picked":["Thunderclap","Wild Strike"],"picked":"Spot Weakness","floor":1.0},{"not_picked":["Pommel Strike","Warcry"],"picked":"Cleave","floor":3.0},{"not_picked":["Thunderclap","Blood for Blood"],"picked":"Clothesline","floor":5.0},{"not_picked":["Iron Wave","Sword Boomerang"],"picked":"Power Through","floor":6.0},{"not_picked":["Clothesline","Sever Soul"],"picked":"Thunderclap","floor":8.0},{"not_picked":["Wild Strike","Offering"],"picked":"True Grit","floor":11.0},{"not_picked":["Havoc","Reckless Charge"],"picked":"Sword Boomerang","floor":12.0},{"not_picked":["Berserk","Double Tap"],"picked":"Limit Break","floor":16.0},{"not_picked":["Uppercut","Body Slam"],"picked":"Shockwave+1","floor":18.0},{"not_picked":["Intimidate","Cleave"],"picked":"Battle Trance","floor":19.0},{"not_picked":["Bloodletting","Thunderclap"],"picked":"Metallicize+1","floor":21.0},{"not_picked":["Ghostly Armor","Rage"],"picked":"Shrug It Off","floor":24.0},{"not_picked":["Body Slam","Sword Boomerang"],"picked":"Burning Pact","floor":25.0},{"not_picked":["Warcry","Shockwave"],"picked":"Heavy Blade","floor":30.0},{"not_picked":["Feel No Pain","Burning Pact+1"],"picked":"Dropkick","floor":31.0},{"not_picked":["Double Tap","Demon Form"],"picked":"Barricade","floor":33.0},{"not_picked":["Warcry","True Grit"],"picked":"Metallicize","floor":35.0},{"not_picked":["Shrug It Off","Pommel Strike","Bloodletting"],"picked":"Singing Bowl","floor":37.0},{"not_picked":["Inflame","Uppercut","Clothesline"],"picked":"Singing Bowl","floor":38.0},{"not_picked":["Wild Strike","Cleave","Spot Weakness"],"picked":"Singing Bowl","floor":40.0},{"not_picked":["Immolate","Heavy Blade"],"picked":"Disarm","floor":45.0},{"not_picked":["Intimidate+1","Burning Pact+1"],"picked":"Shockwave+1","floor":48.0}],"player_experience":522259,"relics_obtained":[{"floor":6.0,"key":"Red Skull"},{"floor":9.0,"key":"Dodecahedron"},{"floor":11.0,"key":"Mercury Hourglass"},{"floor":19.0,"key":"Red Mask"},{"floor":24.0,"key":"Lantern"},{"floor":26.0,"key":"Singing Bowl"},{"floor":31.0,"key":"Blue Candle"},{"floor":40.0,"key":"Bottled Lightning"},{"floor":43.0,"key":"Whetstone"}],"event_choices":[{"damage_healed":0.0,"max_hp_gain":0.0,"max_hp_loss":0.0,"gold_gain":0.0,"event_name":"Accursed Blacksmith","player_choice":"Forge","floor":2.0,"gold_loss":0.0,"damage_taken":0.0,"cards_upgraded":["Bash"]},{"damage_healed":0.0,"max_hp_gain":0.0,"max_hp_loss":0.0,"gold_gain":0.0,"event_name":"Scrap Ooze","player_choice":"Success","floor":14.0,"gold_loss":0.0,"damage_taken":7.0,"relics_obtained":["Girya"]},{"damage_healed":0.0,"max_hp_gain":0.0,"max_hp_loss":0.0,"gold_gain":0.0,"event_name":"Masked Bandits","player_choice":"Fought Bandits","floor":19.0,"gold_loss":0.0,"damage_taken":0.0},{"damage_healed":0.0,"max_hp_gain":0.0,"max_hp_loss":0.0,"gold_gain":0.0,"event_name":"Vampires","player_choice":"Ignored","floor":20.0,"gold_loss":0.0,"damage_taken":0.0},{"damage_healed":0.0,"max_hp_gain":0.0,"max_hp_loss":38.0,"gold_gain":0.0,"event_name":"Ghosts","player_choice":"Became a Ghost","floor":28.0,"gold_loss":0.0,"damage_taken":0.0,"cards_obtained":["Ghostly","Ghostly","Ghostly","Ghostly","Ghostly"]},{"damage_healed":0.0,"max_hp_gain":0.0,"max_hp_loss":0.0,"gold_gain":0.0,"event_name":"SecretPortal","player_choice":"Ignored","floor":36.0,"gold_loss":0.0,"damage_taken":0.0},{"damage_healed":0.0,"max_hp_gain":0.0,"max_hp_loss":0.0,"gold_gain":0.0,"event_name":"FaceTrader","player_choice":"Trade","floor":42.0,"gold_loss":0.0,"damage_taken":0.0,"relics_obtained":["FaceOfCleric"]},{"damage_healed":0.0,"max_hp_gain":0.0,"max_hp_loss":0.0,"gold_gain":100.0,"event_name":"Golden Shrine","player_choice":"Pray","floor":47.0,"gold_loss":0.0,"damage_taken":0.0}],"is_beta":false,"boss_relics":[{"not_picked":["Coffee Dripper","Runic Cube"],"picked":"Mark of Pain"},{"not_picked":["Cursed Key","White Beast Statue"],"picked":"Astrolabe"}],"items_purged_floors":[4,10,22,39],"is_endless":false,"potions_floor_spawned":[5,6,8,19,24,30,31,35,37,38,40,48],"ascension_level":14}