{"path_per_floor":["M","?","?","$","M","R","?","E","T","R","M","M"],"character_chosen":"THE_SILENT","items_purchased":["Noxious Fumes"],"gold_per_floor":[119,194,194,139,156,156,156,200,200,200,215,233,233],"floor_reached":13,"campfire_rested":0,"playtime":584,"item_purchase_floors":[4],"current_hp_per_floor":[52,41,41,41,43,43,43,36,36,36,34,15,0],"items_purged":[],"gold":233,"score":87,"play_id":"a853047f-52d8-43c1-8e8a-9001775479c4","local_time":"20180616120816","is_prod":false,"is_daily":false,"chose_seed":false,"is_ascension_mode":true,"campfire_upgraded":2,"win_rate":0,"timestamp":1529176096,"campfire_choices":[{"data":"Dagger Spray","floor":6,"key":"SMITH"},{"data":"A Thousand Cuts","floor":10,"key":"SMITH"}],"path_taken":["M","?","?","$","M","R","?","E","T","R","M","?","E"],"build_version":"2018-06-14v2","seed_source_timestamp":21823440944297,"purchased_purges":0,"victory":false,"master_deck":["Defend_G","Defend_G","Defend_G","Defend_G","Strike_G","Strike_G","Strike_G","Strike_G","Strike_G","Survivor","Neutralize","Parasite","Injury","Injury","Backflip","Skewer","Noxious Fumes","Dagger Spray+1","A Thousand Cuts+1","Well Laid Plans","Malaise"],"max_hp_per_floor":[70,70,70,70,70,70,65,65,65,65,65,65,65],"relics":["Calling Bell","Blood Vial","The Courier","Incense Burner","Golden Idol","Unceasing Top","Happy Flower"],"card_choices":[{"not_picked":["Endless Agony","Cloak And Dagger"],"picked":"Backflip","floor":1},{"not_picked":["Deflect","Outmaneuver"],"picked":"Dagger Spray","floor":5},{"not_picked":["Poisoned Stab","Dagger Spray"],"picked":"A Thousand Cuts","floor":8},{"not_picked":["Deadly Poison","Poisoned Stab"],"picked":"Well Laid Plans","floor":11},{"not_picked":["Underhanded Strike","Deflect"],"picked":"Malaise","floor":12}],"player_experience":544755,"potions_floor_usage":[13],"damage_taken":[{"damage":18,"enemies":"Jaw Worm","floor":1,"turns":7},{"damage":0,"enemies":"Small Slimes","floor":5,"turns":3},{"damage":9,"enemies":"3 Sentries","floor":8,"turns":8},{"damage":4,"enemies":"2 Louse","floor":11,"turns":2},{"damage":21,"enemies":"Red Slaver","floor":12,"turns":4},{"damage":28,"enemies":"Gremlin Nob","floor":13,"turns":3}],"relics_obtained":[{"floor":0,"key":"Blood Vial"},{"floor":0,"key":"The Courier"},{"floor":0,"key":"Incense Burner"},{"floor":8,"key":"Unceasing Top"},{"floor":9,"key":"Happy Flower"}],"event_choices":[{"event_name":"World of Goop","player_choice":"Gather Gold","floor":2,"damage_taken":0},{"event_name":"Transmorgrifier","player_choice":"Transform","floor":3,"damage_taken":0},{"event_name":"Golden Idol","player_choice":"Lose Max HP","floor":7,"damage_taken":0}],"boss_relics":[],"items_purged_floors":[],"is_endless":false,"potions_floor_spawned":[1],"seed_played":"4174081647877370272","killed_by":"Gremlin Nob","ascension_level":1,"potions_obtained":[{"floor":1,"key":"FearPotion"}],"is_trial":false}