{"gold_per_floor":[118,135,135,11,25,25,55,75,75,75,105,105,135,154,154,256,256,266,295,295,308,321,353,364,397,397,426,457,471,471,61,61,158,158,168,168,182,196,71,106,106,140,140,172,197,208,218,229,229,229,229,229,79,112,112],"floor_reached":56,"playtime":4091,"items_purged":["Defend_B","Blizzard","Gash","Zap"],"score":1712,"play_id":"979857cf-5dd3-49be-960f-1775ca8e40f8","local_time":"20190113013601","is_ascension_mode":true,"campfire_choices":[{"data":"Melter","floor":6,"key":"SMITH"},{"data":"Buffer","floor":10,"key":"SMITH"},{"data":"Loop","floor":12,"key":"SMITH"},{"data":"Hologram","floor":15,"key":"SMITH"},{"data":"Turbo","floor":30,"key":"SMITH"},{"data":"Fission","floor":32,"key":"SMITH"},{"floor":49,"key":"RECALL"},{"floor":52,"key":"REST"}],"neow_cost":"NONE","seed_source_timestamp":32969777606567,"circlet_count":0,"master_deck":["Dualcast","Reboot","Melter+1","Hologram+1","Conserve Battery","Ball Lightning+1","White Noise","Buffer+1","Loop+1","Turbo+1","Rainbow","Steam","White Noise","Go for the Eyes+1","Self Repair","Glacier","Recycle","Skim+1","Heatsinks","Force Field+1","Capacitor+1","Seek","Fission+1","Electrodynamics","White Noise+1","BootSequence+1","Thunder Strike"],"relics":["Cracked Core","Pocketwatch","WingedGreaves","Gambling Chip","Lantern","Pandora\u0027s Box","Red Mask","Bag of Marbles","Whetstone","Art of War","DataDisk","Bronze Scales","Fusion Hammer","Bottled Lightning","Regal Pillow","PreservedInsect","Vajra"],"potions_floor_usage":[11,19,25,25,27,55,55],"damage_taken":[{"damage":1,"enemies":"Small Slimes","floor":1,"turns":2},{"damage":1,"enemies":"Cultist","floor":2,"turns":3},{"damage":0,"enemies":"2 Louse","floor":5,"turns":2},{"damage":21,"enemies":"Lagavulin","floor":7,"turns":6},{"damage":0,"enemies":"Blue Slaver","floor":8,"turns":4},{"damage":0,"enemies":"3 Sentries","floor":11,"turns":6},{"damage":0,"enemies":"Gremlin Nob","floor":13,"turns":4},{"damage":0,"enemies":"Exordium Thugs","floor":14,"turns":3},{"damage":23,"enemies":"Hexaghost","floor":16,"turns":9},{"damage":1,"enemies":"Shell Parasite","floor":18,"turns":2},{"damage":14,"enemies":"Masked Bandits","floor":19,"turns":4},{"damage":0,"enemies":"Spheric Guardian","floor":21,"turns":1},{"damage":3,"enemies":"Cultist and Chosen","floor":22,"turns":7},{"damage":1,"enemies":"Book of Stabbing","floor":23,"turns":6},{"damage":0,"enemies":"Sentry and Sphere","floor":24,"turns":3},{"damage":6,"enemies":"Slavers","floor":25,"turns":5},{"damage":0,"enemies":"Gremlin Leader","floor":27,"turns":6},{"damage":0,"enemies":"Book of Stabbing","floor":28,"turns":6},{"damage":6,"enemies":"Snecko","floor":29,"turns":4},{"damage":0,"enemies":"Automaton","floor":33,"turns":12},{"damage":0,"enemies":"3 Shapes","floor":35,"turns":2},{"damage":0,"enemies":"3 Darklings","floor":37,"turns":3},{"damage":0,"enemies":"Maw","floor":38,"turns":7},{"damage":0,"enemies":"Nemesis","floor":40,"turns":5},{"damage":0,"enemies":"Reptomancer","floor":42,"turns":6},{"damage":0,"enemies":"Giant Head","floor":44,"turns":11},{"damage":0,"enemies":"Nemesis","floor":45,"turns":5},{"damage":0,"enemies":"4 Shapes","floor":46,"turns":3},{"damage":0,"enemies":"3 Darklings","floor":47,"turns":4},{"damage":0,"enemies":"Maw","floor":48,"turns":6},{"damage":0,"enemies":"Time Eater","floor":50,"turns":14},{"damage":0,"enemies":"Shield and Spear","floor":54,"turns":4},{"damage":11,"enemies":"The Heart","floor":55,"turns":10}],"seed_played":"-37690243933063033","potions_obtained":[{"floor":5,"key":"Swift Potion"},{"floor":7,"key":"EssenceOfSteel"},{"floor":13,"key":"Explosive Potion"},{"floor":16,"key":"Block Potion"},{"floor":21,"key":"SteroidPotion"},{"floor":24,"key":"SkillPotion"},{"floor":27,"key":"GamblersBrew"},{"floor":35,"key":"FearPotion"},{"floor":45,"key":"Poison Potion"}],"is_trial":false,"path_per_floor":["M","M","?","$","M","R","E","M","T","R","E","R","E","M","R","B",null,"M","?","?","M","M","E","M","E","T","E","E","M","R","$","R","B",null,"M","?","M","M","$","E","?","E","T","E","E","M","M","M","R","B",null,"R","$","E","B",null],"character_chosen":"DEFECT","items_purchased":["Conserve Battery","Seek","Fission"],"campfire_rested":1,"item_purchase_floors":[4,31,31],"current_hp_per_floor":[74,73,73,73,73,73,52,52,52,52,52,52,52,52,52,29,75,74,60,60,67,71,75,75,75,75,75,75,75,75,75,75,75,75,75,75,75,75,75,75,85,85,85,85,85,85,85,85,85,85,85,85,85,85,81],"gold":112,"neow_bonus":"ONE_RANDOM_RARE_CARD","is_prod":false,"is_daily":false,"chose_seed":false,"campfire_upgraded":6,"win_rate":0,"timestamp":1547314561,"path_taken":["M","M","?","$","?","R","E","M","T","R","E","R","E","M","R","BOSS","M","?","?","?","M","E","M","E","T","E","E","?","R","$","R","BOSS","M","?","?","M","$","E","?","E","T","E","E","M","M","?","R","BOSS","R","$","E","BOSS"],"build_version":"2019-01-10","purchased_purges":4,"victory":true,"max_hp_per_floor":[75,75,75,75,75,75,75,75,75,75,75,75,75,75,75,75,75,75,75,75,75,75,75,75,75,75,75,75,75,75,75,75,75,75,75,75,75,75,75,75,85,85,85,85,85,85,85,85,85,85,85,85,85,85,85],"card_choices":[{"not_picked":["Coolheaded","Turbo"],"picked":"Melter","floor":1},{"not_picked":["Blizzard","Sweeping Beam"],"picked":"Hologram","floor":2},{"not_picked":["Conserve Battery","FTL"],"picked":"Ball Lightning","floor":5},{"not_picked":["Cold Snap","Melter"],"picked":"White Noise","floor":7},{"not_picked":["Stack","Sweeping Beam"],"picked":"Buffer","floor":8},{"not_picked":["Reprogram","Reinforced Body"],"picked":"Loop","floor":11},{"not_picked":["Turbo","White Noise","Loop"],"picked":"SKIP","floor":13},{"not_picked":["Turbo","White Noise","Loop"],"picked":"SKIP","floor":13},{"not_picked":["White Noise","Loop"],"picked":"Turbo","floor":13},{"not_picked":["Rebound","Rip and Tear","Streamline"],"picked":"SKIP","floor":14},{"not_picked":["Reboot","Buffer"],"picked":"Rainbow","floor":16},{"not_picked":["Turbo","Hello World","Gash"],"picked":"SKIP","floor":18},{"not_picked":["Gash","Ball Lightning"],"picked":"Self Repair","floor":19},{"not_picked":["Ball Lightning","Fusion+1"],"picked":"Glacier","floor":21},{"not_picked":["Turbo","Streamline","Auto Shields"],"picked":"SKIP","floor":22},{"not_picked":["Multi-Cast","Compile Driver"],"picked":"Recycle","floor":23},{"not_picked":["Auto Shields","Redo"],"picked":"Skim+1","floor":24},{"not_picked":["Hologram+1","Thunder Strike"],"picked":"Heatsinks","floor":25},{"not_picked":["Cold Snap+1","Recycle","Force Field+1"],"picked":"SKIP","floor":27},{"not_picked":["Cold Snap+1","Recycle"],"picked":"Force Field+1","floor":27},{"not_picked":["FTL","Melter+1","Leap"],"picked":"SKIP","floor":28},{"not_picked":["Ball Lightning+1","Go for the Eyes"],"picked":"Capacitor+1","floor":29},{"not_picked":["Rainbow","Machine Learning"],"picked":"Electrodynamics","floor":33},{"not_picked":["Fusion","Beam Cell+1","Steam+1"],"picked":"SKIP","floor":35},{"not_picked":["Fusion","Beam Cell+1","Steam+1"],"picked":"SKIP","floor":35},{"not_picked":["Go for the Eyes+1","Recycle+1","Turbo"],"picked":"SKIP","floor":37},{"not_picked":["Genetic Algorithm+1","Gash+1","Steam+1"],"picked":"SKIP","floor":38},{"not_picked":["Reboot","Sweeping Beam","Barrage+1"],"picked":"SKIP","floor":40},{"not_picked":["Beam Cell","Conserve Battery","Gash"],"picked":"SKIP","floor":42},{"not_picked":["Sweeping Beam+1","Aggregate"],"picked":"White Noise+1","floor":44},{"not_picked":["Rebound+1","Doom and Gloom+1"],"picked":"BootSequence+1","floor":45},{"not_picked":["Steam+1","Fission","Ball Lightning+1"],"picked":"SKIP","floor":46},{"not_picked":["Ball Lightning+1","Force Field","Hologram+1"],"picked":"SKIP","floor":47},{"not_picked":["Compile Driver+1","Steam+1","Chill+1"],"picked":"SKIP","floor":48},{"not_picked":["Compile Driver+1","Steam+1","Chill+1"],"picked":"SKIP","floor":48},{"not_picked":["Sweeping Beam+1","Double Energy"],"picked":"Thunder Strike","floor":54}],"player_experience":2523736,"relics_obtained":[{"floor":7,"key":"Pocketwatch"},{"floor":9,"key":"WingedGreaves"},{"floor":11,"key":"Gambling Chip"},{"floor":13,"key":"Lantern"},{"floor":19,"key":"Red Mask"},{"floor":23,"key":"Bag of Marbles"},{"floor":25,"key":"Whetstone"},{"floor":26,"key":"Art of War"},{"floor":27,"key":"DataDisk"},{"floor":28,"key":"Bronze Scales"},{"floor":40,"key":"Bottled Lightning"},{"floor":44,"key":"Regal Pillow"},{"floor":45,"key":"PreservedInsect"},{"floor":54,"key":"Vajra"}],"event_choices":[{"cards_removed":["Strike_B"],"damage_healed":0,"gold_gain":0,"player_choice":"Purged","damage_taken":0,"max_hp_gain":0,"max_hp_loss":0,"event_name":"Purifier","floor":3,"gold_loss":0},{"damage_healed":0,"gold_gain":0,"player_choice":"Fought Bandits","damage_taken":0,"max_hp_gain":0,"max_hp_loss":0,"event_name":"Masked Bandits","floor":19,"gold_loss":0},{"damage_healed":0,"gold_gain":0,"player_choice":"Ignored","damage_taken":0,"max_hp_gain":0,"max_hp_loss":0,"event_name":"Vampires","floor":20,"gold_loss":0},{"damage_healed":0,"gold_gain":0,"player_choice":"Ignored","damage_taken":0,"max_hp_gain":0,"max_hp_loss":0,"event_name":"SecretPortal","floor":36,"gold_loss":0},{"cards_removed":["Rainbow"],"damage_healed":0,"gold_gain":0,"player_choice":"Offered Rare","damage_taken":0,"max_hp_gain":10,"max_hp_loss":0,"event_name":"Bonfire Elementals","floor":41,"gold_loss":0}],"is_beta":false,"boss_relics":[{"not_picked":["Lizard Tail","Snecko Eye"],"picked":"Pandora\u0027s Box"},{"not_picked":["Astrolabe","Orrery"],"picked":"Fusion Hammer"}],"items_purged_floors":[4,31,39,53],"is_endless":false,"potions_floor_spawned":[5,7,13,16,18,21,22,24,27,35,45,46,47],"ascension_level":1}