{"gold_per_floor":[115,115,115,127,138,138,151,182,205,217,217,250,250,260,260,334,334,334,334,209,209,209,209,209,109,109,109,109,109,109,109,109,109,109,109,109,109,109,109,109],"floor_reached":40,"playtime":1612,"items_purged":["Strike_B","Strike_B"],"score":929,"play_id":"e14544ef-39db-4247-8968-cadaa09e7032","local_time":"20190210191808","is_ascension_mode":true,"campfire_choices":[{"data":"Doom and Gloom","floor":6.0,"key":"SMITH"},{"floor":11.0,"key":"REST"},{"data":"Dualcast","floor":13.0,"key":"SMITH"},{"data":"Genetic Algorithm","floor":15.0,"key":"SMITH"},{"floor":23.0,"key":"REST"},{"data":"Capacitor","floor":28.0,"key":"SMITH"},{"floor":30.0,"key":"REST"},{"floor":32.0,"key":"REST"}],"neow_cost":"NONE","seed_source_timestamp":212778252297736,"circlet_count":0,"master_deck":["AscendersBane","Strike_B","Strike_B+1","Defend_B","Defend_B","Defend_B","Defend_B","Zap+1","Dualcast+1","Capacitor+1","Sweeping Beam","Doom and Gloom+1","Steam","BootSequence","Genetic Algorithm+1","Echo Form","Ball Lightning","Leap","Cold Snap+1","Consume+1","Genetic Algorithm+1","Compile Driver","Electrodynamics","Blizzard+1","Coolheaded"],"special_seed":0,"relics":["Cracked Core","Bag of Marbles","Bag of Preparation","PreservedInsect","DataDisk","Incense Burner","Ectoplasm","Nilry\u0027s Codex","Bronze Scales","Dream Catcher","Whetstone","Strawberry","Eternal Feather"],"potions_floor_usage":[40,40],"damage_taken":[{"damage":12.0,"enemies":"Small Slimes","floor":1.0,"turns":3.0},{"damage":1.0,"enemies":"Cultist","floor":4.0,"turns":3.0},{"damage":5.0,"enemies":"2 Louse","floor":5.0,"turns":2.0},{"damage":9.0,"enemies":"Exordium Thugs","floor":7.0,"turns":3.0},{"damage":6.0,"enemies":"Gremlin Nob","floor":8.0,"turns":3.0},{"damage":0.0,"enemies":"2 Fungi Beasts","floor":10.0,"turns":2.0},{"damage":19.0,"enemies":"Lagavulin","floor":12.0,"turns":6.0},{"damage":0.0,"enemies":"Looter","floor":14.0,"turns":2.0},{"damage":6.0,"enemies":"The Guardian","floor":16.0,"turns":7.0},{"damage":6.0,"enemies":"Spheric Guardian","floor":18.0,"turns":4.0},{"damage":1.0,"enemies":"3 Byrds","floor":22.0,"turns":4.0},{"damage":0.0,"enemies":"Slavers","floor":24.0,"turns":2.0},{"damage":8.0,"enemies":"Book of Stabbing","floor":27.0,"turns":5.0},{"damage":35.0,"enemies":"Slavers","floor":29.0,"turns":4.0},{"damage":8.0,"enemies":"Cultist and Chosen","floor":31.0,"turns":6.0},{"damage":0.0,"enemies":"Automaton","floor":33.0,"turns":10.0},{"damage":1.0,"enemies":"3 Shapes","floor":35.0,"turns":4.0},{"damage":15.0,"enemies":"3 Darklings","floor":37.0,"turns":3.0},{"damage":41.0,"enemies":"Transient","floor":38.0,"turns":5.0},{"damage":4,"enemies":"Writhing Mass","floor":39,"turns":6},{"damage":31,"enemies":"Giant Head","floor":40,"turns":7}],"seed_played":"5049388095790665910","potions_obtained":[{"floor":4.0,"key":"Strength Potion"},{"floor":5.0,"key":"FearPotion"},{"floor":7.0,"key":"Energy Potion"},{"floor":12.0,"key":"Fire Potion"},{"floor":14.0,"key":"FocusPotion"},{"floor":16.0,"key":"Weak Potion"},{"floor":27.0,"key":"PowerPotion"},{"floor":31.0,"key":"PowerPotion"},{"floor":35.0,"key":"Regen Potion"},{"floor":39,"key":"GamblersBrew"}],"is_trial":false,"path_per_floor":["M","?","?","M","M","R","M","E","T","M","R","E","R","M","R","B",null,"M","?","$","?","M","R","E","$","T","E","R","E","R","M","R","B",null,"M","?","M","M","M","E"],"character_chosen":"DEFECT","items_purchased":["Leap"],"campfire_rested":4,"item_purchase_floors":[20],"current_hp_per_floor":[52,41,41,40,35,35,26,20,20,20,41,22,22,22,22,16,57,51,51,51,30,29,50,50,50,50,42,42,14,37,29,52,52,72,71,71,56,30,26,0],"gold":109,"neow_bonus":"RANDOM_COMMON_RELIC","is_prod":false,"is_daily":false,"chose_seed":false,"campfire_upgraded":4,"win_rate":0,"timestamp":1549855088,"path_taken":["M","?","?","M","M","R","M","E","T","?","R","E","R","M","R","BOSS","M","?","?","?","M","R","E","$","T","E","R","E","R","M","R","BOSS","M","?","?","M","M","E"],"build_version":"2019-01-23","purchased_purges":2,"victory":false,"max_hp_per_floor":[71,71,71,71,71,71,71,71,71,71,71,71,71,71,71,71,71,71,71,71,71,71,71,71,71,71,71,71,78,78,78,78,78,78,78,78,78,78,78,78],"card_choices":[{"not_picked":["Turbo","Tempest"],"picked":"Capacitor","floor":1.0},{"not_picked":["FTL","Loop"],"picked":"Sweeping Beam","floor":4.0},{"not_picked":["Rip and Tear","Rebound"],"picked":"Doom and Gloom","floor":5.0},{"not_picked":["Chaos","Beam Cell"],"picked":"Steam","floor":7.0},{"not_picked":["Redo","Go for the Eyes"],"picked":"BootSequence","floor":8.0},{"not_picked":["Blizzard","Recycle"],"picked":"Genetic Algorithm","floor":10.0},{"not_picked":["Sunder","Sweeping Beam","Hyperbeam"],"picked":"SKIP","floor":12.0},{"not_picked":["Stack","Rip and Tear","Sweeping Beam"],"picked":"SKIP","floor":14.0},{"not_picked":["Rainbow","Seek"],"picked":"Echo Form","floor":16.0},{"not_picked":["Rebound","Redo"],"picked":"Ball Lightning","floor":18.0},{"not_picked":["Gash","Steam"],"picked":"Cold Snap","floor":22.0},{"not_picked":["Storm","Compile Driver"],"picked":"Consume+1","floor":24.0},{"not_picked":["Turbo","Aggregate"],"picked":"Genetic Algorithm","floor":27.0},{"not_picked":["Go for the Eyes","Turbo+1","Rip and Tear"],"picked":"SKIP","floor":29.0},{"not_picked":["Auto Shields","Amplify"],"picked":"Compile Driver","floor":30.0},{"not_picked":["Lockon","Beam Cell","Tempest"],"picked":"SKIP","floor":31.0},{"not_picked":["Core Surge","Rainbow"],"picked":"Electrodynamics","floor":33.0},{"not_picked":["Compile Driver","Ball Lightning+1","Streamline+1"],"picked":"SKIP","floor":35.0},{"not_picked":["Heatsinks","Lockon","FTL"],"picked":"SKIP","floor":37.0},{"not_picked":["Turbo+1","Go for the Eyes"],"picked":"Blizzard+1","floor":38.0},{"not_picked":["Turbo","BootSequence+1"],"picked":"Coolheaded","floor":39}],"player_experience":2192853,"relics_obtained":[{"floor":8.0,"key":"PreservedInsect"},{"floor":9.0,"key":"DataDisk"},{"floor":12.0,"key":"Incense Burner"},{"floor":21.0,"key":"Nilry\u0027s Codex"},{"floor":24.0,"key":"Bronze Scales"},{"floor":26.0,"key":"Dream Catcher"},{"floor":27.0,"key":"Whetstone"},{"floor":29.0,"key":"Strawberry"}],"event_choices":[{"damage_healed":0.0,"max_hp_gain":0.0,"max_hp_loss":0.0,"gold_gain":0.0,"event_name":"Scrap Ooze","player_choice":"Success","floor":2.0,"gold_loss":0.0,"damage_taken":11.0,"relics_obtained":["Bag of Preparation"]},{"damage_healed":0.0,"max_hp_gain":0.0,"max_hp_loss":0.0,"gold_gain":0.0,"event_name":"Accursed Blacksmith","player_choice":"Forge","floor":3.0,"gold_loss":0.0,"damage_taken":0.0,"cards_upgraded":["Zap"]},{"damage_healed":0.0,"max_hp_gain":0.0,"max_hp_loss":0.0,"gold_gain":0.0,"event_name":"Ghosts","player_choice":"Ignored","floor":19.0,"gold_loss":0.0,"damage_taken":0.0},{"damage_healed":0.0,"max_hp_gain":0.0,"max_hp_loss":0.0,"gold_gain":0.0,"event_name":"Cursed Tome","player_choice":"Obtained Book","floor":21.0,"gold_loss":0.0,"damage_taken":21.0},{"damage_healed":0.0,"max_hp_gain":0.0,"max_hp_loss":0.0,"gold_gain":0.0,"event_name":"Upgrade Shrine","player_choice":"Upgraded","floor":36.0,"gold_loss":0.0,"damage_taken":0.0,"cards_upgraded":["Genetic Algorithm"]}],"is_beta":false,"boss_relics":[{"not_picked":["Busted Crown","Empty Cage"],"picked":"Ectoplasm"},{"not_picked":["Sozu","Cursed Key"],"picked":"Eternal Feather"}],"items_purged_floors":[20,25],"is_endless":false,"potions_floor_spawned":[4,5,7,12,14,16,18,27,31,35,39],"killed_by":"Giant Head","ascension_level":15}