{"gold_per_floor":[16,31,46,61,71,71,103,103,155,155,4,39,39,53,53,129,129,141,141,152,202,127,127,161,181,181,195,209,209,209,220,220,220],"floor_reached":33,"playtime":1522,"items_purged":["Writhe"],"score":543,"play_id":"aefde1a3-8ac4-45a5-adc6-75a54e57f5c1","local_time":"20190428221021","is_ascension_mode":true,"campfire_choices":[{"data":"Rampage","floor":6.0,"key":"SMITH"},{"floor":8.0,"key":"REST"},{"data":"Heavy Blade","floor":10.0,"key":"SMITH"},{"data":"Shockwave","floor":15.0,"key":"SMITH"},{"data":"Immolate","floor":23.0,"key":"SMITH"},{"floor":29,"key":"REST"},{"floor":32,"key":"REST"}],"neow_cost":"NO_GOLD","seed_source_timestamp":0,"circlet_count":0,"master_deck":["AscendersBane","Strike_R","Strike_R","Strike_R","Strike_R","Strike_R","Defend_R","Defend_R","Defend_R","Defend_R+1","Bash","Shrug It Off","Heavy Blade+1","Shrug It Off","Clothesline","Rampage+1","Battle Trance+1","Feed","Shockwave+1","Headbutt","Immolate+1","Cleave+1","Inflame","Metallicize","Feel No Pain+1"],"special_seed":0,"relics":["Burning Blood","Incense Burner","Gremlin Horn","Lantern","Ornamental Fan","Cursed Key","Orichalcum","War Paint","Matryoshka","Spirit Poop"],"potions_floor_usage":[24,33,33],"damage_taken":[{"damage":7.0,"enemies":"Cultist","floor":1.0,"turns":4.0},{"damage":11.0,"enemies":"Jaw Worm","floor":2.0,"turns":4.0},{"damage":7.0,"enemies":"Small Slimes","floor":3.0,"turns":4.0},{"damage":7.0,"enemies":"Blue Slaver","floor":4.0,"turns":7.0},{"damage":8.0,"enemies":"Exordium Thugs","floor":5.0,"turns":6.0},{"damage":41.0,"enemies":"Gremlin Nob","floor":7.0,"turns":5.0},{"damage":13.0,"enemies":"Lagavulin","floor":12.0,"turns":7.0},{"damage":13.0,"enemies":"Large Slime","floor":14.0,"turns":6.0},{"damage":35.0,"enemies":"Slime Boss","floor":16.0,"turns":11.0},{"damage":15.0,"enemies":"Chosen","floor":18.0,"turns":5.0},{"damage":0.0,"enemies":"2 Thieves","floor":20.0,"turns":3.0},{"damage":32,"enemies":"Book of Stabbing","floor":24,"turns":5},{"damage":17,"enemies":"Centurion and Healer","floor":25,"turns":6},{"damage":21,"enemies":"Shelled Parasite and Fungi","floor":27,"turns":4},{"damage":7,"enemies":"Chosen and Byrds","floor":28,"turns":7},{"damage":14,"enemies":"Centurion and Healer","floor":31,"turns":5},{"damage":77,"enemies":"Champ","floor":33,"turns":11}],"seed_played":"1346126472619164786","potions_obtained":[{"floor":5.0,"key":"SteroidPotion"},{"floor":7.0,"key":"SteroidPotion"},{"floor":12.0,"key":"Strength Potion"},{"floor":14.0,"key":"LiquidBronze"},{"floor":18.0,"key":"Strength Potion"},{"floor":20.0,"key":"Explosive Potion"},{"floor":27,"key":"Dexterity Potion"}],"is_trial":false,"path_per_floor":["M","M","M","M","M","R","E","R","T","R","$","E","?","M","R","B",null,"M","?","M","?","$","R","E","M","T","M","M","R","?","M","R","B"],"character_chosen":"IRONCLAD","items_purchased":["Feed"],"campfire_rested":3,"item_purchase_floors":[11],"current_hp_per_floor":[67,62,61,60,58,58,23,45,45,45,45,38,63,59,59,33,69,63,63,72,72,72,72,46,38,38,23,22,49,49,44,71,0],"gold":220,"neow_bonus":"ONE_RARE_RELIC","is_prod":false,"is_daily":false,"chose_seed":false,"campfire_upgraded":4,"win_rate":0,"timestamp":1556478621,"path_taken":["M","?","M","?","M","R","E","R","T","R","$","E","?","M","R","BOSS","M","?","M","?","$","R","E","M","T","M","?","R","?","M","R","BOSS"],"build_version":"2019-01-23","purchased_purges":1,"victory":false,"max_hp_per_floor":[75,75,75,75,75,75,75,75,75,75,75,75,75,78,78,81,81,84,84,87,87,87,87,87,90,90,90,90,90,90,93,93,93],"card_choices":[{"not_picked":["Sword Boomerang","Armaments"],"picked":"Shrug It Off","floor":1.0},{"not_picked":["Iron Wave","Anger"],"picked":"Heavy Blade","floor":2.0},{"not_picked":["True Grit","Havoc"],"picked":"Shrug It Off","floor":3.0},{"not_picked":["Sword Boomerang","Battle Trance"],"picked":"Clothesline","floor":4.0},{"not_picked":["Havoc","Armaments"],"picked":"Rampage","floor":5.0},{"not_picked":["Dual Wield","Flex"],"picked":"Battle Trance","floor":7.0},{"not_picked":["Berserk","Iron Wave"],"picked":"Shockwave","floor":12.0},{"not_picked":["Twin Strike","Bloodletting"],"picked":"Headbutt","floor":14.0},{"not_picked":["Bludgeon","Exhume"],"picked":"Immolate","floor":16.0},{"not_picked":["Clothesline","Corruption"],"picked":"Cleave+1","floor":18.0},{"not_picked":["Anger","Headbutt"],"picked":"Inflame","floor":20.0},{"not_picked":["Wild Strike","Headbutt"],"picked":"Metallicize","floor":24},{"not_picked":["Dropkick","Dual Wield","Warcry"],"picked":"SKIP","floor":25},{"not_picked":["Sever Soul","Infernal Blade"],"picked":"Feel No Pain+1","floor":27},{"not_picked":["Clothesline+1","Sever Soul","Sword Boomerang+1"],"picked":"SKIP","floor":28},{"not_picked":["Clothesline","Armaments","Wild Strike+1"],"picked":"SKIP","floor":31}],"player_experience":351521,"relics_obtained":[{"floor":7.0,"key":"Gremlin Horn"},{"floor":9.0,"key":"Lantern"},{"floor":12.0,"key":"Ornamental Fan"},{"floor":24,"key":"War Paint"},{"floor":26,"key":"Matryoshka"}],"event_choices":[{"damage_healed":25.0,"max_hp_gain":0.0,"max_hp_loss":0.0,"gold_gain":0.0,"event_name":"Big Fish","player_choice":"Banana","floor":13.0,"gold_loss":0.0,"damage_taken":0.0},{"damage_healed":0.0,"max_hp_gain":0.0,"max_hp_loss":0.0,"gold_gain":0.0,"event_name":"The Mausoleum","player_choice":"Opened","floor":19.0,"gold_loss":0.0,"damage_taken":0.0,"relics_obtained":["Orichalcum"],"cards_obtained":["Writhe"]},{"damage_healed":0.0,"max_hp_gain":0.0,"max_hp_loss":0.0,"gold_gain":50.0,"event_name":"Golden Shrine","player_choice":"Pray","floor":21.0,"gold_loss":0.0,"damage_taken":0.0},{"cards_removed":["Decay"],"damage_healed":0,"gold_gain":0,"player_choice":"Offered Curse","damage_taken":0,"relics_obtained":["Spirit Poop"],"max_hp_gain":0,"max_hp_loss":0,"event_name":"Bonfire Elementals","floor":30,"gold_loss":0}],"is_beta":false,"boss_relics":[{"not_picked":["Tiny House","Fusion Hammer"],"picked":"Cursed Key"}],"items_purged_floors":[22],"is_endless":false,"potions_floor_spawned":[5,7,12,14,18,20,27,31],"killed_by":"Champ","ascension_level":19}