{"gold_per_floor":[219,219,233,251,60,60,91,91,118,149,168,168,27,27,27,27],"floor_reached":16,"playtime":783,"items_purged":[],"score":124,"play_id":"e5a2c69e-fde7-4f2c-99c5-518795d5e834","local_time":"20181026025258","is_ascension_mode":true,"campfire_choices":[{"data":"Chrysalis","floor":6,"key":"SMITH"},{"data":"Heavy Blade","floor":8,"key":"SMITH"},{"floor":12,"key":"REST"},{"data":"Iron Wave","floor":15,"key":"SMITH"}],"neow_cost":"NONE","seed_source_timestamp":399095344069155,"circlet_count":0,"master_deck":["Strike_R","Strike_R","Strike_R","Strike_R","Strike_R","Defend_R","Defend_R","Defend_R","Defend_R","Bash","Cleave","Wild Strike","Dramatic Entrance","Whirlwind","Cleave","Chrysalis+1","Heavy Blade+1","Iron Wave+1","Intimidate","Feed+1"],"relics":["Burning Blood","Bronze Scales","Oddly Smooth Stone","Lantern"],"potions_floor_usage":[10,10],"damage_taken":[{"damage":15,"enemies":"Cultist","floor":1,"turns":5},{"damage":2,"enemies":"Jaw Worm","floor":3,"turns":3},{"damage":0,"enemies":"2 Louse","floor":4,"turns":2},{"damage":35,"enemies":"Gremlin Nob","floor":7,"turns":5},{"damage":25,"enemies":"Lagavulin","floor":10,"turns":5},{"damage":18,"enemies":"Exordium Wildlife","floor":11,"turns":4},{"damage":44,"enemies":"Hexaghost","floor":16,"turns":11}],"seed_played":"8480066044462895914","potions_obtained":[{"floor":1,"key":"FearPotion"},{"floor":4,"key":"SkillPotion"}],"is_trial":false,"path_per_floor":["M","?","M","M","$","R","E","R","T","E","M","R","$","?","R"],"character_chosen":"IRONCLAD","items_purchased":["Chrysalis","Feed"],"campfire_rested":1,"item_purchase_floors":[5,13],"current_hp_per_floor":[71,71,75,80,80,80,51,51,51,32,20,44,44,44,44,0],"gold":27,"neow_bonus":"HUNDRED_GOLD","is_prod":false,"is_daily":false,"chose_seed":false,"campfire_upgraded":3,"win_rate":0,"timestamp":1540515178,"path_taken":["M","?","M","M","$","R","E","R","T","E","M","R","$","?","R","BOSS"],"build_version":"2018-10-25v2","purchased_purges":0,"victory":false,"max_hp_per_floor":[80,80,80,80,80,80,80,80,80,80,80,80,80,80,80,80],"card_choices":[{"not_picked":["Anger","Dropkick"],"picked":"Cleave","floor":1},{"not_picked":["Carnage","Entrench"],"picked":"Whirlwind","floor":3},{"not_picked":["True Grit","Second Wind"],"picked":"Cleave","floor":4},{"not_picked":["Twin Strike","Warcry"],"picked":"Heavy Blade","floor":7},{"not_picked":["Twin Strike","Perfected Strike"],"picked":"Iron Wave","floor":10},{"not_picked":["Flame Barrier","Wild Strike"],"picked":"Intimidate","floor":11}],"player_experience":196705,"relics_obtained":[{"floor":7,"key":"Bronze Scales"},{"floor":9,"key":"Oddly Smooth Stone"},{"floor":10,"key":"Lantern"}],"event_choices":[{"damage_healed":0,"gold_gain":0,"player_choice":"2 cards matched","damage_taken":0,"max_hp_gain":0,"max_hp_loss":0,"event_name":"Match and Keep!","floor":2,"gold_loss":0,"cards_obtained":["Wild Strike","Dramatic Entrance"]},{"damage_healed":0,"gold_gain":0,"player_choice":"Grow","damage_taken":0,"max_hp_gain":0,"max_hp_loss":0,"event_name":"Living Wall","floor":14,"gold_loss":0,"cards_upgraded":["Feed"]}],"is_beta":true,"boss_relics":[],"items_purged_floors":[],"is_endless":false,"potions_floor_spawned":[1,4],"killed_by":"Hexaghost","ascension_level":3}