{"gold_per_floor":[109,122,138,154,171,19,36,36,92,118,118,118,134,162,162,236,236,249,249,149,149,169,196,196,216,242,242,68,68,97,111,111,186,186,205,55,68,68,68,68,68,68,68,68,79,93,106,26,26,26],"floor_reached":51,"playtime":3905,"items_purged":["Strike_R","Strike_R","Defend_R","Defend_R"],"score":1157,"play_id":"f82c8491-23d2-4227-be97-29f8597d770b","local_time":"20180802163113","is_ascension_mode":true,"campfire_choices":[{"data":"Rampage","floor":8.0,"key":"SMITH"},{"data":"Shrug It Off","floor":12.0,"key":"SMITH"},{"data":"Armaments","floor":15.0,"key":"SMITH"},{"floor":24,"key":"REST"},{"data":"True Grit","floor":27,"key":"SMITH"},{"floor":29,"key":"REST"},{"data":"Battle Trance","floor":32,"key":"SMITH"},{"data":"Corruption","floor":40,"key":"SMITH"},{"data":"Dark Embrace","floor":42,"key":"SMITH"},{"data":"Feel No Pain","floor":44,"key":"SMITH"},{"data":"Metallicize","floor":49,"key":"SMITH"}],"neow_cost":"NONE","seed_source_timestamp":26907339419903,"circlet_count":0,"master_deck":["Strike_R","Strike_R+1","Strike_R","Defend_R","Defend_R","Bash+1","AscendersBane","Pommel Strike","Shrug It Off+1","Metallicize+1","Rampage+1","Immolate+1","Disarm","Armaments+1","Offering","Feed","True Grit+1","True Grit+1","Battle Trance+1","Feel No Pain+1","Impervious","Twin Strike+1","Corruption+1","Dark Embrace+1","Blood for Blood+1","Flame Barrier"],"special_seed":0,"relics":["Burning Blood","Tiny Chest","Question Card","Whetstone","Black Star","Nilry\u0027s Codex","Orichalcum","Red Skull","Lantern","Ancient Tea Set","Happy Flower","Eternal Feather","Calipers","Du-Vu Doll"],"potions_floor_usage":[22,23,30,33,33],"damage_taken":[{"damage":6.0,"enemies":"Cultist","floor":1.0,"turns":4.0},{"damage":0.0,"enemies":"2 Louse","floor":2.0,"turns":3.0},{"damage":0.0,"enemies":"Small Slimes","floor":3.0,"turns":3.0},{"damage":11.0,"enemies":"Blue Slaver","floor":4.0,"turns":3.0},{"damage":16.0,"enemies":"Lots of Slimes","floor":5.0,"turns":5.0},{"damage":6.0,"enemies":"2 Fungi Beasts","floor":7.0,"turns":4.0},{"damage":23.0,"enemies":"Lagavulin","floor":10.0,"turns":8.0},{"damage":7.0,"enemies":"3 Louse","floor":13.0,"turns":2.0},{"damage":8.0,"enemies":"3 Sentries","floor":14.0,"turns":4.0},{"damage":36.0,"enemies":"The Guardian","floor":16.0,"turns":8.0},{"damage":0,"enemies":"Spheric Guardian","floor":18,"turns":3},{"damage":15,"enemies":"Shell Parasite","floor":22,"turns":7},{"damage":7,"enemies":"Gremlin Leader","floor":23,"turns":6},{"damage":19,"enemies":"Sentry and Sphere","floor":25,"turns":6},{"damage":24,"enemies":"Slavers","floor":30,"turns":5},{"damage":5,"enemies":"Centurion and Healer","floor":31,"turns":7},{"damage":30,"enemies":"Champ","floor":33,"turns":11},{"damage":22,"enemies":"3 Darklings","floor":35,"turns":7},{"damage":6,"enemies":"Flame Bruiser 1 Orb","floor":37,"turns":12},{"damage":6,"floor":38,"turns":9},{"damage":21,"enemies":"Spire Growth","floor":45,"turns":5},{"damage":10,"enemies":"4 Shapes","floor":46,"turns":5},{"damage":12,"enemies":"3 Darklings","floor":47,"turns":5},{"damage":29,"enemies":"Donu and Deca","floor":50,"turns":8}],"seed_played":"-2734859583489588608","potions_obtained":[{"floor":4.0,"key":"FearPotion"},{"floor":5.0,"key":"PowerPotion"},{"floor":16.0,"key":"SkillPotion"},{"floor":21,"key":"Fruit Juice"},{"floor":22,"key":"Swift Potion"},{"floor":25,"key":"AttackPotion"},{"floor":31,"key":"Regen Potion"},{"floor":38,"key":"Weak Potion"}],"is_trial":false,"path_per_floor":["M","M","M","M","M","$","M","R","T","E","?","R","M","E","R","B",null,"M","?","$","?","M","E","R","M","T","R","$","R","E","M","R","B",null,"M","$","M","?","?","R","?","R","T","R","M","M","M","$","R","B"],"character_chosen":"IRONCLAD","items_purchased":["Rampage","Strength Potion","Flame Barrier"],"campfire_rested":2,"item_purchase_floors":[6,28,48],"current_hp_per_floor":[68,74,75,70,60,60,60,60,60,43,43,43,42,40,40,10,59,65,44,44,44,43,46,72,62,62,62,62,89,71,75,75,66,86,70,70,78,86,86,101,101,101,101,101,86,85,79,79,94,71],"gold":26,"neow_bonus":"UPGRADE_CARD","is_prod":false,"is_daily":false,"chose_seed":false,"campfire_upgraded":9,"win_rate":0,"timestamp":1533252673,"path_taken":["M","M","M","M","M","$","?","R","T","E","?","R","?","E","R","BOSS","M","?","$","?","M","E","R","M","T","R","$","R","E","M","R","BOSS","M","$","M","?","?","R","?","R","T","R","M","M","?","$","R","BOSS"],"build_version":"2018-07-26","purchased_purges":4,"victory":true,"max_hp_per_floor":[75,75,75,75,75,75,75,75,75,75,75,75,75,75,75,75,75,75,75,75,75,83,87,87,90,90,90,90,90,90,93,93,93,93,93,93,93,101,101,101,101,101,101,101,101,104,104,104,104,104],"card_choices":[{"not_picked":["Perfected Strike","True Grit"],"picked":"Pommel Strike","floor":1.0},{"not_picked":["Armaments","Wild Strike"],"picked":"Shrug It Off","floor":2.0},{"not_picked":["Body Slam","Clash"],"picked":"Headbutt","floor":3.0},{"not_picked":["Body Slam","Thunderclap"],"picked":"Metallicize","floor":4.0},{"not_picked":["Sword Boomerang","Hemokinesis","Flex"],"picked":"SKIP","floor":5.0},{"not_picked":["Wild Strike","Flex"],"picked":"Immolate","floor":7.0},{"not_picked":["Havoc","Entrench"],"picked":"Disarm","floor":10.0},{"not_picked":["Pummel","Sword Boomerang","Pommel Strike"],"picked":"Armaments","floor":13.0},{"not_picked":["Dark Embrace","Ghostly Armor","Perfected Strike"],"picked":"Offering","floor":14.0},{"not_picked":["Berserk","Brutality","Limit Break"],"picked":"Feed","floor":16.0},{"not_picked":["Pummel","Sword Boomerang","Sentinel"],"picked":"True Grit","floor":18},{"not_picked":["Heavy Blade","Entrench","Havoc"],"picked":"True Grit+1","floor":22},{"not_picked":["Armaments","Wild Strike","Iron Wave"],"picked":"Battle Trance","floor":23},{"not_picked":["Evolve","Anger","Entrench"],"picked":"Feel No Pain","floor":25},{"not_picked":["Headbutt","Thunderclap","Carnage","Burning Pact"],"picked":"SKIP","floor":30},{"not_picked":["Warcry","Clash","Pommel Strike","Headbutt"],"picked":"SKIP","floor":31},{"not_picked":["Reaper","Berserk","Feed"],"picked":"Impervious","floor":33},{"not_picked":["Shrug It Off+1","Fire Breathing","Flex"],"picked":"Twin Strike+1","floor":35},{"not_picked":["Searing Blow","Anger","Warcry"],"picked":"Corruption","floor":37},{"not_picked":["Thunderclap","Flex","Blood for Blood"],"picked":"Dark Embrace","floor":38},{"not_picked":["Thunderclap","Twin Strike","Cleave","Headbutt"],"picked":"SKIP","floor":45},{"not_picked":["Corruption+1","Iron Wave+1","Pummel+1"],"picked":"Blood for Blood+1","floor":46},{"not_picked":["Wild Strike","Metallicize","Iron Wave+1","Brutality"],"picked":"SKIP","floor":47}],"player_experience":979826,"relics_obtained":[{"floor":9.0,"key":"Tiny Chest"},{"floor":10.0,"key":"Question Card"},{"floor":14.0,"key":"Whetstone"},{"floor":19,"key":"Nilry\u0027s Codex"},{"floor":23,"key":"Orichalcum"},{"floor":23,"key":"Red Skull"},{"floor":26,"key":"Lantern"},{"floor":30,"key":"Ancient Tea Set"},{"floor":30,"key":"Happy Flower"},{"floor":38,"key":"Calipers"},{"floor":43,"key":"Du-Vu Doll"}],"event_choices":[{"event_name":"Liars Game","player_choice":"disagreed","floor":11.0,"damage_taken":0.0},{"event_name":"Cursed Tome","player_choice":"Obtained Book","floor":19,"damage_taken":0},{"event_name":"The Lab","player_choice":"Got Potions","floor":21,"damage_taken":0},{"event_name":"MindBloom","player_choice":"Fight","floor":38,"damage_taken":0},{"event_name":"Tomb of Lord Red Mask","player_choice":"Ignored","floor":39,"damage_taken":0},{"event_name":"Falling","player_choice":"Removed Attack","floor":41,"damage_taken":0}],"is_beta":false,"boss_relics":[{"not_picked":["Black Blood","Runic Dome"],"picked":"Black Star"},{"not_picked":["Runic Pyramid","Lizard Tail"],"picked":"Eternal Feather"}],"items_purged_floors":[6,20,28,36],"is_endless":false,"potions_floor_spawned":[4,5,7,14,16,18,22,25,31,38],"ascension_level":15}