{"gold_per_floor":[117,127,146,146,160,195,195,205,205,222,234,253,280,280],"floor_reached":14,"playtime":1350,"items_purged":[],"score":122,"play_id":"b380f97a-6b30-4ce0-a1d6-a311f48aa08e","local_time":"20190218220801","is_ascension_mode":true,"campfire_choices":[{"data":"Loop","floor":7,"key":"SMITH"}],"neow_cost":"NONE","seed_source_timestamp":846887443526,"circlet_count":0,"master_deck":["Strike_B","Strike_B","Strike_B","Strike_B","Defend_B","Defend_B","Defend_B","Defend_B","Zap+1","Dualcast","Auto Shields","Hello World","Melter","Coolheaded","Loop+1","Coolheaded","Cold Snap","White Noise","Turbo"],"relics":["Cracked Core","Dream Catcher","Dodecahedron","StoneCalendar"],"potions_floor_usage":[6,11,13,13],"damage_taken":[{"damage":1,"enemies":"2 Louse","floor":1,"turns":2},{"damage":4,"enemies":"Small Slimes","floor":2,"turns":4},{"damage":2,"enemies":"Jaw Worm","floor":3,"turns":3},{"damage":0,"enemies":"Exordium Wildlife","floor":5,"turns":3},{"damage":8,"enemies":"3 Sentries","floor":6,"turns":7},{"damage":19,"enemies":"Exordium Thugs","floor":8,"turns":5},{"damage":2,"enemies":"Large Slime","floor":10,"turns":7},{"damage":8,"enemies":"Gremlin Gang","floor":11,"turns":2},{"damage":5,"enemies":"3 Louse","floor":12,"turns":3},{"damage":24,"enemies":"Lagavulin","floor":13,"turns":5},{"damage":8,"enemies":"Lots of Slimes","floor":14,"turns":1}],"seed_played":"-1659498324304535290","potions_obtained":[{"floor":1,"key":"Poison Potion"},{"floor":2,"key":"Dexterity Potion"},{"floor":5,"key":"PowerPotion"},{"floor":8,"key":"Explosive Potion"},{"floor":12,"key":"FocusPotion"},{"floor":13,"key":"Poison Potion"}],"is_trial":false,"path_per_floor":["M","M","M","?","M","E","R","M","T","M","M","M","E","M"],"character_chosen":"DEFECT","items_purchased":[],"campfire_rested":0,"item_purchase_floors":[],"current_hp_per_floor":[74,70,68,73,73,65,65,46,46,44,36,31,7,0],"gold":280,"neow_bonus":"UPGRADE_CARD","is_prod":false,"is_daily":false,"chose_seed":false,"campfire_upgraded":1,"win_rate":0,"timestamp":1550538481,"path_taken":["M","M","M","?","M","E","R","M","T","M","M","M","E","M"],"build_version":"2019-01-23","purchased_purges":0,"victory":false,"max_hp_per_floor":[75,75,75,80,80,80,80,80,80,80,80,80,80,80],"card_choices":[{"not_picked":["Recycle","Rip and Tear"],"picked":"Auto Shields","floor":1},{"not_picked":["Coolheaded","Turbo"],"picked":"Hello World","floor":2},{"not_picked":["Recycle","Rip and Tear"],"picked":"Melter","floor":3},{"not_picked":["Hello World","Stack"],"picked":"Coolheaded","floor":5},{"not_picked":["Tempest","Sweeping Beam"],"picked":"Loop","floor":6},{"not_picked":["Sweeping Beam","Go for the Eyes"],"picked":"Coolheaded","floor":8},{"not_picked":["Stack","Heatsinks"],"picked":"Cold Snap","floor":10},{"not_picked":["Tempest","Coolheaded","Barrage"],"picked":"SKIP","floor":11},{"not_picked":["Amplify","Recycle"],"picked":"White Noise","floor":12},{"not_picked":["Compile Driver","Sweeping Beam"],"picked":"Turbo","floor":13}],"player_experience":142674,"relics_obtained":[{"floor":6,"key":"Dream Catcher"},{"floor":9,"key":"Dodecahedron"},{"floor":13,"key":"StoneCalendar"}],"event_choices":[{"damage_healed":0,"gold_gain":0,"player_choice":"Donut","damage_taken":0,"max_hp_gain":5,"max_hp_loss":0,"event_name":"Big Fish","floor":4,"gold_loss":0}],"is_beta":false,"boss_relics":[],"items_purged_floors":[],"is_endless":false,"potions_floor_spawned":[1,2,5,8,12,13],"killed_by":"Lots of Slimes","ascension_level":3}