{"gold_per_floor":[118,135,151,166,182,215,390,407,432,432,444,460,476,494,494,596,596,616,630,580,14,34,34,45,57,106,34,34,53,53,85,85,183,183,197,107,11,11,11,11,11,11,11,11,11,11,11,11,11,11],"floor_reached":50,"playtime":6377,"items_purged":["Doubt"],"score":516,"play_id":"cb899939-c92d-48ed-9a52-3548ff6679ee","local_time":"20190503112656","is_ascension_mode":false,"campfire_choices":[{"data":"Jack Of All Trades","floor":10,"key":"SMITH"},{"data":"Metamorphosis","floor":15,"key":"SMITH"},{"floor":23,"key":"REST"},{"floor":28,"key":"REST"},{"floor":30,"key":"REST"},{"floor":32,"key":"REST"},{"data":"Apotheosis","floor":40,"key":"SMITH"},{"data":"Seeing Red","floor":42,"key":"SMITH"},{"data":"Mayhem","floor":47,"key":"SMITH"},{"data":"Dark Embrace","floor":49,"key":"SMITH"}],"neow_cost":"TEN_PERCENT_HP_LOSS","seed_source_timestamp":1177610302675145,"circlet_count":0,"master_deck":["Strike_R","Strike_R","Defend_R","Defend_R","Defend_R","Bash","Jack Of All Trades+1","Metamorphosis+1","Power Through","Double Tap","Shrug It Off+1","Body Slam","Blood for Blood","True Grit","Burning Pact","Feel No Pain","Warcry","True Grit","True Grit","Demon Form","Searing Blow+1","Thunderclap+1","Shrug It Off+1","Flex+1","Sword Boomerang+1","Carnage","Apotheosis+1","Sword Boomerang+1","Battle Trance","True Grit","Juggernaut","Dark Embrace+1","Seeing Red+1","Armaments+1","Feel No Pain","Reckless Charge","True Grit","Shrug It Off+1","Writhe","Dramatic Entrance","Enlightenment","Mayhem+1","Jack Of All Trades+1"],"relics":["Burning Blood","Gambling Chip","Ancient Tea Set","Astrolabe","Thread and Needle","Strawberry","Regal Pillow","Orrery","Sundial","Ornamental Fan"],"potions_floor_usage":[6,16,16,25,33,33,39,50,50],"damage_taken":[{"damage":7,"enemies":"Small Slimes","floor":1,"turns":3},{"damage":0,"enemies":"2 Louse","floor":2,"turns":3},{"damage":0,"enemies":"Cultist","floor":3,"turns":3},{"damage":0,"enemies":"Red Slaver","floor":4,"turns":4},{"damage":12,"enemies":"Blue Slaver","floor":5,"turns":4},{"damage":14,"enemies":"Lagavulin","floor":6,"turns":7},{"damage":11,"enemies":"Exordium Thugs","floor":8,"turns":5},{"damage":11,"enemies":"Gremlin Gang","floor":11,"turns":7},{"damage":12,"enemies":"2 Fungi Beasts","floor":12,"turns":4},{"damage":2,"enemies":"Looter","floor":13,"turns":4},{"damage":8,"enemies":"3 Louse","floor":14,"turns":7},{"damage":47,"enemies":"Hexaghost","floor":16,"turns":13},{"damage":32,"enemies":"Spheric Guardian","floor":18,"turns":5},{"damage":16,"enemies":"2 Thieves","floor":19,"turns":5},{"damage":40,"enemies":"Snake Plant","floor":22,"turns":7},{"damage":18,"enemies":"3 Cultists","floor":24,"turns":5},{"damage":14,"enemies":"Centurion and Healer","floor":25,"turns":5},{"damage":0,"enemies":"Chosen and Byrds","floor":29,"turns":4},{"damage":26,"enemies":"Gremlin Leader","floor":31,"turns":6},{"damage":33,"enemies":"Champ","floor":33,"turns":8},{"damage":18,"enemies":"Orb Walker","floor":35,"turns":5},{"damage":0,"enemies":"3 Shapes","floor":39,"turns":1},{"damage":69,"enemies":"Awakened One","floor":50,"turns":6}],"seed_played":"7873691811610629898","potions_obtained":[{"floor":2,"key":"FairyPotion"},{"floor":4,"key":"AttackPotion"},{"floor":5,"key":"Poison Potion"},{"floor":6,"key":"Regen Potion"},{"floor":19,"key":"GamblersBrew"},{"floor":22,"key":"SpeedPotion"},{"floor":29,"key":"Ancient Potion"},{"floor":31,"key":"Poison Potion"},{"floor":35,"key":"Explosive Potion"}],"is_trial":false,"path_per_floor":["M","M","M","M","M","E","?","M","T","R","M","M","M","M","R","B",null,"M","M","?","$","M","R","M","M","T","$","R","M","R","E","R","B",null,"M","?","$","T","M","R","$","R","T","?","?","?","R","?","R","B"],"character_chosen":"IRONCLAD","items_purchased":["Thread and Needle","Carnage","Apotheosis","Regen Potion","SmokeBomb"],"campfire_rested":4,"item_purchase_floors":[21,21,21,27,37],"current_hp_per_floor":[71,72,72,72,66,58,58,53,53,53,48,42,46,44,44,18,72,46,36,36,36,13,34,22,14,21,21,44,50,73,53,79,66,79,67,67,67,67,73,73,73,73,73,79,79,69,69,69,69,0],"gold":11,"neow_bonus":"RANDOM_COLORLESS_2","is_prod":false,"is_daily":false,"chose_seed":false,"campfire_upgraded":6,"win_rate":0.0,"timestamp":1556875616,"path_taken":["M","M","M","M","M","E","?","M","T","R","M","M","M","M","R","BOSS","M","M","?","$","M","R","M","?","T","?","R","M","R","E","R","BOSS","M","?","$","?","?","R","?","R","T","?","?","?","R","?","R","BOSS"],"build_version":"2019-01-23","purchased_purges":1,"victory":false,"max_hp_per_floor":[72,72,72,72,72,72,72,72,72,72,72,72,72,72,72,72,72,72,72,72,72,72,72,72,72,79,79,79,79,79,79,79,79,79,79,79,79,79,79,79,79,79,79,79,79,79,79,79,79,79],"card_choices":[{"not_picked":["Flex","Anger"],"picked":"Power Through","floor":1},{"not_picked":["Perfected Strike","Headbutt"],"picked":"Double Tap","floor":2},{"not_picked":["Clash","Pommel Strike"],"picked":"Shrug It Off","floor":3},{"not_picked":["Twin Strike","Cleave"],"picked":"Body Slam","floor":4},{"not_picked":["Sword Boomerang","Flex"],"picked":"Blood for Blood","floor":5},{"not_picked":["Clash","Cleave"],"picked":"True Grit","floor":6},{"not_picked":["Headbutt","Twin Strike"],"picked":"Burning Pact","floor":8},{"not_picked":["Carnage","Dual Wield"],"picked":"Feel No Pain","floor":11},{"not_picked":["Armaments","Corruption"],"picked":"Warcry","floor":12},{"not_picked":["Sword Boomerang","Body Slam"],"picked":"True Grit","floor":13},{"not_picked":["Whirlwind","Flex"],"picked":"True Grit","floor":14},{"not_picked":["Offering","Bludgeon"],"picked":"Demon Form","floor":16},{"not_picked":["Perfected Strike","Shrug It Off"],"picked":"Flex+1","floor":18},{"not_picked":["True Grit","Iron Wave"],"picked":"Sword Boomerang+1","floor":19},{"not_picked":["Burning Pact","Reckless Charge"],"picked":"Sword Boomerang+1","floor":22},{"not_picked":["Twin Strike","Shrug It Off"],"picked":"Battle Trance","floor":24},{"not_picked":["Anger","Thunderclap","Clothesline"],"picked":"SKIP","floor":25},{"not_picked":["Twin Strike","Armaments"],"picked":"True Grit","floor":29},{"not_picked":["Perfected Strike","Headbutt+1"],"picked":"Juggernaut","floor":31},{"not_picked":["Fiend Fire","Double Tap"],"picked":"Dark Embrace","floor":33},{"not_picked":["Metallicize","Second Wind"],"picked":"Seeing Red","floor":34},{"not_picked":["Clash+1","Iron Wave"],"picked":"Armaments+1","floor":34},{"not_picked":["Bloodletting+1","Clash+1"],"picked":"Feel No Pain","floor":34},{"not_picked":["Cleave","Pommel Strike"],"picked":"Reckless Charge","floor":34},{"not_picked":["Body Slam","Perfected Strike"],"picked":"True Grit","floor":34},{"not_picked":["Pommel Strike","Whirlwind"],"picked":"Shrug It Off+1","floor":35},{"not_picked":["Secret Technique","Flash of Steel"],"picked":"Dramatic Entrance","floor":46},{"not_picked":["Good Instincts","Secret Technique"],"picked":"Enlightenment","floor":46},{"not_picked":["Magnetism","Blind"],"picked":"Mayhem","floor":46}],"player_experience":3256,"relics_obtained":[{"floor":6,"key":"Gambling Chip"},{"floor":9,"key":"Ancient Tea Set"},{"floor":26,"key":"Strawberry"},{"floor":31,"key":"Regal Pillow"},{"floor":38,"key":"Sundial"},{"floor":43,"key":"Ornamental Fan"}],"event_choices":[{"damage_healed":0,"gold_gain":175,"player_choice":"AGREE","damage_taken":0,"max_hp_gain":0,"max_hp_loss":0,"event_name":"Liars Game","floor":7,"gold_loss":0,"cards_obtained":["Doubt"]},{"damage_healed":0,"gold_gain":0,"player_choice":"Bet on Murderer","damage_taken":0,"max_hp_gain":0,"max_hp_loss":0,"event_name":"The Joust","floor":20,"gold_loss":50},{"cards_removed":["Defend_R"],"damage_healed":0,"gold_gain":0,"player_choice":"Upgrade and Remove","damage_taken":0,"max_hp_gain":0,"max_hp_loss":0,"event_name":"Designer","floor":36,"gold_loss":90,"cards_upgraded":["Shrug It Off"]},{"damage_healed":20,"gold_gain":0,"player_choice":"Writhe","damage_taken":0,"max_hp_gain":0,"max_hp_loss":0,"event_name":"Winding Halls","floor":44,"gold_loss":0,"cards_obtained":["Writhe"]},{"damage_healed":0,"gold_gain":0,"player_choice":"Ignored","damage_taken":0,"max_hp_gain":0,"max_hp_loss":0,"event_name":"Mysterious Sphere","floor":45,"gold_loss":0},{"damage_healed":0,"gold_gain":0,"player_choice":"Memory 3","damage_taken":10,"max_hp_gain":0,"max_hp_loss":0,"event_name":"SensoryStone","floor":46,"gold_loss":0},{"damage_healed":0,"gold_gain":0,"player_choice":"Copied","damage_taken":0,"max_hp_gain":0,"max_hp_loss":0,"event_name":"Duplicator","floor":48,"gold_loss":0,"cards_obtained":["Jack Of All Trades"]}],"is_beta":false,"boss_relics":[{"not_picked":["Runic Cube","Tiny House"],"picked":"Astrolabe"},{"not_picked":["Runic Pyramid","Velvet Choker"],"picked":"Orrery"}],"items_purged_floors":[21],"is_endless":false,"potions_floor_spawned":[2,4,5,6,19,22,29,31,35],"killed_by":"Awakened One","ascension_level":0}