{"gold_per_floor":[17,30,30,30,48,48,60,0,0,0,0,13,32,48,48,48],"floor_reached":16,"playtime":802,"items_purged":[],"score":188,"play_id":"85ef3ab5-e943-4072-a0bf-90189815fb8f","local_time":"20181231205915","is_ascension_mode":true,"campfire_choices":[{"data":"Neutralize","floor":6,"key":"SMITH"},{"floor":10,"key":"REST"},{"data":"Heel Hook","floor":15,"key":"SMITH"}],"neow_cost":"NO_GOLD","seed_source_timestamp":10445855708444,"circlet_count":0,"master_deck":["AscendersBane","Defend_G","Defend_G","Defend_G","Defend_G","Defend_G+1","Strike_G","Strike_G","Strike_G","Strike_G","Strike_G","Survivor","Neutralize+1","Sadistic Nature","Madness","Well Laid Plans+1","Heel Hook+1","Parasite","Masterful Stab","Backflip"],"relics":["Ring of the Snake","Question Card"],"potions_floor_usage":[7,16,16],"damage_taken":[{"damage":5,"enemies":"Cultist","floor":1,"turns":5},{"damage":8,"enemies":"Small Slimes","floor":2,"turns":4},{"damage":0,"enemies":"Jaw Worm","floor":5,"turns":4},{"damage":7,"enemies":"3 Louse","floor":7,"turns":5},{"damage":11,"enemies":"Looter","floor":8,"turns":5},{"damage":3,"enemies":"Blue Slaver","floor":12,"turns":5},{"damage":5,"enemies":"Lots of Slimes","floor":13,"turns":6},{"damage":5,"enemies":"Large Slime","floor":14,"turns":7},{"damage":31,"enemies":"Hexaghost","floor":16,"turns":15}],"seed_played":"7810287959154444930","potions_obtained":[{"floor":1,"key":"SkillPotion"},{"floor":7,"key":"Ancient Potion"},{"floor":13,"key":"Weak Potion"},{"floor":14,"key":"Dexterity Potion"}],"is_trial":false,"path_per_floor":["M","M","?","?","M","R","M","M","T","R","?","M","M","M","R","B"],"character_chosen":"THE_SILENT","items_purchased":[],"campfire_rested":1,"item_purchase_floors":[],"current_hp_per_floor":[54,46,26,26,26,26,19,8,8,27,43,40,35,30,30,0],"gold":48,"neow_bonus":"RANDOM_COLORLESS_2","is_prod":false,"is_daily":false,"chose_seed":false,"campfire_upgraded":2,"win_rate":0,"timestamp":1546261155,"path_taken":["M","M","?","?","M","R","?","M","T","R","?","M","M","M","R","BOSS"],"build_version":"2018-12-25","purchased_purges":0,"victory":false,"max_hp_per_floor":[66,66,66,66,66,66,66,66,66,66,66,66,66,66,66,66],"card_choices":[{"not_picked":["Deflect","Blade Dance","Prepared"],"picked":"SKIP","floor":1},{"not_picked":["Backflip","Prepared"],"picked":"Well Laid Plans","floor":2},{"not_picked":["Reflex","Expertise"],"picked":"Heel Hook","floor":5},{"not_picked":["Dodge and Roll","Outmaneuver","Sucker Punch"],"picked":"SKIP","floor":7},{"not_picked":["Dodge and Roll","Outmaneuver","Sucker Punch"],"picked":"SKIP","floor":7},{"not_picked":["Dodge and Roll","Outmaneuver","Sucker Punch"],"picked":"SKIP","floor":7},{"not_picked":["Sucker Punch","Eviscerate","Setup"],"picked":"SKIP","floor":8},{"not_picked":["Quick Slash","Skewer","Deflect"],"picked":"Masterful Stab","floor":12},{"not_picked":["Die Die Die","Sucker Punch","Dagger Spray"],"picked":"Backflip","floor":13},{"not_picked":["Cloak And Dagger","Sucker Punch","Underhanded Strike","Well Laid Plans"],"picked":"SKIP","floor":14},{"not_picked":["Cloak And Dagger","Sucker Punch","Underhanded Strike","Well Laid Plans"],"picked":"SKIP","floor":14}],"player_experience":1208920,"relics_obtained":[{"floor":9,"key":"Question Card"}],"event_choices":[{"damage_healed":0,"gold_gain":0,"player_choice":"Entered Light","damage_taken":20,"max_hp_gain":0,"max_hp_loss":0,"event_name":"Shining Light","floor":3,"gold_loss":0,"cards_upgraded":["Well Laid Plans","Defend_G"]},{"damage_healed":0,"gold_gain":0,"player_choice":"Leave","damage_taken":0,"max_hp_gain":0,"max_hp_loss":0,"event_name":"The Cleric","floor":4,"gold_loss":0},{"damage_healed":16,"gold_gain":0,"player_choice":"Healed and dodged fight","damage_taken":0,"max_hp_gain":0,"max_hp_loss":0,"event_name":"Mushrooms","floor":11,"gold_loss":0,"cards_obtained":["Parasite"]}],"is_beta":true,"boss_relics":[],"items_purged_floors":[],"is_endless":false,"potions_floor_spawned":[1,7,13,14],"killed_by":"Hexaghost","ascension_level":20}