{"gold_per_floor":[113,129,129,139,157,157,182,182,182,202,202,202,232,245,245,322,322,322,12,0,0,0,0,0,0,0,0,0,0,0,0,0,0,0,0,0,0,0,0,0,0,0,0,0,0,0,0,0,0,0,0,0,0,0,0,0],"floor_reached":57,"playtime":3888,"items_purged":[],"score":3215,"play_id":"b244e1c0-4936-404f-883f-d74db3b93774","local_time":"20181209001845","is_ascension_mode":true,"campfire_choices":[{"floor":6.0,"key":"REST"},{"floor":11.0,"key":"REST"},{"floor":15.0,"key":"REST"},{"floor":23.0,"key":"REST"},{"data":"Consume","floor":32.0,"key":"SMITH"},{"data":"Apotheosis","floor":40.0,"key":"SMITH"},{"data":"Skim","floor":46.0,"key":"SMITH"},{"floor":49.0,"key":"RECALL"},{"data":"Chill","floor":53.0,"key":"SMITH"}],"neow_cost":"TEN_PERCENT_HP_LOSS","seed_source_timestamp":0,"circlet_count":0,"master_deck":["AscendersBane","Defend_B","Defend_B","Zap","Dualcast","Conserve Battery","Coolheaded","Cold Snap","Streamline","Reboot","Hologram","Static Discharge+1","Electrodynamics+1","Defragment+1","Consume+1","Ball Lightning","Decay","Skim","Reinforced Body","Buffer+1","Bite","Bite","Bite","Bite","Heatsinks+1","Echo Form+1","Skim+1","Apotheosis+1","Purity","Turbo","Chill+1","BootSequence","Thunder Strike","Recycle+1"],"special_seed":0,"relics":["Cracked Core","Lantern","Frozen Egg 2","Boot","Dodecahedron","Ectoplasm","Runic Capacitor","Juzu Bracelet","Cursed Key","Dead Branch","Thread and Needle","Mummified Hand","Blue Candle","Happy Flower"],"potions_floor_usage":[56],"damage_taken":[{"damage":18.0,"enemies":"Small Slimes","floor":1.0,"turns":4.0},{"damage":2.0,"enemies":"2 Louse","floor":2.0,"turns":3.0},{"damage":12.0,"enemies":"Jaw Worm","floor":4.0,"turns":4.0},{"damage":16.0,"enemies":"Large Slime","floor":5.0,"turns":7.0},{"damage":16.0,"enemies":"Lagavulin","floor":7.0,"turns":10.0},{"damage":12.0,"enemies":"2 Fungi Beasts","floor":10.0,"turns":4.0},{"damage":12.0,"enemies":"Gremlin Nob","floor":13.0,"turns":3.0},{"damage":8.0,"enemies":"3 Louse","floor":14.0,"turns":4.0},{"damage":18.0,"enemies":"Hexaghost","floor":16.0,"turns":6.0},{"damage":6.0,"enemies":"Spheric Guardian","floor":18.0,"turns":3.0},{"damage":12.0,"enemies":"2 Thieves","floor":20.0,"turns":4.0},{"damage":15.0,"enemies":"Snake Plant","floor":22.0,"turns":4.0},{"damage":2.0,"enemies":"Chosen and Byrds","floor":24.0,"turns":3.0},{"damage":17.0,"enemies":"Slavers","floor":25.0,"turns":3.0},{"damage":0.0,"enemies":"Snecko","floor":30.0,"turns":5.0},{"damage":15.0,"enemies":"Snake Plant","floor":31.0,"turns":5.0},{"damage":0.0,"enemies":"Champ","floor":33.0,"turns":16.0},{"damage":0.0,"enemies":"3 Darklings","floor":35.0,"turns":2.0},{"damage":0.0,"enemies":"Mind Bloom Boss Battle","floor":38.0,"turns":6.0},{"damage":0.0,"enemies":"3 Shapes","floor":41.0,"turns":5.0},{"damage":14.0,"enemies":"2 Orb Walkers","floor":42.0,"turns":4.0},{"damage":0.0,"enemies":"Reptomancer","floor":45.0,"turns":6.0},{"damage":0.0,"enemies":"Nemesis","floor":47.0,"turns":7.0},{"damage":0.0,"enemies":"Maw","floor":48.0,"turns":4.0},{"damage":0.0,"enemies":"Awakened One","floor":50.0,"turns":10.0},{"damage":0.0,"enemies":"Time Eater","floor":51.0,"turns":18.0},{"damage":4.0,"enemies":"Shield and Spear","floor":55.0,"turns":4.0},{"damage":36,"enemies":"The Heart","floor":56,"turns":9}],"seed_played":"-3615359910616600275","potions_obtained":[{"floor":2.0,"key":"SpeedPotion"},{"floor":4.0,"key":"Fire Potion"},{"floor":13.0,"key":"GamblersBrew"},{"floor":14.0,"key":"Explosive Potion"},{"floor":22.0,"key":"Energy Potion"},{"floor":24.0,"key":"Explosive Potion"},{"floor":25.0,"key":"Regen Potion"},{"floor":30.0,"key":"Energy Potion"},{"floor":38.0,"key":"Dexterity Potion"},{"floor":41.0,"key":"Strength Potion"},{"floor":55.0,"key":"Regen Potion"}],"is_trial":false,"path_per_floor":["M","M","?","M","M","R","E","?","T","M","R","?","E","M","R","B",null,"M","$","M","?","M","R","M","E","T","?","?","?","M","M","R","B",null,"M","?","$","?","?","R","M","?","T","?","E","R","E","M","R","B","B",null,"R","$","E","B",null],"character_chosen":"DEFECT","items_purchased":["Runic Capacitor","Consume","Explosive Potion"],"campfire_rested":4,"item_purchase_floors":[19,19,19],"current_hp_per_floor":[46,44,33,21,5,24,8,24,24,12,31,24,12,4,22,4,47,41,41,29,29,14,32,30,13,13,13,13,13,35,24,24,42,42,42,32,32,42,42,42,42,33,33,33,42,42,42,42,42,42,42,42,42,42,42,35],"gold":0,"neow_bonus":"REMOVE_TWO","is_prod":false,"is_daily":false,"chose_seed":false,"campfire_upgraded":4,"win_rate":0,"timestamp":1544285925,"path_taken":["M","M","?","M","M","R","E","?","T","M","R","?","E","M","R","BOSS","M","$","M","?","M","R","M","E","T","?","?","?","M","M","R","BOSS","M","?","$","?","?","R","M","?","T","?","E","R","E","M","R","BOSS","BOSS","R","$","E","BOSS"],"build_version":"2018-12-06","purchased_purges":0,"victory":true,"max_hp_per_floor":[64,64,64,64,64,64,64,64,64,64,64,61,61,61,61,61,61,61,61,61,61,61,61,61,61,61,61,42,42,42,42,42,42,42,42,42,42,42,42,42,42,42,42,42,42,42,42,42,42,42,42,42,42,42,42,42],"card_choices":[{"not_picked":["Stack","Coolheaded"],"picked":"Conserve Battery","floor":1.0},{"not_picked":["Sweeping Beam","Tempest","Gash"],"picked":"SKIP","floor":2.0},{"not_picked":["Aggregate","Leap"],"picked":"Coolheaded","floor":4.0},{"not_picked":["Genetic Algorithm","Stack"],"picked":"Cold Snap","floor":5.0},{"not_picked":["Force Field","Coolheaded"],"picked":"Streamline","floor":7.0},{"not_picked":["Stack","Streamline"],"picked":"Reboot","floor":10.0},{"not_picked":["Sweeping Beam","FTL"],"picked":"Hologram","floor":13.0},{"not_picked":["Conserve Battery","Chill"],"picked":"Static Discharge+1","floor":14.0},{"not_picked":["Fission","Biased Cognition+1"],"picked":"Electrodynamics+1","floor":16.0},{"not_picked":["BootSequence","Capacitor+1"],"picked":"Defragment+1","floor":18.0},{"not_picked":["Gash","Steam"],"picked":"Ball Lightning","floor":20.0},{"not_picked":["Streamline+1","Sweeping Beam"],"picked":"Skim","floor":22.0},{"not_picked":["Stack","Ball Lightning"],"picked":"Reinforced Body","floor":24.0},{"not_picked":["Streamline","Doom and Gloom"],"picked":"Buffer+1","floor":25.0},{"not_picked":["Redo","Reinforced Body","Lockon"],"picked":"SKIP","floor":30.0},{"not_picked":["Leap","Rebound"],"picked":"Heatsinks+1","floor":31.0},{"not_picked":["Machine Learning+1","Thunder Strike"],"picked":"Echo Form+1","floor":33.0},{"not_picked":["Ball Lightning","Stack+1"],"picked":"Skim","floor":35.0},{"not_picked":["Panacea","The Bomb"],"picked":"Apotheosis","floor":36.0},{"not_picked":["Chrysalis","HandOfGreed"],"picked":"Purity","floor":36.0},{"not_picked":["Stack","Hologram+1"],"picked":"Turbo","floor":38.0},{"not_picked":["Sunder+1","Heatsinks+1"],"picked":"Chill","floor":41.0},{"not_picked":["Genetic Algorithm","Sunder"],"picked":"BootSequence","floor":42.0},{"not_picked":["Force Field","Cold Snap","Compile Driver"],"picked":"SKIP","floor":45.0},{"not_picked":["FTL","Turbo","Sweeping Beam"],"picked":"SKIP","floor":47.0},{"not_picked":["Stack","Sweeping Beam+1","Streamline"],"picked":"SKIP","floor":48.0},{"not_picked":["Steam","Storm+1"],"picked":"Recycle+1","floor":55.0}],"player_experience":2325264,"relics_obtained":[{"floor":7.0,"key":"Frozen Egg 2"},{"floor":9.0,"key":"Boot"},{"floor":13.0,"key":"Dodecahedron"},{"floor":25.0,"key":"Juzu Bracelet"},{"floor":38.0,"key":"Dead Branch"},{"floor":42.0,"key":"Thread and Needle"},{"floor":45.0,"key":"Mummified Hand"},{"floor":47.0,"key":"Blue Candle"},{"floor":55.0,"key":"Happy Flower"}],"event_choices":[{"damage_healed":0.0,"max_hp_gain":0.0,"max_hp_loss":0.0,"gold_gain":0.0,"event_name":"Scrap Ooze","player_choice":"Success","floor":3.0,"gold_loss":0.0,"damage_taken":11.0,"relics_obtained":["Lantern"]},{"damage_healed":16.0,"max_hp_gain":0.0,"max_hp_loss":0.0,"gold_gain":0.0,"event_name":"Mushrooms","player_choice":"Healed and dodged fight","floor":8.0,"gold_loss":0.0,"damage_taken":0.0,"cards_obtained":["Parasite"]},{"cards_removed":["Parasite"],"damage_healed":0.0,"max_hp_gain":0.0,"max_hp_loss":0.0,"gold_gain":0.0,"event_name":"Golden Wing","player_choice":"Card Removal","floor":12.0,"gold_loss":0.0,"damage_taken":7.0},{"damage_healed":0.0,"max_hp_gain":0.0,"max_hp_loss":0.0,"gold_gain":0.0,"event_name":"Forgotten Altar","player_choice":"Smashed Altar","floor":21.0,"gold_loss":0.0,"damage_taken":0.0,"cards_obtained":["Decay"]},{"damage_healed":0.0,"max_hp_gain":0.0,"max_hp_loss":0.0,"gold_gain":50.0,"event_name":"Nest","player_choice":"Stole From Cult","floor":27.0,"gold_loss":0.0,"damage_taken":0.0},{"damage_healed":0.0,"max_hp_gain":0.0,"max_hp_loss":19.0,"gold_gain":0.0,"event_name":"Vampires","player_choice":"Became a vampire","floor":28.0,"gold_loss":0.0,"damage_taken":0.0,"cards_obtained":["Bite","Bite","Bite","Bite","Bite"]},{"damage_healed":0.0,"max_hp_gain":0.0,"max_hp_loss":0.0,"gold_gain":0.0,"event_name":"SensoryStone","player_choice":"Memory 3","floor":36.0,"gold_loss":0.0,"damage_taken":10.0},{"damage_healed":0.0,"max_hp_gain":0.0,"max_hp_loss":0.0,"gold_gain":0.0,"event_name":"MindBloom","player_choice":"Fight","floor":38.0,"gold_loss":0.0,"damage_taken":0.0},{"cards_removed":["Bite"],"damage_healed":0.0,"max_hp_gain":0.0,"max_hp_loss":0.0,"gold_gain":0.0,"event_name":"Falling","player_choice":"Removed Attack","floor":39.0,"gold_loss":0.0,"damage_taken":0.0},{"damage_healed":0.0,"max_hp_gain":0.0,"max_hp_loss":0.0,"gold_gain":0.0,"event_name":"Mysterious Sphere","player_choice":"Fight","floor":42.0,"gold_loss":0.0,"damage_taken":0.0},{"damage_healed":0.0,"max_hp_gain":0.0,"max_hp_loss":0.0,"gold_gain":0.0,"cards_transformed":["Defend_B"],"event_name":"Transmorgrifier","player_choice":"Transformed","floor":44.0,"gold_loss":0.0,"damage_taken":0.0,"cards_obtained":["Thunder Strike"]}],"is_beta":false,"boss_relics":[{"not_picked":["Lizard Tail","Philosopher\u0027s Stone"],"picked":"Ectoplasm"},{"not_picked":["Astrolabe","FrozenCore"],"picked":"Cursed Key"}],"items_purged_floors":[],"is_endless":false,"potions_floor_spawned":[2,4,13,14,22,24,25,30,38,41,47,55],"ascension_level":20}