{"gold_per_floor":[112,29,79,79,6,6,32,50,96,124,135,135,153,153,153,230,230,241,255,255,29,44,44,61,61,86,114,129,129,155,172,172,243,243,255,266,23,34,34,34,63,80,105,105,105,118,151,1,1,1],"floor_reached":51,"playtime":2436,"items_purged":["Strike_G","Strike_G"],"score":1371,"play_id":"4e2ad530-9940-4662-b2ea-f71b4ef8a741","local_time":"20181030131141","is_ascension_mode":true,"campfire_choices":[{"data":"Terror","floor":6.0,"key":"SMITH"},{"data":"Finisher","floor":15.0,"key":"SMITH"},{"data":"Footwork","floor":23.0,"key":"SMITH"},{"floor":25.0,"key":"REST"},{"floor":29.0,"key":"REST"},{"floor":32,"key":"REST"},{"floor":40,"key":"REST"},{"floor":44,"key":"REST"},{"floor":49,"key":"REST"}],"neow_cost":"NONE","seed_source_timestamp":90495216737533,"circlet_count":0,"master_deck":["Defend_G","Defend_G","Defend_G","Defend_G","Defend_G","Strike_G","Strike_G+1","Strike_G","Survivor+1","Neutralize+1","AscendersBane","Terror+1","Leg Sweep","Sucker Punch","Footwork+1","Finisher+1","Quick Slash","Deflect","Adrenaline","PiercingWail","Dash","Footwork+1","Corpse Explosion","Dagger Spray","Dodge and Roll","After Image","Quick Slash+1"],"special_seed":0,"relics":["Ring of the Snake","Oddly Smooth Stone","Potion Belt","Pen Nib","Bag of Preparation","Singing Bowl","Philosopher\u0027s Stone","Anchor","Omamori","Bottled Lightning","Fusion Hammer","Ornamental Fan","Smiling Mask","Art of War","Lantern"],"potions_floor_usage":[30,33,41,50,50,50],"damage_taken":[{"damage":3.0,"enemies":"Cultist","floor":1.0,"turns":5.0},{"damage":5.0,"enemies":"Lagavulin","floor":7.0,"turns":9.0},{"damage":0.0,"enemies":"Small Slimes","floor":8.0,"turns":4.0},{"damage":19.0,"enemies":"3 Sentries","floor":10.0,"turns":12.0},{"damage":0.0,"enemies":"2 Louse","floor":11.0,"turns":2.0},{"damage":0.0,"enemies":"Looter","floor":13.0,"turns":3.0},{"damage":6.0,"enemies":"The Guardian","floor":16.0,"turns":14.0},{"damage":0.0,"enemies":"Chosen","floor":18.0,"turns":3.0},{"damage":0.0,"enemies":"2 Thieves","floor":19.0,"turns":4.0},{"damage":13.0,"enemies":"Sentry and Sphere","floor":22.0,"turns":10.0},{"damage":0.0,"enemies":"Centurion and Healer","floor":24.0,"turns":5.0},{"damage":25.0,"enemies":"Book of Stabbing","floor":27.0,"turns":5.0},{"damage":12.0,"enemies":"Chosen and Byrds","floor":28.0,"turns":6.0},{"damage":14,"enemies":"Gremlin Leader","floor":30,"turns":5},{"damage":21,"enemies":"Snake Plant","floor":31,"turns":6},{"damage":18,"enemies":"Collector","floor":33,"turns":13},{"damage":18,"enemies":"3 Shapes","floor":35,"turns":3},{"damage":2,"enemies":"Orb Walker","floor":36,"turns":4},{"damage":26,"enemies":"Transient","floor":38,"turns":5},{"damage":47,"enemies":"Giant Head","floor":41,"turns":13},{"damage":9,"enemies":"Jaw Worm Horde","floor":42,"turns":4},{"damage":0,"enemies":"4 Shapes","floor":46,"turns":9},{"damage":0,"enemies":"Reptomancer","floor":47,"turns":9},{"damage":51,"enemies":"Awakened One","floor":50,"turns":32}],"seed_played":"2889057524982231155","potions_obtained":[{"floor":1.0,"key":"SkillPotion"},{"floor":7.0,"key":"FearPotion"},{"floor":11.0,"key":"Block Potion"},{"floor":13.0,"key":"FearPotion"},{"floor":19.0,"key":"Dexterity Potion"},{"floor":22.0,"key":"Dexterity Potion"},{"floor":27.0,"key":"SkillPotion"},{"floor":36,"key":"EssenceOfSteel"},{"floor":38,"key":"Block Potion"}],"is_trial":false,"path_per_floor":["M","$","T","?","$","R","E","M","T","E","M","?","M","?","R","B",null,"M","M","?","$","M","R","M","R","T","E","M","R","E","M","R","B",null,"M","M","$","M","?","R","E","M","T","R","?","M","E","$","R","B"],"character_chosen":"THE_SILENT","items_purchased":["Leg Sweep","Sucker Punch","Footwork","Dash","Footwork","Ornamental Fan","SkillPotion","SkillPotion"],"campfire_rested":6,"item_purchase_floors":[2,2,5,21,21,37,48,48],"current_hp_per_floor":[56,56,56,56,56,56,51,51,51,32,34,14,16,16,16,10,55,55,57,57,57,44,44,46,68,68,43,33,55,43,22,45,27,65,49,49,49,23,67,67,22,15,15,36,36,38,40,40,62,11],"gold":1,"neow_bonus":"RANDOM_COMMON_RELIC","is_prod":false,"is_daily":false,"chose_seed":false,"campfire_upgraded":3,"win_rate":0,"timestamp":1540930301,"path_taken":["M","$","?","?","$","R","E","M","T","E","M","?","M","?","R","BOSS","M","M","?","$","M","R","?","R","T","E","M","R","E","M","R","BOSS","M","M","$","M","?","R","E","?","T","R","?","?","E","$","R","BOSS"],"build_version":"2018-10-25v2","purchased_purges":2,"victory":true,"max_hp_per_floor":[66,66,66,66,66,66,66,66,66,66,68,68,70,70,70,70,70,70,72,72,72,72,72,74,74,74,74,76,76,78,78,78,78,78,80,82,82,82,67,67,69,71,71,71,71,73,75,75,75,75],"card_choices":[{"not_picked":["Expertise","Distraction"],"picked":"Terror","floor":1.0},{"not_picked":["Deadly Poison","Outmaneuver"],"picked":"Finisher","floor":7.0},{"not_picked":["Bane","PiercingWail"],"picked":"Quick Slash","floor":8.0},{"not_picked":["Underhanded Strike","Flying Knee"],"picked":"Deflect","floor":10.0},{"not_picked":["Acrobatics","Heel Hook","Terror"],"picked":"Singing Bowl","floor":11.0},{"not_picked":["Deflect","Outmaneuver","Slice"],"picked":"Singing Bowl","floor":13.0},{"not_picked":["Venomology","Doppelganger"],"picked":"Adrenaline","floor":16.0},{"not_picked":["Blade Dance","Quick Slash"],"picked":"PiercingWail","floor":18.0},{"not_picked":["Setup","Bane","Slice"],"picked":"Singing Bowl","floor":19.0},{"not_picked":["Well Laid Plans","Calculated Gamble"],"picked":"Corpse Explosion","floor":22.0},{"not_picked":["Calculated Gamble","Dagger Throw","Flying Knee"],"picked":"Singing Bowl","floor":24.0},{"not_picked":["Bane","Footwork"],"picked":"Dagger Spray","floor":27.0},{"not_picked":["Venomology","Dagger Spray","Expertise+1"],"picked":"Singing Bowl","floor":28.0},{"not_picked":["Calculated Gamble","Expertise","PiercingWail"],"picked":"Singing Bowl","floor":30},{"not_picked":["Predator","Prepared"],"picked":"Dodge and Roll","floor":31},{"not_picked":["Bullet Time","Grand Finale"],"picked":"After Image","floor":33},{"not_picked":["Blade Dance+1","Masterful Stab","Cloak And Dagger"],"picked":"Singing Bowl","floor":35},{"not_picked":["Flying Knee","Poisoned Stab","Setup+1"],"picked":"Singing Bowl","floor":36},{"not_picked":["Noxious Fumes","Tactician"],"picked":"Quick Slash+1","floor":38},{"not_picked":["Catalyst","Poisoned Stab","Deadly Poison"],"picked":"Singing Bowl","floor":41},{"not_picked":["Skewer","Well Laid Plans+1","Bane"],"picked":"Singing Bowl","floor":42},{"not_picked":["Setup","Sucker Punch","Flying Knee+1"],"picked":"Singing Bowl","floor":46},{"not_picked":["Endless Agony","Caltrops","Glass Knife"],"picked":"Singing Bowl","floor":47}],"player_experience":1525235,"relics_obtained":[{"floor":3.0,"key":"Potion Belt"},{"floor":7.0,"key":"Pen Nib"},{"floor":9.0,"key":"Bag of Preparation"},{"floor":10.0,"key":"Singing Bowl"},{"floor":26.0,"key":"Anchor"},{"floor":27.0,"key":"Omamori"},{"floor":30,"key":"Bottled Lightning"},{"floor":41,"key":"Smiling Mask"},{"floor":43,"key":"Art of War"},{"floor":47,"key":"Lantern"}],"event_choices":[{"damage_healed":0.0,"max_hp_gain":0.0,"max_hp_loss":0.0,"gold_gain":0.0,"event_name":"Upgrade Shrine","player_choice":"Upgraded","floor":4.0,"gold_loss":0.0,"damage_taken":0.0,"cards_upgraded":["Neutralize"]},{"damage_healed":0.0,"max_hp_gain":0.0,"max_hp_loss":0.0,"gold_gain":0.0,"event_name":"Shining Light","player_choice":"Entered Light","floor":12.0,"gold_loss":0.0,"damage_taken":20.0,"cards_upgraded":["Survivor","Strike_G"]},{"damage_healed":0.0,"max_hp_gain":0.0,"max_hp_loss":0.0,"gold_gain":0.0,"event_name":"Accursed Blacksmith","player_choice":"Forge","floor":14.0,"gold_loss":0.0,"damage_taken":0.0,"cards_upgraded":["Footwork"]},{"damage_healed":0.0,"max_hp_gain":0.0,"max_hp_loss":0.0,"gold_gain":0.0,"event_name":"Ghosts","player_choice":"Ignored","floor":20.0,"gold_loss":0.0,"damage_taken":0.0},{"damage_healed":67,"gold_gain":0,"player_choice":"Heal","damage_taken":0,"max_hp_gain":0,"max_hp_loss":15,"event_name":"The Moai Head","floor":39,"gold_loss":0},{"damage_healed":0,"gold_gain":0,"player_choice":"Ignored","damage_taken":0,"max_hp_gain":0,"max_hp_loss":0,"event_name":"Tomb of Lord Red Mask","floor":45,"gold_loss":0}],"is_beta":false,"boss_relics":[{"not_picked":["Coffee Dripper","Calling Bell"],"picked":"Philosopher\u0027s Stone"},{"not_picked":["Orrery","Runic Pyramid"],"picked":"Fusion Hammer"}],"items_purged_floors":[21,48],"is_endless":false,"potions_floor_spawned":[1,7,11,13,19,22,24,27,36,38],"ascension_level":15}