{"gold_per_floor":[111,122,37,87,106,139,139,170,170,198,36,36,61,75,75,151,151,165,165,0,0,12,12,43,43,67,167,32,44,70,80,80,157,157,172,183,197,197,68,93,93,93,117,137,137,164,181,193,193,193,193,193,193,32,60,60],"floor_reached":57,"playtime":4441,"items_purged":["Force Field","Streamline","FTL"],"score":3206,"play_id":"f1b50fd9-2109-47b6-b5f7-d46dc2897d61","local_time":"20190311014349","is_ascension_mode":true,"campfire_choices":[{"data":"Defragment","floor":7.0,"key":"SMITH"},{"data":"Defragment","floor":12.0,"key":"SMITH"},{"data":"Multi-Cast","floor":15.0,"key":"SMITH"},{"data":"Double Energy","floor":23.0,"key":"SMITH"},{"data":"Loop","floor":25.0,"key":"SMITH"},{"data":"Double Energy","floor":32.0,"key":"SMITH"},{"floor":41.0,"key":"REST"},{"floor":49.0,"key":"RECALL"},{"data":"Steam Power","floor":53.0,"key":"SMITH"}],"neow_cost":"NONE","seed_source_timestamp":6312639293700,"circlet_count":0,"master_deck":["AscendersBane","Zap","Dualcast","Glacier","Double Energy+1","Defragment+1","Self Repair","Defragment+1","Multi-Cast+1","Echo Form","Loop+1","BootSequence","White Noise","Reprogram","Double Energy+1","BootSequence","Leap","Tempest","Capacitor+1","FTL","All For One","Steam+1","Undo","Loop+1","Hologram","Coolheaded","Coolheaded","Glacier","Steam Power+1","Undo+1","Conserve Battery+1","Darkness+1","Stack"],"special_seed":0,"relics":["Cracked Core","NeowsBlessing","Bronze Scales","Shuriken","Happy Flower","Gambling Chip","DataDisk","Smiling Mask","Pandora\u0027s Box","Omamori","Matryoshka","PreservedInsect","Boot","Prayer Wheel","Cables","Regal Pillow","Orrery","Mango","Bag of Preparation","WarpedTongs","Lantern","Kunai"],"potions_floor_usage":[56,56],"damage_taken":[{"damage":0.0,"enemies":"Cultist","floor":1.0,"turns":1.0},{"damage":0.0,"enemies":"Jaw Worm","floor":2.0,"turns":1.0},{"damage":0.0,"enemies":"Small Slimes","floor":5.0,"turns":1.0},{"damage":32.0,"enemies":"Gremlin Nob","floor":6.0,"turns":4.0},{"damage":13.0,"enemies":"Lagavulin","floor":8.0,"turns":9.0},{"damage":14.0,"enemies":"Gremlin Nob","floor":10.0,"turns":6.0},{"damage":0.0,"enemies":"Lagavulin","floor":13.0,"turns":8.0},{"damage":0.0,"enemies":"2 Fungi Beasts","floor":14.0,"turns":4.0},{"damage":0.0,"enemies":"Slime Boss","floor":16.0,"turns":11.0},{"damage":8.0,"enemies":"2 Thieves","floor":18.0,"turns":3.0},{"damage":0.0,"enemies":"3 Byrds","floor":22.0,"turns":2.0},{"damage":28.0,"enemies":"Book of Stabbing","floor":24.0,"turns":5.0},{"damage":13.0,"enemies":"Colosseum Slavers","floor":27.0,"turns":6.0},{"damage":16.0,"enemies":"Colosseum Nobs","floor":27.0,"turns":3.0},{"damage":1.0,"enemies":"Centurion and Healer","floor":29.0,"turns":6.0},{"damage":0.0,"enemies":"Gremlin Leader","floor":30.0,"turns":4.0},{"damage":0.0,"enemies":"Snecko","floor":31.0,"turns":5.0},{"damage":0.0,"enemies":"Collector","floor":33.0,"turns":10.0},{"damage":0.0,"enemies":"Orb Walker","floor":35.0,"turns":4.0},{"damage":21.0,"enemies":"3 Darklings","floor":36.0,"turns":5.0},{"damage":39.0,"enemies":"Jaw Worm Horde","floor":37.0,"turns":4.0},{"damage":23.0,"enemies":"Nemesis","floor":40.0,"turns":5.0},{"damage":0.0,"enemies":"Sphere and 2 Shapes","floor":44.0,"turns":6.0},{"damage":8.0,"enemies":"Reptomancer","floor":46.0,"turns":8.0},{"damage":0.0,"enemies":"4 Shapes","floor":47.0,"turns":5.0},{"damage":0.0,"enemies":"3 Darklings","floor":48.0,"turns":1.0},{"damage":0.0,"enemies":"Time Eater","floor":50.0,"turns":10.0},{"damage":0.0,"enemies":"Awakened One","floor":51.0,"turns":17.0},{"damage":26.0,"enemies":"Shield and Spear","floor":55.0,"turns":8.0},{"damage":54,"enemies":"The Heart","floor":56,"turns":14}],"seed_played":"3480481478312587365","potions_obtained":[{"floor":1.0,"key":"SteroidPotion"},{"floor":2.0,"key":"Regen Potion"},{"floor":14.0,"key":"Swift Potion"},{"floor":22.0,"key":"SteroidPotion"},{"floor":27.0,"key":"Regen Potion"},{"floor":29.0,"key":"EssenceOfSteel"},{"floor":33.0,"key":"Block Potion"},{"floor":40.0,"key":"GamblersBrew"},{"floor":44.0,"key":"SkillPotion"}],"is_trial":false,"path_per_floor":["M","M","$","?","M","E","R","E","T","E","$","R","E","M","R","B",null,"M","?","$","?","M","R","E","R","T","?","$","M","E","M","R","B",null,"M","M","M","?","$","E","R","?","T","M","?","E","M","M","R","B","B",null,"R","$","E","B",null],"character_chosen":"DEFECT","items_purchased":["Defragment","DataDisk","Omamori","FocusPotion","Coolheaded","Swift Potion","SkillPotion","Stack"],"campfire_rested":1,"item_purchase_floors":[3,11,20,28,39,39,54,54],"current_hp_per_floor":[64,64,64,57,57,37,37,31,31,24,24,24,31,38,38,45,65,57,57,57,57,57,57,36,36,36,14,14,35,35,49,49,56,67,71,64,39,39,39,44,84,85,85,85,85,84,85,85,85,85,85,85,85,85,59,15],"gold":60,"neow_bonus":"THREE_ENEMY_KILL","is_prod":false,"is_daily":false,"chose_seed":false,"campfire_upgraded":7,"win_rate":0,"timestamp":1552239829,"path_taken":["M","?","$","?","M","E","R","E","T","E","$","R","E","?","R","BOSS","M","?","$","?","M","R","E","R","T","?","?","M","E","M","R","BOSS","M","M","M","?","$","E","R","?","T","M","?","E","M","M","R","BOSS","BOSS","R","$","E","BOSS"],"build_version":"2019-01-23","purchased_purges":3,"victory":true,"max_hp_per_floor":[71,71,71,71,71,71,71,71,71,71,71,71,71,71,71,71,71,71,71,71,71,71,71,71,71,71,71,71,71,71,71,71,71,71,71,71,71,71,71,85,85,85,85,85,85,85,85,85,85,85,85,85,85,85,85,85],"card_choices":[{"not_picked":["Gash","Stack"],"picked":"Glacier","floor":1.0},{"not_picked":["Compile Driver","Auto Shields"],"picked":"Double Energy","floor":2.0},{"not_picked":["Coolheaded","Stack"],"picked":"Streamline","floor":5.0},{"not_picked":["Chaos","Doom and Gloom"],"picked":"Self Repair","floor":6.0},{"not_picked":["Turbo","Force Field"],"picked":"Defragment","floor":8.0},{"not_picked":["Static Discharge","Beam Cell","Leap"],"picked":"SKIP","floor":10.0},{"not_picked":["Genetic Algorithm","Beam Cell"],"picked":"Multi-Cast","floor":13.0},{"not_picked":["Go for the Eyes","Consume","Beam Cell"],"picked":"SKIP","floor":14.0},{"not_picked":["All For One","Biased Cognition"],"picked":"Echo Form","floor":16.0},{"not_picked":["Double Energy","Recycle"],"picked":"Tempest","floor":18.0},{"not_picked":["Gash","Hello World"],"picked":"FTL","floor":22.0},{"not_picked":["Gash","Double Energy","Aggregate"],"picked":"SKIP","floor":24.0},{"not_picked":["Reprogram","Rebound"],"picked":"Capacitor+1","floor":29.0},{"not_picked":["Scrape","Redo"],"picked":"FTL","floor":29.0},{"not_picked":["Reprogram","Beam Cell","Go for the Eyes"],"picked":"SKIP","floor":30.0},{"not_picked":["Storm","Beam Cell","Aggregate"],"picked":"SKIP","floor":31.0},{"not_picked":["FTL","Gash","Beam Cell"],"picked":"SKIP","floor":31.0},{"not_picked":["Streamline+1","Self Repair"],"picked":"All For One","floor":34.0},{"not_picked":["Melter","Barrage"],"picked":"Steam+1","floor":34.0},{"not_picked":["Steam","Double Energy"],"picked":"Undo","floor":34.0},{"not_picked":["Double Energy","Ball Lightning"],"picked":"Loop+1","floor":35.0},{"not_picked":["Streamline","Beam Cell"],"picked":"Hologram","floor":35.0},{"not_picked":["Hyperbeam","Hologram","Defragment"],"picked":"SKIP","floor":36.0},{"not_picked":["Streamline","Rebound+1","Turbo"],"picked":"SKIP","floor":36.0},{"not_picked":["Hyperbeam","Hologram","Defragment"],"picked":"SKIP","floor":36.0},{"not_picked":["Streamline","Rebound+1","Turbo"],"picked":"SKIP","floor":36.0},{"not_picked":["Streamline","Force Field"],"picked":"Coolheaded","floor":37.0},{"not_picked":["Turbo","Force Field","Melter"],"picked":"SKIP","floor":37.0},{"not_picked":["Blizzard","Barrage","Rip and Tear+1"],"picked":"SKIP","floor":40.0},{"not_picked":["Blizzard","Barrage","Rip and Tear+1"],"picked":"SKIP","floor":40.0},{"not_picked":["Conserve Battery+1","Static Discharge+1"],"picked":"Glacier","floor":44.0},{"not_picked":["Loop","Beam Cell+1"],"picked":"Steam Power","floor":44.0},{"not_picked":["Recycle","BootSequence","Force Field"],"picked":"SKIP","floor":46.0},{"not_picked":["Recycle","BootSequence","Force Field"],"picked":"SKIP","floor":46.0},{"not_picked":["Leap","Cold Snap"],"picked":"Undo+1","floor":47.0},{"not_picked":["Core Surge","Hologram","Steam"],"picked":"SKIP","floor":47.0},{"not_picked":["Steam","Undo"],"picked":"Conserve Battery+1","floor":48.0},{"not_picked":["Double Energy","Beam Cell"],"picked":"Darkness+1","floor":48.0},{"not_picked":["Streamline+1","Sweeping Beam","Redo"],"picked":"SKIP","floor":55.0}],"player_experience":2796053,"relics_obtained":[{"floor":6.0,"key":"Bronze Scales"},{"floor":8.0,"key":"Shuriken"},{"floor":9.0,"key":"Happy Flower"},{"floor":10.0,"key":"Gambling Chip"},{"floor":13.0,"key":"Smiling Mask"},{"floor":24.0,"key":"Matryoshka"},{"floor":26.0,"key":"PreservedInsect"},{"floor":26.0,"key":"Boot"},{"floor":27.0,"key":"Prayer Wheel"},{"floor":27.0,"key":"Cables"},{"floor":30.0,"key":"Regal Pillow"},{"floor":40.0,"key":"Mango"},{"floor":43.0,"key":"Bag of Preparation"},{"floor":46.0,"key":"Lantern"},{"floor":55.0,"key":"Kunai"}],"event_choices":[{"damage_healed":0.0,"max_hp_gain":0.0,"max_hp_loss":0.0,"gold_gain":50.0,"event_name":"FaceTrader","player_choice":"Touch","floor":4.0,"gold_loss":0.0,"damage_taken":7.0},{"damage_healed":0.0,"max_hp_gain":0.0,"max_hp_loss":0.0,"gold_gain":0.0,"event_name":"The Mausoleum","player_choice":"Ignored","floor":19.0,"gold_loss":0.0,"damage_taken":0.0},{"damage_healed":0.0,"max_hp_gain":0.0,"max_hp_loss":0.0,"gold_gain":0.0,"event_name":"Ghosts","player_choice":"Ignored","floor":21.0,"gold_loss":0.0,"damage_taken":0.0},{"damage_healed":0.0,"max_hp_gain":0.0,"max_hp_loss":0.0,"gold_gain":0.0,"event_name":"Colosseum","player_choice":"Fight","floor":27.0,"gold_loss":0.0,"damage_taken":0.0},{"damage_healed":0.0,"max_hp_gain":0.0,"max_hp_loss":0.0,"gold_gain":0.0,"event_name":"Colosseum","player_choice":"Fought Nobs","floor":27.0,"gold_loss":0.0,"damage_taken":0.0},{"damage_healed":0.0,"max_hp_gain":0.0,"max_hp_loss":0.0,"gold_gain":0.0,"event_name":"Mysterious Sphere","player_choice":"Ignored","floor":38.0,"gold_loss":0.0,"damage_taken":0.0},{"damage_healed":17.0,"max_hp_gain":0.0,"max_hp_loss":0.0,"gold_gain":0.0,"event_name":"Winding Halls","player_choice":"Writhe","floor":42.0,"gold_loss":0.0,"damage_taken":0.0,"cards_obtained":["Writhe"]},{"damage_healed":0.0,"max_hp_gain":0.0,"max_hp_loss":0.0,"gold_gain":0.0,"event_name":"Accursed Blacksmith","player_choice":"Rummage","floor":45.0,"gold_loss":0.0,"damage_taken":0.0,"relics_obtained":["WarpedTongs"],"cards_obtained":["Pain"]}],"is_beta":false,"boss_relics":[{"not_picked":["Eternal Feather","Calling Bell"],"picked":"Pandora\u0027s Box"},{"not_picked":["Lizard Tail","Snecko Eye"],"picked":"Orrery"}],"items_purged_floors":[28,39,54],"is_endless":false,"potions_floor_spawned":[1,2,14,22,27,29,30,33,35,40,44,46],"ascension_level":20}