{"gold_per_floor":[112,112,132,132,207,207,242,253,279,291,104,104,50,69,69,168,168,158,83,95,114,125,125,125],"floor_reached":24,"playtime":1440,"items_purged":[],"score":196,"play_id":"90542131-3473-46b8-b505-9364a865f356","local_time":"20181016011348","is_ascension_mode":false,"campfire_choices":[{"data":"Zap","floor":6.0,"key":"SMITH"},{"data":"Sunder","floor":10.0,"key":"SMITH"},{"data":"Fusion","floor":12.0,"key":"SMITH"},{"data":"Hologram","floor":15.0,"key":"SMITH"},{"floor":23,"key":"REST"}],"neow_cost":"NONE","seed_source_timestamp":395113223204111,"circlet_count":0,"master_deck":["Strike_B","Strike_B","Strike_B","Defend_B","Defend_B","Defend_B","Defend_B","Zap+1","Dualcast","Hologram+1","Sunder+1","Gash","Fusion+1","Reinforced Body","Gash","Hologram+1","Echo Form","Scrape","Rebound+1"],"special_seed":0,"relics":["Orrery","Blood Vial","MawBank","Lantern","Runic Pyramid"],"potions_floor_usage":[18,20,22],"damage_taken":[{"damage":0.0,"enemies":"Small Slimes","floor":1.0,"turns":5.0},{"damage":0.0,"enemies":"Cultist","floor":3.0,"turns":2.0},{"damage":8.0,"enemies":"3 Sentries","floor":7.0,"turns":6.0},{"damage":6.0,"enemies":"2 Louse","floor":8.0,"turns":3.0},{"damage":3.0,"enemies":"Gremlin Gang","floor":14.0,"turns":4.0},{"damage":52,"enemies":"Slime Boss","floor":16,"turns":10},{"damage":5,"enemies":"2 Thieves","floor":18,"turns":4},{"damage":16,"enemies":"3 Byrds","floor":20,"turns":5},{"damage":32,"enemies":"Snake Plant","floor":21,"turns":5},{"damage":34,"enemies":"Shelled Parasite and Fungi","floor":22,"turns":8},{"damage":27,"enemies":"Slavers","floor":24,"turns":1}],"seed_played":"6091745582052249225","potions_obtained":[{"floor":2.0,"key":"Energy Potion"},{"floor":2.0,"key":"FairyPotion"},{"floor":2.0,"key":"Energy Potion"},{"floor":3.0,"key":"FearPotion"},{"floor":21,"key":"Explosive Potion"}],"is_trial":false,"path_per_floor":["M","?","M","?","?","R","E","M","T","R","$","R","$","M","R","B",null,"M","?","M","M","M","R"],"character_chosen":"DEFECT","items_purchased":["Gash","Lantern","Hologram"],"campfire_rested":1,"item_purchase_floors":[11,11,13],"current_hp_per_floor":[75,75,75,75,68,68,60,56,56,56,56,56,56,55,55,5,75,70,70,56,26,3,25,0],"gold":125,"neow_bonus":"BOSS_RELIC","is_prod":false,"is_daily":false,"chose_seed":false,"campfire_upgraded":4,"win_rate":0,"timestamp":1539645228,"path_taken":["M","?","M","?","?","R","E","M","T","R","$","R","$","M","R","BOSS","M","?","?","M","M","R","E"],"build_version":"2018-10-11","purchased_purges":0,"victory":false,"max_hp_per_floor":[75,75,75,75,75,75,75,75,75,75,75,75,75,75,75,75,75,75,75,75,75,75,75,75],"card_choices":[{"not_picked":["Double Energy","Stack"],"picked":"Hologram","floor":0.0},{"not_picked":["Double Energy","Blizzard"],"picked":"Sunder","floor":1.0},{"not_picked":["Steam","Redo"],"picked":"Gash","floor":3.0},{"not_picked":["Skim","Consume"],"picked":"Fusion","floor":7.0},{"not_picked":["Compile Driver","Reprogram"],"picked":"Reinforced Body","floor":8.0},{"not_picked":["Blizzard","Rainbow","Coolheaded"],"picked":"SKIP","floor":14.0},{"not_picked":["Rainbow","Amplify"],"picked":"Echo Form","floor":16},{"not_picked":["Go for the Eyes","Stack"],"picked":"Scrape","floor":18},{"not_picked":["Force Field","Streamline"],"picked":"Rebound+1","floor":20},{"not_picked":["Hologram","Steam","Reprogram"],"picked":"SKIP","floor":21},{"not_picked":["Stack","Barrage","Sweeping Beam+1"],"picked":"SKIP","floor":22}],"player_experience":87776,"relics_obtained":[{"floor":7.0,"key":"Blood Vial"},{"floor":9.0,"key":"MawBank"}],"event_choices":[{"event_name":"The Lab","player_choice":"Got Potions","floor":2.0,"damage_taken":0.0},{"event_name":"Accursed Blacksmith","player_choice":"Forge","floor":4.0,"damage_taken":0.0},{"event_name":"FaceTrader","player_choice":"Touch","floor":5.0,"damage_taken":0.0},{"event_name":"Beggar","player_choice":"Gave Gold","floor":19,"damage_taken":0}],"is_beta":false,"boss_relics":[{"not_picked":["Snecko Eye","Tiny House"],"picked":"Runic Pyramid"}],"items_purged_floors":[],"is_endless":false,"potions_floor_spawned":[3,8,14,21],"killed_by":"Slavers","ascension_level":0}