{"gold_per_floor":[18,33,43,60,72,72,91,91,91,91,106,106,156,221,221,293,293,310,53,50,50,75,75,89,89,89,116,38,38,57,75,75,75],"floor_reached":33,"playtime":1690,"items_purged":[],"score":506,"play_id":"de9ebcd4-d56f-45cd-b543-d7436cabf32b","local_time":"20190101200105","is_ascension_mode":true,"campfire_choices":[{"data":"Neutralize","floor":6.0,"key":"SMITH"},{"data":"Dash","floor":8.0,"key":"SMITH"},{"data":"Cloak And Dagger","floor":10.0,"key":"SMITH"},{"data":"Well Laid Plans","floor":15.0,"key":"SMITH"},{"floor":23,"key":"REST"},{"data":"A Thousand Cuts","floor":25,"key":"SMITH"},{"data":"Footwork","floor":32,"key":"SMITH"}],"neow_cost":"NO_GOLD","seed_source_timestamp":1072769207179,"circlet_count":0,"master_deck":["AscendersBane","Defend_G","Defend_G","Defend_G","Defend_G","Defend_G","Strike_G","Strike_G","Strike_G","Strike_G","Strike_G","Survivor","Neutralize+1","Dagger Throw","Cloak And Dagger+1","Dodge and Roll","Well Laid Plans+1","Dash+1","Deflect","Backflip","A Thousand Cuts+1","Leg Sweep","Cloak And Dagger+1","Backstab","Bullet Time+1","Footwork+1","PiercingWail+1"],"special_seed":0,"relics":["Ring of the Snake","Nunchaku","Calipers","Tiny Chest","Runic Dome","Toxic Egg 2","Sundial","Happy Flower","Pantograph","Meat on the Bone"],"potions_floor_usage":[16,16,27,29,29],"damage_taken":[{"damage":7.0,"enemies":"Small Slimes","floor":1.0,"turns":5.0},{"damage":0.0,"enemies":"2 Louse","floor":2.0,"turns":2.0},{"damage":0.0,"enemies":"Cultist","floor":3.0,"turns":3.0},{"damage":0.0,"enemies":"Exordium Wildlife","floor":4.0,"turns":5.0},{"damage":0.0,"enemies":"Red Slaver","floor":5.0,"turns":4.0},{"damage":20.0,"enemies":"Lots of Slimes","floor":7.0,"turns":6.0},{"damage":0.0,"enemies":"Large Slime","floor":11.0,"turns":6.0},{"damage":8.0,"enemies":"Lagavulin","floor":14.0,"turns":8.0},{"damage":9,"enemies":"Slime Boss","floor":16,"turns":6},{"damage":9,"enemies":"3 Byrds","floor":18,"turns":5},{"damage":8,"enemies":"2 Thieves","floor":20,"turns":4},{"damage":2,"enemies":"Centurion and Healer","floor":24,"turns":9},{"damage":14,"enemies":"Slavers","floor":27,"turns":4},{"damage":0,"enemies":"Gremlin Leader","floor":29,"turns":3},{"damage":17,"enemies":"Snake Plant","floor":30,"turns":5},{"damage":15,"enemies":"Shelled Parasite and Fungi","floor":31,"turns":7},{"damage":95,"enemies":"Champ","floor":33,"turns":25}],"seed_played":"-6696080009882833916","potions_obtained":[{"floor":1.0,"key":"SneckoOil"},{"floor":5.0,"key":"Strength Potion"},{"floor":11.0,"key":"Ancient Potion"},{"floor":14.0,"key":"SteroidPotion"},{"floor":16,"key":"SmokeBomb"},{"floor":20,"key":"SmokeBomb"},{"floor":24,"key":"SteroidPotion"},{"floor":27,"key":"Fire Potion"}],"is_trial":false,"path_per_floor":["M","M","M","M","M","R","M","R","T","R","M","?","?","E","R","B",null,"M","$","M","T","T","R","M","R","T","E","$","E","M","M","R","B"],"character_chosen":"THE_SILENT","items_purchased":["Toxic Egg 2","Footwork"],"campfire_rested":1,"item_purchase_floors":[19,28],"current_hp_per_floor":[52,52,52,52,52,52,32,32,32,32,32,37,37,29,29,20,58,49,49,41,41,41,62,60,60,60,46,46,46,41,38,38,0],"gold":75,"neow_bonus":"ONE_RARE_RELIC","is_prod":false,"is_daily":false,"chose_seed":false,"campfire_upgraded":6,"win_rate":0,"timestamp":1546401665,"path_taken":["M","M","M","M","M","R","M","R","T","R","M","?","?","E","R","BOSS","M","$","M","?","?","R","?","R","T","E","$","E","M","M","R","BOSS"],"build_version":"2018-12-20","purchased_purges":0,"victory":false,"max_hp_per_floor":[66,66,66,66,66,66,66,66,66,66,66,71,71,71,71,71,71,71,71,71,71,71,71,71,71,71,71,71,71,71,71,71,71],"card_choices":[{"not_picked":["Choke","Blur"],"picked":"Dagger Throw","floor":1.0},{"not_picked":["Bane","Escape Plan"],"picked":"Cloak And Dagger","floor":2.0},{"not_picked":["Bane","Outmaneuver"],"picked":"Dodge and Roll","floor":3.0},{"not_picked":["Riddle With Holes","Dagger Throw"],"picked":"Well Laid Plans","floor":4.0},{"not_picked":["Outmaneuver","Reflex"],"picked":"Dash","floor":5.0},{"not_picked":["Dagger Throw","Dash"],"picked":"Deflect","floor":7.0},{"not_picked":["Deflect","Dagger Throw","Concentrate"],"picked":"SKIP","floor":11.0},{"not_picked":["Concentrate","Riddle With Holes"],"picked":"Backflip","floor":14.0},{"not_picked":["Venomology","Phantasmal Killer"],"picked":"A Thousand Cuts","floor":16},{"not_picked":["Slice","Deadly Poison"],"picked":"Leg Sweep","floor":18},{"not_picked":["Quick Slash+1","Deflect+1"],"picked":"Cloak And Dagger+1","floor":20},{"not_picked":["Acrobatics+1","Dagger Throw"],"picked":"Backstab","floor":24},{"not_picked":["Eviscerate","Dagger Throw"],"picked":"Bullet Time+1","floor":27},{"not_picked":["Outmaneuver+1","Dagger Spray","Flying Knee"],"picked":"SKIP","floor":30},{"not_picked":["Cloak And Dagger+1","Underhanded Strike"],"picked":"PiercingWail+1","floor":31}],"player_experience":1920693,"relics_obtained":[{"floor":9.0,"key":"Calipers"},{"floor":14.0,"key":"Tiny Chest"},{"floor":21,"key":"Sundial"},{"floor":22,"key":"Happy Flower"},{"floor":26,"key":"Pantograph"},{"floor":27,"key":"Meat on the Bone"}],"event_choices":[{"damage_healed":0.0,"max_hp_gain":5.0,"max_hp_loss":0.0,"gold_gain":0.0,"event_name":"Big Fish","player_choice":"Donut","floor":12.0,"gold_loss":0.0,"damage_taken":0.0},{"damage_healed":0.0,"max_hp_gain":0.0,"max_hp_loss":0.0,"gold_gain":50.0,"event_name":"Golden Shrine","player_choice":"Pray","floor":13.0,"gold_loss":0.0,"damage_taken":0.0}],"is_beta":false,"boss_relics":[{"not_picked":["Fusion Hammer","Coffee Dripper"],"picked":"Runic Dome"}],"items_purged_floors":[],"is_endless":false,"potions_floor_spawned":[1,5,11,14,16,20,24,27],"killed_by":"Champ","ascension_level":15}