{"gold_per_floor":[19,19,32,32,46,46,0,0,0,41,62,105,105,120,120,218,218,243,21,21,38,61,61,89,89,89,100,100,25,25,25,25,98,98,114,132,132,150,166,199,199,228,282,315,315,350,350,450,450,450,450,450,84,109,109],"floor_reached":55,"playtime":2519,"items_purged":["Strike_B","Defend_B"],"score":1372,"play_id":"7920c6a3-5df2-4a1d-bd0b-24d4242c36cc","local_time":"20190330232740","is_ascension_mode":true,"campfire_choices":[{"data":"Darkness","floor":6.0,"key":"SMITH"},{"data":"Melter","floor":8.0,"key":"SMITH"},{"data":"Go for the Eyes","floor":13.0,"key":"SMITH"},{"data":"Dualcast","floor":15.0,"key":"SMITH"},{"data":"Biased Cognition","floor":23.0,"key":"SMITH"},{"data":"Hologram","floor":28.0,"key":"SMITH"},{"data":"Biased Cognition","floor":30.0,"key":"SMITH"},{"data":"Zap","floor":32.0,"key":"SMITH"},{"data":"Loop","floor":45,"key":"SMITH"},{"floor":49,"key":"RECALL"},{"data":"Multi-Cast","floor":52,"key":"SMITH"}],"neow_cost":"NO_GOLD","seed_source_timestamp":0,"circlet_count":0,"master_deck":["AscendersBane","Defend_B","Defend_B","Defend_B","Zap+1","Dualcast+1","Melter+1","Cold Snap","Darkness+1","Go for the Eyes+1","Biased Cognition+1","Glacier","Self Repair","Hologram+1","White Noise","Biased Cognition+1","Electrodynamics","Chaos+1","Multi-Cast+1","Loop+1","Chaos+1","Heatsinks"],"special_seed":0,"relics":["Cracked Core","Bloody Idol","Letter Opener","Orichalcum","White Beast Statue","Smiling Mask","Singing Bowl","Ancient Tea Set","Philosopher\u0027s Stone","Bird Faced Urn","Dodecahedron","Bronze Scales","Happy Flower","Regal Pillow","Unceasing Top","Chemical X","Strawberry"],"potions_floor_usage":[33,38,40,42,44,46,50,55],"damage_taken":[{"damage":0.0,"enemies":"Small Slimes","floor":1.0,"turns":2.0},{"damage":0.0,"enemies":"Jaw Worm","floor":3.0,"turns":3.0},{"damage":2.0,"enemies":"2 Louse","floor":5.0,"turns":2.0},{"damage":13.0,"enemies":"Gremlin Nob","floor":10.0,"turns":4.0},{"damage":0.0,"enemies":"Exordium Wildlife","floor":11.0,"turns":4.0},{"damage":0.0,"enemies":"Lagavulin","floor":12.0,"turns":4.0},{"damage":4.0,"enemies":"Blue Slaver","floor":14.0,"turns":3.0},{"damage":10.0,"enemies":"The Guardian","floor":16.0,"turns":10.0},{"damage":0.0,"enemies":"3 Byrds","floor":18.0,"turns":4.0},{"damage":11.0,"enemies":"Chosen","floor":21.0,"turns":6.0},{"damage":37.0,"enemies":"Gremlin Leader","floor":24.0,"turns":9.0},{"damage":3.0,"enemies":"Snake Plant","floor":27.0,"turns":4.0},{"damage":24,"enemies":"Champ","floor":33,"turns":7},{"damage":9,"enemies":"3 Shapes","floor":35,"turns":3},{"damage":0,"enemies":"Orb Walker","floor":36,"turns":3},{"damage":0,"enemies":"Sphere and 2 Shapes","floor":38,"turns":3},{"damage":0,"enemies":"3 Darklings","floor":39,"turns":3},{"damage":16,"enemies":"Nemesis","floor":40,"turns":9},{"damage":44,"enemies":"Giant Head","floor":42,"turns":10},{"damage":30,"enemies":"Reptomancer","floor":44,"turns":5},{"damage":21,"enemies":"Giant Head","floor":46,"turns":8},{"damage":2,"enemies":"Mind Bloom Boss Battle","floor":48,"turns":4},{"damage":46,"enemies":"Donu and Deca","floor":50,"turns":7},{"damage":1,"enemies":"Shield and Spear","floor":54,"turns":4},{"damage":94,"enemies":"The Heart","floor":55,"turns":3}],"seed_played":"-6173934458395488400","potions_obtained":[{"floor":3.0,"key":"PowerPotion"},{"floor":10.0,"key":"Fire Potion"},{"floor":12.0,"key":"AttackPotion"},{"floor":14.0,"key":"SneckoOil"},{"floor":18.0,"key":"LiquidBronze"},{"floor":21.0,"key":"GamblersBrew"},{"floor":24.0,"key":"Explosive Potion"},{"floor":27.0,"key":"FocusPotion"},{"floor":33,"key":"FairyPotion"},{"floor":35,"key":"PowerPotion"},{"floor":38,"key":"Poison Potion"},{"floor":39,"key":"Energy Potion"},{"floor":40,"key":"Swift Potion"},{"floor":42,"key":"Ancient Potion"},{"floor":44,"key":"Regen Potion"},{"floor":46,"key":"PowerPotion"}],"is_trial":false,"path_per_floor":["M","?","M","?","M","R","?","R","T","E","M","E","R","M","R","B",null,"M","$","?","M","T","R","E","?","T","M","R","?","R","$","R","B",null,"M","M","?","M","M","E","?","E","T","E","R","E","?","?","R","B",null,"R","$","E","B"],"character_chosen":"DEFECT","items_purchased":["Glacier","Self Repair","Chemical X","Heatsinks","Energy Potion"],"campfire_rested":0,"item_purchase_floors":[19,19,53,53,53],"current_hp_per_floor":[64,64,64,57,55,55,55,55,55,42,42,42,42,38,38,28,55,55,55,55,56,61,61,36,36,36,47,47,47,47,47,47,35,58,54,61,61,70,72,70,70,50,55,47,47,63,65,78,78,47,70,70,70,87,0],"gold":109,"neow_bonus":"TRANSFORM_TWO_CARDS","is_prod":false,"is_daily":false,"chose_seed":true,"campfire_upgraded":10,"win_rate":0,"timestamp":1553959660,"path_taken":["M","?","M","?","M","R","?","R","T","E","M","E","R","M","R","BOSS","M","$","?","M","?","R","E","?","T","M","R","?","R","$","R","BOSS","M","M","?","M","M","E","?","E","T","E","R","E","?","?","R","BOSS","R","$","E","BOSS"],"build_version":"2019-01-23","purchased_purges":2,"victory":false,"max_hp_per_floor":[71,64,64,64,64,64,64,64,64,64,64,64,64,64,64,64,64,64,64,64,64,64,64,64,64,64,66,66,66,66,66,66,66,66,66,68,68,70,72,74,74,74,74,74,74,74,76,78,78,78,78,78,78,87,87],"card_choices":[{"not_picked":["Steam","Ball Lightning"],"picked":"Cold Snap","floor":1.0},{"not_picked":["Barrage","Rip and Tear"],"picked":"Darkness","floor":3.0},{"not_picked":["Gash","Steam"],"picked":"Go for the Eyes","floor":5.0},{"not_picked":["Streamline","Turbo","Force Field"],"picked":"SKIP","floor":10.0},{"not_picked":["Lockon","Steam Power","Turbo"],"picked":"SKIP","floor":11.0},{"not_picked":["Machine Learning","Compile Driver","Stack"],"picked":"SKIP","floor":12.0},{"not_picked":["Barrage","Aggregate","BootSequence"],"picked":"SKIP","floor":14.0},{"not_picked":["Core Surge","Rainbow"],"picked":"Biased Cognition","floor":16.0},{"not_picked":["Tempest","Cold Snap","Rebound"],"picked":"SKIP","floor":18.0},{"not_picked":["Sweeping Beam","Reprogram"],"picked":"Hologram","floor":21.0},{"not_picked":["Stack","Leap"],"picked":"White Noise","floor":24.0},{"not_picked":["Heatsinks","FTL","Gash"],"picked":"Singing Bowl","floor":27.0},{"not_picked":["Amplify","Buffer"],"picked":"Electrodynamics","floor":33},{"not_picked":["Blizzard","Barrage+1"],"picked":"Chaos+1","floor":35},{"not_picked":["Ball Lightning+1","Leap+1","Gash"],"picked":"Singing Bowl","floor":36},{"not_picked":["Stack+1","BootSequence","Chaos"],"picked":"Singing Bowl","floor":38},{"not_picked":["Buffer","Cold Snap","Storm"],"picked":"Singing Bowl","floor":39},{"not_picked":["Gash","Static Discharge","Genetic Algorithm"],"picked":"Singing Bowl","floor":40},{"not_picked":["Reinforced Body+1","Ball Lightning"],"picked":"Multi-Cast","floor":42},{"not_picked":["Sweeping Beam","Reinforced Body+1"],"picked":"Loop","floor":44},{"not_picked":["Go for the Eyes+1","Loop"],"picked":"Chaos+1","floor":46},{"not_picked":["Deep Breath","Dramatic Entrance","Flash of Steel"],"picked":"Singing Bowl","floor":47},{"not_picked":["Barrage","Ball Lightning","Sunder"],"picked":"Singing Bowl","floor":48},{"not_picked":["Force Field","Compile Driver","Barrage+1"],"picked":"Singing Bowl","floor":54}],"player_experience":2900665,"relics_obtained":[{"floor":10.0,"key":"Letter Opener"},{"floor":12.0,"key":"Orichalcum"},{"floor":22.0,"key":"Smiling Mask"},{"floor":24.0,"key":"Singing Bowl"},{"floor":26.0,"key":"Ancient Tea Set"},{"floor":40,"key":"Bird Faced Urn"},{"floor":42,"key":"Dodecahedron"},{"floor":43,"key":"Bronze Scales"},{"floor":44,"key":"Happy Flower"},{"floor":46,"key":"Regal Pillow"},{"floor":48,"key":"Unceasing Top"},{"floor":54,"key":"Strawberry"}],"event_choices":[{"damage_healed":0.0,"max_hp_gain":0.0,"max_hp_loss":7.0,"gold_gain":0.0,"event_name":"Golden Idol","player_choice":"Lose Max HP","floor":2.0,"gold_loss":0.0,"damage_taken":0.0,"relics_obtained":["Golden Idol"]},{"cards_removed":["Streamline"],"damage_healed":0.0,"max_hp_gain":0.0,"max_hp_loss":0.0,"gold_gain":0.0,"event_name":"Golden Wing","player_choice":"Card Removal","floor":4.0,"gold_loss":0.0,"damage_taken":7.0},{"damage_healed":0.0,"max_hp_gain":0.0,"max_hp_loss":0.0,"gold_gain":0.0,"event_name":"World of Goop","player_choice":"Left Gold","floor":7.0,"gold_loss":46.0,"damage_taken":0.0},{"damage_healed":0.0,"max_hp_gain":0.0,"max_hp_loss":0.0,"gold_gain":0.0,"event_name":"Forgotten Altar","player_choice":"Gave Idol","floor":20.0,"relics_lost":["Golden Idol"],"gold_loss":0.0,"damage_taken":0.0,"relics_obtained":["Bloody Idol"]},{"damage_healed":0.0,"max_hp_gain":0.0,"max_hp_loss":0.0,"gold_gain":0.0,"event_name":"The Library","player_choice":"Read","floor":25.0,"gold_loss":0.0,"damage_taken":0.0,"cards_obtained":["Biased Cognition"]},{"cards_removed":["Strike_B"],"damage_healed":0.0,"max_hp_gain":0.0,"max_hp_loss":0.0,"gold_gain":0.0,"event_name":"Beggar","player_choice":"Gave Gold","floor":29.0,"gold_loss":75.0,"damage_taken":0.0},{"damage_healed":0,"gold_gain":0,"player_choice":"Ignored","damage_taken":0,"max_hp_gain":0,"max_hp_loss":0,"event_name":"Mysterious Sphere","floor":37,"gold_loss":0},{"damage_healed":0,"gold_gain":0,"player_choice":"Ignored","damage_taken":0,"max_hp_gain":0,"max_hp_loss":0,"event_name":"Tomb of Lord Red Mask","floor":41,"gold_loss":0},{"damage_healed":0,"gold_gain":0,"player_choice":"Memory 1","damage_taken":0,"max_hp_gain":0,"max_hp_loss":0,"event_name":"SensoryStone","floor":47,"gold_loss":0},{"damage_healed":0,"gold_gain":0,"player_choice":"Fight","damage_taken":0,"max_hp_gain":0,"max_hp_loss":0,"event_name":"MindBloom","floor":48,"gold_loss":0}],"is_beta":false,"boss_relics":[{"not_picked":["Fusion Hammer","Calling Bell"],"picked":"White Beast Statue"},{"not_picked":["Orrery","Runic Pyramid"],"picked":"Philosopher\u0027s Stone"}],"items_purged_floors":[19,53],"is_endless":false,"potions_floor_spawned":[3,10,12,14,18,21,24,27,33,35,36,38,39,40,42,44,46,48,54],"killed_by":"The Heart","ascension_level":15}