{"gold_per_floor":[110,110,35,45,55,84,47,47,73,86,104,121,134,167,167,262,262,278,294,40,59,59,59,59,87,137,137,163,183,29,47,47,144,144,163,163,0,100,100,100,134,134,191,207,14,14,14,14,14,14],"floor_reached":51,"playtime":1713,"items_purged":["Strike_G"],"score":748,"play_id":"3b17650f-c0f4-4e55-b9b1-31d2305424a5","local_time":"25610725024344","is_ascension_mode":false,"campfire_choices":[{"data":"Noxious Fumes","floor":8,"key":"SMITH"},{"floor":15,"key":"REST"},{"data":"Catalyst","floor":23,"key":"SMITH"},{"floor":32,"key":"REST"},{"floor":40,"key":"REST"},{"data":"Burst","floor":42,"key":"SMITH"},{"floor":47,"key":"REST"},{"data":"Bouncing Flask","floor":49,"key":"SMITH"}],"neow_cost":"NONE","seed_source_timestamp":53164859597263,"circlet_count":0,"master_deck":["Defend_G","Defend_G","Defend_G","Defend_G","Strike_G","Survivor","Neutralize","Footwork","Deadly Poison","Cloak And Dagger","Dagger Spray","Noxious Fumes+1","Catalyst+1","Deadly Poison","Bouncing Flask+1","Predator+1","Burst+1","Bane+1","Venomology+1","Madness","Madness","Acrobatics+1","Backflip+1"],"relics":["Busted Crown","Anchor","Happy Flower","Regal Pillow","Lizard Tail","Sling","Paper Crane","Darkstone Periapt","Potion Belt","Shuriken","Bag of Marbles","Astrolabe","Red Mask","Tough Bandages","Tiny Chest","Toy Ornithopter"],"potions_floor_usage":[14,16,28,28,29,31,35,41,41,41,50,50,50,50,50],"damage_taken":[{"damage":0,"enemies":"Jaw Worm","floor":1,"turns":4},{"damage":1,"enemies":"Small Slimes","floor":4,"turns":4},{"damage":0,"enemies":"Cultist","floor":5,"turns":4},{"damage":12,"enemies":"3 Sentries","floor":6,"turns":12},{"damage":0,"enemies":"Blue Slaver","floor":10,"turns":4},{"damage":0,"enemies":"3 Louse","floor":11,"turns":3},{"damage":0,"enemies":"Looter","floor":12,"turns":3},{"damage":3,"enemies":"Exordium Wildlife","floor":13,"turns":4},{"damage":11,"enemies":"Gremlin Nob","floor":14,"turns":4},{"damage":6,"enemies":"Hexaghost","floor":16,"turns":7},{"damage":11,"enemies":"2 Thieves","floor":18,"turns":4},{"damage":0,"enemies":"Spheric Guardian","floor":19,"turns":3},{"damage":0,"enemies":"Snake Plant","floor":21,"turns":3},{"damage":5,"enemies":"Book of Stabbing","floor":25,"turns":5},{"damage":56,"enemies":"Gremlin Leader","floor":28,"turns":6},{"damage":28,"enemies":"3 Cultists","floor":29,"turns":6},{"damage":11,"enemies":"Centurion and Healer","floor":31,"turns":6},{"damage":38,"enemies":"Automaton","floor":33,"turns":8},{"damage":29,"enemies":"Flame Bruiser 1 Orb","floor":35,"turns":5},{"damage":20,"enemies":"Nemesis","floor":41,"turns":5},{"damage":22,"enemies":"3 Shapes","floor":44,"turns":6},{"damage":93,"enemies":"Awakened One","floor":50,"turns":13}],"seed_played":"-176125889838639999","potions_obtained":[{"floor":1,"key":"Weak Potion"},{"floor":10,"key":"SpeedPotion"},{"floor":13,"key":"GhostInAJar"},{"floor":14,"key":"SteroidPotion"},{"floor":29,"key":"Weak Potion"},{"floor":33,"key":"Fire Potion"},{"floor":35,"key":"Strength Potion"},{"floor":36,"key":"Swift Potion"},{"floor":36,"key":"FearPotion"},{"floor":36,"key":"FairyPotion"},{"floor":41,"key":"FearPotion"},{"floor":44,"key":"PowerPotion"}],"is_trial":false,"path_per_floor":["M","?","$","M","M","E","$","R","T","M","M","M","M","E","R","B",null,"M","M","$","M","?","R","T","E","T","?","E","M","$","M","R","B",null,"M","?","?","?","?","R","E","R","T","M","$","?","R","?","R","B"],"character_chosen":"THE_SILENT","items_purchased":["Noxious Fumes","Sling","FearPotion","Bag of Marbles","Toy Ornithopter"],"campfire_rested":4,"item_purchase_floors":[7,20,20,30,45],"current_hp_per_floor":[70,63,63,62,62,50,50,50,50,50,50,50,47,36,70,64,70,59,59,59,59,43,43,43,38,38,61,5,20,20,9,45,7,70,41,41,41,41,32,68,48,48,48,26,26,26,62,62,62,10],"gold":14,"neow_bonus":"BOSS_RELIC","is_prod":false,"is_daily":false,"chose_seed":false,"campfire_upgraded":4,"win_rate":0,"timestamp":1532461424,"path_taken":["M","?","?","M","M","E","$","R","T","M","M","M","M","E","R","BOSS","M","M","$","M","?","R","?","E","T","?","E","M","$","M","R","BOSS","M","?","?","?","?","R","E","R","T","?","$","?","R","?","R","BOSS"],"build_version":"2018-07-19v2","purchased_purges":1,"victory":true,"max_hp_per_floor":[70,70,70,70,70,70,70,70,70,70,70,70,70,70,70,70,70,70,70,70,70,70,70,70,70,70,70,70,70,70,70,70,70,70,70,70,70,70,70,70,70,70,70,70,70,70,70,70,70,70],"card_choices":[{"not_picked":[],"picked":"Footwork","floor":1},{"not_picked":[],"picked":"Deadly Poison","floor":4},{"not_picked":[],"picked":"Cloak And Dagger","floor":5},{"not_picked":[],"picked":"Dagger Spray","floor":6},{"not_picked":[],"picked":"Catalyst","floor":10},{"not_picked":["Bane"],"picked":"SKIP","floor":11},{"not_picked":[],"picked":"Deadly Poison","floor":12},{"not_picked":[],"picked":"Bouncing Flask","floor":13},{"not_picked":["Riddle With Holes"],"picked":"SKIP","floor":14},{"not_picked":["Expertise"],"picked":"SKIP","floor":18},{"not_picked":[],"picked":"Predator+1","floor":19},{"not_picked":["Slice"],"picked":"SKIP","floor":21},{"not_picked":["Dodge and Roll"],"picked":"SKIP","floor":25},{"not_picked":["Choke+1"],"picked":"SKIP","floor":28},{"not_picked":["Poisoned Stab"],"picked":"SKIP","floor":29},{"not_picked":["Blade Dance"],"picked":"SKIP","floor":31},{"not_picked":[],"picked":"Burst","floor":33},{"not_picked":["Outmaneuver"],"picked":"SKIP","floor":35},{"not_picked":[],"picked":"Acrobatics+1","floor":41},{"not_picked":[],"picked":"Backflip+1","floor":44}],"player_experience":141767,"relics_obtained":[{"floor":6,"key":"Anchor"},{"floor":9,"key":"Happy Flower"},{"floor":14,"key":"Regal Pillow"},{"floor":24,"key":"Paper Crane"},{"floor":25,"key":"Darkstone Periapt"},{"floor":26,"key":"Potion Belt"},{"floor":28,"key":"Shuriken"},{"floor":41,"key":"Tough Bandages"},{"floor":43,"key":"Tiny Chest"}],"event_choices":[{"event_name":"Golden Wing","player_choice":"Card Removal","floor":2,"damage_taken":0},{"event_name":"Cursed Tome","player_choice":"Obtained Book","floor":22,"damage_taken":0},{"event_name":"The Library","player_choice":"Heal","floor":27,"damage_taken":0},{"event_name":"The Lab","player_choice":"Got Potions","floor":36,"damage_taken":0},{"event_name":"Tomb of Lord Red Mask","player_choice":"Paid","floor":37,"damage_taken":0},{"event_name":"Golden Shrine","player_choice":"Pray","floor":38,"damage_taken":0},{"event_name":"Winding Halls","player_choice":"Embrace Madness","floor":39,"damage_taken":0},{"event_name":"Purifier","player_choice":"One Purge","floor":46,"damage_taken":0},{"event_name":"SecretPortal","player_choice":"Rejected Portal.","floor":48,"damage_taken":0}],"is_beta":false,"boss_relics":[{"not_picked":["Orrery","Velvet Choker"],"picked":"Lizard Tail"},{"not_picked":["Pandora\u0027s Box","Fusion Hammer"],"picked":"Astrolabe"}],"items_purged_floors":[3],"is_endless":false,"potions_floor_spawned":[1,10,13,14,25,29,33,35,41,44],"ascension_level":0}