{"gold_per_floor":[110,120,120,120,45,45,74,94,94,127,127,138,138,155,155,229,229,239,26,36,48,58,90,90,105,105,137,155,155,255,290,290,361,361,377,429,729,743,757,771,804,804,804,113,128,128,140,170,170,170,170,170,170,70,99,99],"floor_reached":57,"playtime":3554,"items_purged":["Strike_G","Strike_G"],"score":3578,"play_id":"32768cb1-a7ea-4808-9df0-c9209871c445","local_time":"20181213201826","is_ascension_mode":true,"campfire_choices":[{"data":"Noxious Fumes","floor":6,"key":"SMITH"},{"data":"Infinite Blades","floor":13,"key":"SMITH"},{"data":"Escape Plan","floor":15,"key":"SMITH"},{"data":"After Image","floor":24,"key":"SMITH"},{"floor":29,"key":"REST"},{"data":"Outmaneuver","floor":32,"key":"SMITH"},{"floor":49,"key":"RECALL"},{"data":"Feel No Pain","floor":53,"key":"SMITH"}],"neow_cost":"NONE","seed_source_timestamp":3394201262666,"circlet_count":0,"master_deck":["AscendersBane","Defend_G","Defend_G","Defend_G","Defend_G","Defend_G","Strike_G","Strike_G","Strike_G","Survivor","Neutralize+1","Choke","Noxious Fumes+1","Calculated Gamble","Infinite Blades+1","Escape Plan+1","After Image+1","Blur+1","Flash of Steel","Distraction","Second Wind","Steam Power+1","Outmaneuver+1","Panache","Cloak And Dagger+1","Crippling Poison+1","Aggregate","Endless Agony","Master of Strategy","Feel No Pain+1","Dark Shackles","Chrysalis"],"relics":["Ring of the Snake","NeowsBlessing","Paper Crane","Regal Pillow","Dead Branch","Gambling Chip","Sozu","PrismaticShard","Happy Flower","Pantograph","Letter Opener","Thread and Needle","Ornamental Fan","Orichalcum","Runic Dome","Tingsha","Old Coin","Vajra","Ginger","Question Card","Anchor"],"potions_floor_usage":[16,16,23],"damage_taken":[{"damage":0,"enemies":"Jaw Worm","floor":1,"turns":1},{"damage":0,"enemies":"Small Slimes","floor":2,"turns":1},{"damage":0,"enemies":"Gremlin Nob","floor":7,"turns":1},{"damage":0,"enemies":"Cultist","floor":8,"turns":3},{"damage":38,"enemies":"3 Sentries","floor":10,"turns":9},{"damage":0,"enemies":"Looter","floor":12,"turns":3},{"damage":15,"enemies":"Lots of Slimes","floor":14,"turns":5},{"damage":1,"enemies":"The Guardian","floor":16,"turns":9},{"damage":0,"enemies":"Spheric Guardian","floor":18,"turns":4},{"damage":15,"enemies":"Chosen","floor":20,"turns":5},{"damage":0,"enemies":"Snake Plant","floor":21,"turns":5},{"damage":0,"enemies":"Centurion and Healer","floor":22,"turns":6},{"damage":0,"enemies":"Gremlin Leader","floor":23,"turns":7},{"damage":0,"enemies":"Cultist and Chosen","floor":25,"turns":4},{"damage":26,"enemies":"Slavers","floor":27,"turns":7},{"damage":0,"enemies":"Snecko","floor":28,"turns":4},{"damage":12,"enemies":"Colosseum Slavers","floor":30,"turns":3},{"damage":0,"enemies":"Colosseum Nobs","floor":30,"turns":3},{"damage":8,"enemies":"Gremlin Leader","floor":31,"turns":7},{"damage":0,"enemies":"Collector","floor":33,"turns":8},{"damage":0,"enemies":"3 Shapes","floor":35,"turns":3},{"damage":5,"enemies":"2 Orb Walkers","floor":36,"turns":4},{"damage":9,"enemies":"3 Darklings","floor":38,"turns":2},{"damage":0,"enemies":"Maw","floor":39,"turns":5},{"damage":0,"enemies":"4 Shapes","floor":40,"turns":2},{"damage":0,"enemies":"Reptomancer","floor":41,"turns":4},{"damage":0,"enemies":"Sphere and 2 Shapes","floor":45,"turns":3},{"damage":0,"enemies":"Writhing Mass","floor":47,"turns":3},{"damage":0,"enemies":"Nemesis","floor":48,"turns":3},{"damage":0,"enemies":"Donu and Deca","floor":50,"turns":8},{"damage":0,"enemies":"Time Eater","floor":51,"turns":9},{"damage":9,"enemies":"Shield and Spear","floor":55,"turns":5},{"damage":42,"enemies":"The Heart","floor":56,"turns":7}],"seed_played":"-7667982854467475253","potions_obtained":[{"floor":2,"key":"FearPotion"},{"floor":10,"key":"LiquidBronze"},{"floor":14,"key":"Block Potion"},{"floor":16,"key":"Fire Potion"}],"is_trial":false,"path_per_floor":["M","M","?","?","$","R","E","M","T","E","?","M","R","M","R","B",null,"M","$","M","M","M","E","R","M","T","E","M","R","?","E","R","B",null,"M","?","T","M","M","M","E","?","T","$","M","?","M","E","R","B","B",null,"R","$","E","B",null],"character_chosen":"THE_SILENT","items_purchased":["Noxious Fumes","PrismaticShard","Ginger","Endless Agony","Master of Strategy"],"campfire_rested":1,"item_purchase_floors":[5,19,44,44,44],"current_hp_per_floor":[59,59,64,64,64,64,64,64,64,26,26,26,26,11,11,10,56,56,56,41,41,41,41,41,41,41,15,15,51,39,31,31,56,67,67,62,62,53,53,53,53,53,53,53,53,53,53,53,53,67,67,67,67,67,58,25],"gold":99,"neow_bonus":"THREE_ENEMY_KILL","is_prod":false,"is_daily":false,"chose_seed":false,"campfire_upgraded":6,"win_rate":0,"timestamp":1544703506,"path_taken":["M","M","?","?","$","R","E","?","T","E","?","M","R","M","R","BOSS","M","$","?","?","M","E","R","M","T","E","M","R","?","E","R","BOSS","M","?","?","M","M","?","E","?","T","?","?","?","M","E","R","BOSS","BOSS","R","$","E","BOSS"],"build_version":"2018-12-06","purchased_purges":2,"victory":true,"max_hp_per_floor":[66,66,71,71,71,71,71,71,71,71,71,71,71,71,71,71,71,71,71,71,71,71,71,71,71,71,71,71,71,71,71,71,71,71,71,71,71,71,71,71,71,71,71,71,71,67,67,67,67,67,67,67,67,67,67,67],"card_choices":[{"not_picked":["PiercingWail","Riddle With Holes","Deflect"],"picked":"SKIP","floor":1},{"not_picked":["Dodge and Roll","Skewer"],"picked":"Choke","floor":2},{"not_picked":["Terror","Blur"],"picked":"Calculated Gamble","floor":7},{"not_picked":["Accuracy","Flying Knee","Underhanded Strike"],"picked":"SKIP","floor":8},{"not_picked":["Masterful Stab","Phantasmal Killer"],"picked":"Infinite Blades","floor":10},{"not_picked":["Backflip","PiercingWail"],"picked":"Escape Plan","floor":12},{"not_picked":["Bane","Sucker Punch","All Out Attack"],"picked":"SKIP","floor":14},{"not_picked":["Venomology","Storm of Steel"],"picked":"After Image","floor":16},{"not_picked":["PiercingWail","Slice"],"picked":"Blur+1","floor":18},{"not_picked":["Deflect","Darkness"],"picked":"Flash of Steel","floor":20},{"not_picked":["Steam","Headbutt+1","Deflect"],"picked":"SKIP","floor":21},{"not_picked":["Compile Driver","Thunderclap","Shrug It Off"],"picked":"SKIP","floor":22},{"not_picked":["Compile Driver","Thunderclap","Shrug It Off"],"picked":"SKIP","floor":22},{"not_picked":["Ghostly Armor","Wild Strike"],"picked":"Distraction","floor":23},{"not_picked":["Dodge and Roll","Sentinel"],"picked":"Second Wind","floor":25},{"not_picked":["Bludgeon","Flex","Bane"],"picked":"SKIP","floor":27},{"not_picked":["Streamline","Rage"],"picked":"Steam Power+1","floor":28},{"not_picked":["Flame Barrier","Streamline"],"picked":"Outmaneuver","floor":31},{"not_picked":["Double Tap","Buffer"],"picked":"Panache","floor":33},{"not_picked":["Uppercut+1","Consume+1"],"picked":"Cloak And Dagger+1","floor":35},{"not_picked":["Barrage","Dagger Throw"],"picked":"Crippling Poison+1","floor":36},{"not_picked":["Go for the Eyes","Sword Boomerang","Clash"],"picked":"SKIP","floor":38},{"not_picked":["Metallicize+1","Conserve Battery","Steam"],"picked":"SKIP","floor":39},{"not_picked":["Metallicize+1","Conserve Battery","Steam"],"picked":"SKIP","floor":39},{"not_picked":["Metallicize+1","Conserve Battery","Steam"],"picked":"SKIP","floor":39},{"not_picked":["Metallicize+1","Conserve Battery","Steam"],"picked":"SKIP","floor":39},{"not_picked":["Thunderclap","Noxious Fumes","Flex"],"picked":"SKIP","floor":40},{"not_picked":["Acrobatics","Noxious Fumes"],"picked":"Aggregate","floor":41},{"not_picked":["Expertise","Headbutt"],"picked":"Feel No Pain","floor":45},{"not_picked":["Clash","Perfected Strike+1","Dagger Spray"],"picked":"SKIP","floor":47},{"not_picked":["FTL","Rampage+1"],"picked":"Dark Shackles","floor":48},{"not_picked":["Setup","Deadly Poison+1","True Grit"],"picked":"Chrysalis","floor":55}],"player_experience":2378034,"relics_obtained":[{"floor":7,"key":"Paper Crane"},{"floor":9,"key":"Regal Pillow"},{"floor":10,"key":"Dead Branch"},{"floor":23,"key":"Happy Flower"},{"floor":26,"key":"Pantograph"},{"floor":27,"key":"Letter Opener"},{"floor":30,"key":"Thread and Needle"},{"floor":30,"key":"Ornamental Fan"},{"floor":31,"key":"Orichalcum"},{"floor":36,"key":"Tingsha"},{"floor":37,"key":"Old Coin"},{"floor":41,"key":"Vajra"},{"floor":48,"key":"Question Card"},{"floor":55,"key":"Anchor"}],"event_choices":[{"damage_healed":0,"gold_gain":0,"player_choice":"Donut","damage_taken":0,"max_hp_gain":5,"max_hp_loss":0,"event_name":"Big Fish","floor":3,"gold_loss":0},{"damage_healed":0,"gold_gain":0,"player_choice":"Upgraded","damage_taken":0,"max_hp_gain":0,"max_hp_loss":0,"event_name":"Upgrade Shrine","floor":4,"gold_loss":0,"cards_upgraded":["Neutralize"]},{"damage_healed":0,"gold_gain":0,"player_choice":"Gave Potion","damage_taken":0,"relics_obtained":["Gambling Chip"],"max_hp_gain":0,"max_hp_loss":0,"event_name":"WeMeetAgain","floor":11,"gold_loss":0},{"damage_healed":0,"gold_gain":0,"player_choice":"Fight","damage_taken":0,"max_hp_gain":0,"max_hp_loss":0,"event_name":"Colosseum","floor":30,"gold_loss":0},{"damage_healed":0,"gold_gain":0,"player_choice":"Fought Nobs","damage_taken":0,"max_hp_gain":0,"max_hp_loss":0,"event_name":"Colosseum","floor":30,"gold_loss":0},{"damage_healed":0,"gold_gain":0,"player_choice":"Fight","damage_taken":0,"max_hp_gain":0,"max_hp_loss":0,"event_name":"Mysterious Sphere","floor":36,"gold_loss":0},{"damage_healed":0,"gold_gain":0,"player_choice":"Got Potions","damage_taken":0,"max_hp_gain":0,"max_hp_loss":0,"event_name":"Lab","floor":42,"gold_loss":0},{"damage_healed":0,"gold_gain":0,"player_choice":"Max HP","damage_taken":0,"max_hp_gain":0,"max_hp_loss":4,"event_name":"Winding Halls","floor":46,"gold_loss":0}],"is_beta":false,"boss_relics":[{"not_picked":["Empty Cage","Astrolabe"],"picked":"Sozu"},{"not_picked":["White Beast Statue","Philosopher\u0027s Stone"],"picked":"Runic Dome"}],"items_purged_floors":[44,54],"is_endless":false,"potions_floor_spawned":[2,10,14,16,18,20,23,28,30,35,38,45,48],"ascension_level":20}