{"gold_per_floor":[116,134,134,209,54,54,3,3,3,33,33,46,78,98,98,169,169,180,180,105,105,124,124,155,171,171,171,98,115,30,49,49,124,124,140,159,36,52,152,152,162,172,172,172,172],"floor_reached":45,"playtime":2022,"items_purged":["Strike_G"],"score":819,"play_id":"bfc13eba-176e-4a52-abac-a139ce04eafb","local_time":"20181203165843","is_ascension_mode":true,"campfire_choices":[{"data":"Neutralize","floor":6.0,"key":"SMITH"},{"floor":11.0,"key":"REST"},{"data":"Deadly Poison","floor":15.0,"key":"SMITH"},{"data":"Catalyst","floor":23.0,"key":"SMITH"},{"data":"Noxious Fumes","floor":32.0,"key":"SMITH"},{"data":"Footwork","floor":40.0,"key":"SMITH"}],"neow_cost":"PERCENT_DAMAGE","seed_source_timestamp":32062435412817,"circlet_count":0,"master_deck":["AscendersBane","Defend_G","Defend_G","Defend_G","Defend_G","Defend_G","Strike_G","Strike_G+1","Strike_G+1","Survivor","Neutralize+1","Poisoned Stab","Deadly Poison+1","Crippling Poison","Leg Sweep","Corpse Explosion","Catalyst+1","PiercingWail","Blur+1","Catalyst+1","Noxious Fumes+1","Malaise","PiercingWail","Footwork+1","Deadly Poison+1","Impatience"],"special_seed":0,"relics":["Ring of the Snake","Pocketwatch","Whetstone","Shovel","Regal Pillow","Darkstone Periapt","StoneCalendar","Coffee Dripper","Art of War","Ancient Tea Set","Eternal Feather","Bird Faced Urn","Bottled Flame"],"potions_floor_usage":[45],"damage_taken":[{"damage":0.0,"enemies":"Jaw Worm","floor":1.0,"turns":5.0},{"damage":0.0,"enemies":"2 Louse","floor":2.0,"turns":4.0},{"damage":17.0,"enemies":"3 Sentries","floor":10.0,"turns":12.0},{"damage":0.0,"enemies":"Cultist","floor":12.0,"turns":3.0},{"damage":8.0,"enemies":"Lagavulin","floor":13.0,"turns":6.0},{"damage":2.0,"enemies":"Red Slaver","floor":14.0,"turns":4.0},{"damage":11.0,"enemies":"The Guardian","floor":16.0,"turns":10.0},{"damage":0.0,"enemies":"Shell Parasite","floor":18.0,"turns":7.0},{"damage":0.0,"enemies":"Chosen","floor":22.0,"turns":4.0},{"damage":7.0,"enemies":"Gremlin Leader","floor":24.0,"turns":6.0},{"damage":10.0,"enemies":"Centurion and Healer","floor":25.0,"turns":4.0},{"damage":0.0,"enemies":"Cultist and Chosen","floor":29.0,"turns":3.0},{"damage":0.0,"enemies":"Chosen and Byrds","floor":31.0,"turns":5.0},{"damage":28.0,"enemies":"Automaton","floor":33.0,"turns":5.0},{"damage":16.0,"enemies":"3 Darklings","floor":35.0,"turns":3.0},{"damage":13.0,"enemies":"Orb Walker","floor":36.0,"turns":5.0},{"damage":0.0,"enemies":"Sphere and 2 Shapes","floor":38.0,"turns":5.0},{"damage":0.0,"enemies":"Mind Bloom Boss Battle","floor":39.0,"turns":7.0},{"damage":29.0,"enemies":"Spire Growth","floor":41.0,"turns":5.0},{"damage":11.0,"enemies":"Transient","floor":42.0,"turns":5.0},{"damage":5,"enemies":"Nemesis","floor":45,"turns":2}],"seed_played":"-824651552840702433","potions_obtained":[{"floor":10.0,"key":"LiquidBronze"},{"floor":13.0,"key":"Weak Potion"}],"is_trial":false,"path_per_floor":["M","M","?","?","$","R","$","T","T","E","R","M","E","M","R","B",null,"M","?","$","?","M","R","E","M","T","?","$","M","?","M","R","B",null,"M","M","$","M","?","R","M","M","T","?","E"],"character_chosen":"THE_SILENT","items_purchased":["Whetstone","Block Potion","Regen Potion","Footwork","Dexterity Potion"],"campfire_rested":1,"item_purchase_floors":[5,7,28,37,37],"current_hp_per_floor":[44,44,44,33,33,33,33,33,33,16,50,50,42,40,40,29,57,57,57,57,57,57,57,50,40,40,40,40,40,40,40,40,27,56,40,27,27,27,27,39,14,3,3,3,0],"gold":172,"neow_bonus":"ONE_RARE_RELIC","is_prod":false,"is_daily":false,"chose_seed":false,"campfire_upgraded":5,"win_rate":0,"timestamp":1543885123,"path_taken":["M","M","?","?","$","R","$","?","T","E","R","M","E","?","R","BOSS","M","?","$","?","M","R","E","?","T","?","$","?","?","M","R","BOSS","M","M","$","M","?","R","M","M","T","?","E"],"build_version":"2018-11-15","purchased_purges":1,"victory":false,"max_hp_per_floor":[66,66,66,66,66,66,66,66,66,66,66,66,66,66,66,66,66,66,66,66,66,66,66,66,66,66,66,66,66,66,66,66,66,66,66,66,66,66,66,66,66,66,66,66,66],"card_choices":[{"not_picked":["Flying Knee","Bane"],"picked":"Poisoned Stab","floor":1.0},{"not_picked":["Endless Agony","Flying Knee"],"picked":"Deadly Poison","floor":2.0},{"not_picked":["Tactician","Distraction","Poisoned Stab"],"picked":"SKIP","floor":10.0},{"not_picked":["Heel Hook","Deflect"],"picked":"Crippling Poison","floor":12.0},{"not_picked":["Slice","Deflect"],"picked":"Leg Sweep","floor":13.0},{"not_picked":["Prepared","Acrobatics","Choke"],"picked":"SKIP","floor":14.0},{"not_picked":["After Image","Envenom"],"picked":"Corpse Explosion","floor":16.0},{"not_picked":["Slice","Deadly Poison"],"picked":"Catalyst","floor":18.0},{"not_picked":["Endless Agony","Flying Knee"],"picked":"PiercingWail","floor":22.0},{"not_picked":["Dagger Spray","Slice","Deadly Poison"],"picked":"SKIP","floor":24.0},{"not_picked":["Cloak And Dagger","Outmaneuver"],"picked":"Blur+1","floor":25.0},{"not_picked":["Slice","Leg Sweep"],"picked":"Noxious Fumes","floor":29.0},{"not_picked":["Riddle With Holes","Adrenaline","Expertise"],"picked":"SKIP","floor":31.0},{"not_picked":["A Thousand Cuts","Glass Knife"],"picked":"Malaise","floor":33.0},{"not_picked":["Dodge and Roll","Flying Knee+1","Deflect"],"picked":"SKIP","floor":35.0},{"not_picked":["Poisoned Stab","Backflip"],"picked":"PiercingWail","floor":36.0},{"not_picked":["Dagger Throw","PiercingWail","Prepared"],"picked":"SKIP","floor":38.0},{"not_picked":["Dagger Spray+1","Grand Finale"],"picked":"Deadly Poison+1","floor":41.0},{"not_picked":["Poisoned Stab","Outmaneuver","Infinite Blades+1"],"picked":"SKIP","floor":42.0},{"not_picked":["Transmutation","Purity"],"picked":"Impatience","floor":44.0}],"player_experience":1720289,"relics_obtained":[{"floor":8.0,"key":"Shovel"},{"floor":9.0,"key":"Regal Pillow"},{"floor":10.0,"key":"Darkstone Periapt"},{"floor":13.0,"key":"StoneCalendar"},{"floor":24.0,"key":"Art of War"},{"floor":39.0,"key":"Bird Faced Urn"},{"floor":43.0,"key":"Bottled Flame"}],"event_choices":[{"damage_healed":0.0,"max_hp_gain":0.0,"max_hp_loss":0.0,"gold_gain":0.0,"event_name":"Shining Light","player_choice":"Ignored","floor":3.0,"gold_loss":0.0,"damage_taken":0.0},{"damage_healed":0.0,"max_hp_gain":0.0,"max_hp_loss":0.0,"gold_gain":75.0,"event_name":"World of Goop","player_choice":"Gather Gold","floor":4.0,"gold_loss":0.0,"damage_taken":11.0},{"damage_healed":0.0,"max_hp_gain":0.0,"max_hp_loss":0.0,"gold_gain":0.0,"event_name":"Cursed Tome","player_choice":"Ignored","floor":19.0,"gold_loss":0.0,"damage_taken":0.0},{"cards_removed":["Strike_G"],"damage_healed":0.0,"max_hp_gain":0.0,"max_hp_loss":0.0,"gold_gain":0.0,"event_name":"Bonfire Elementals","player_choice":"Offered Basic","floor":21.0,"gold_loss":0.0,"damage_taken":0.0},{"damage_healed":0.0,"max_hp_gain":0.0,"max_hp_loss":0.0,"gold_gain":0.0,"event_name":"Duplicator","player_choice":"Copied","floor":27.0,"gold_loss":0.0,"damage_taken":0.0,"cards_obtained":["Catalyst"]},{"damage_healed":0.0,"max_hp_gain":0.0,"max_hp_loss":0.0,"gold_gain":0.0,"event_name":"Addict","player_choice":"Obtained Relic","floor":30.0,"gold_loss":85.0,"damage_taken":0.0,"relics_obtained":["Ancient Tea Set"]},{"damage_healed":0.0,"max_hp_gain":0.0,"max_hp_loss":0.0,"gold_gain":0.0,"event_name":"MindBloom","player_choice":"Fight","floor":39.0,"gold_loss":0.0,"damage_taken":0.0},{"damage_healed":0.0,"max_hp_gain":0.0,"max_hp_loss":0.0,"gold_gain":0.0,"event_name":"SensoryStone","player_choice":"Memory 1","floor":44.0,"gold_loss":0.0,"damage_taken":0.0}],"is_beta":false,"boss_relics":[{"not_picked":["Runic Pyramid","Lizard Tail"],"picked":"Coffee Dripper"},{"not_picked":["Orrery","WristBlade"],"picked":"Eternal Feather"}],"items_purged_floors":[20],"is_endless":false,"potions_floor_spawned":[10,13,24,29,38],"killed_by":"Nemesis","ascension_level":15}