{"gold_per_floor":[149,149,164,9,9,21,48,88,100,140,152,164,191,50,50,154,154,164,17,36,56,72,72,104,104,104,104,152,74,87,113,113,213,213,227,0,0,0,11,11,45,45,45,61,61,61,80,100,100,100],"floor_reached":50,"playtime":5185,"items_purged":["Strike_G"],"score":682,"play_id":"74a663ad-f36d-4fa2-9d3a-acdbf93bff87","local_time":"20181022041329","is_ascension_mode":true,"campfire_choices":[{"data":"Neutralize","floor":6.0,"key":"SMITH"},{"data":"Blade Dance","floor":11.0,"key":"SMITH"},{"data":"Footwork","floor":15.0,"key":"SMITH"},{"data":"Adrenaline","floor":23.0,"key":"SMITH"},{"data":"After Image","floor":25.0,"key":"SMITH"},{"data":"Poisoned Stab","floor":32.0,"key":"SMITH"},{"data":"Mind Blast","floor":40.0,"key":"SMITH"},{"data":"Deadly Poison","floor":42.0,"key":"SMITH"},{"floor":46.0,"key":"REST"},{"floor":49.0,"key":"REST"}],"neow_cost":"NONE","seed_source_timestamp":0,"circlet_count":0,"master_deck":["Defend_G+1","Defend_G+1","Defend_G+1","Defend_G+1","Defend_G+1","Strike_G+1","Strike_G+1","Strike_G+1","Strike_G+1","Survivor","Neutralize+1","All Out Attack","Blade Dance+1","Well Laid Plans","Catalyst","Catalyst+1","Footwork+1","Adrenaline+1","Poisoned Stab+1","Dash","PiercingWail","After Image+1","Footwork","Backflip+1","Finisher+1","Night Terror","Infinite Blades","Blur","Poisoned Stab","Deadly Poison+1","Mind Blast+1","Setup+1","Acrobatics+1","Adrenaline"],"special_seed":0,"relics":["Ring of the Snake","Tiny Chest","Kunai","Omamori","MawBank","Torii","Shuriken","Matryoshka","White Beast Statue","Boot","Potion Belt","Pear","Bag of Preparation","Anchor","Ancient Tea Set","Oddly Smooth Stone","Orrery","Red Mask","Frozen Egg 2","Ninja Scroll"],"potions_floor_usage":[50],"damage_taken":[{"damage":1.0,"enemies":"Cultist","floor":1.0,"turns":4.0},{"damage":0.0,"enemies":"2 Louse","floor":3.0,"turns":2.0},{"damage":0.0,"enemies":"Jaw Worm","floor":7.0,"turns":4.0},{"damage":20.0,"enemies":"Lagavulin","floor":8.0,"turns":9.0},{"damage":10.0,"enemies":"3 Sentries","floor":10.0,"turns":8.0},{"damage":2.0,"enemies":"Exordium Thugs","floor":13.0,"turns":6.0},{"damage":0.0,"enemies":"Hexaghost","floor":16.0,"turns":13.0},{"damage":0.0,"enemies":"3 Byrds","floor":18.0,"turns":8.0},{"damage":4.0,"enemies":"Shell Parasite","floor":20.0,"turns":8.0},{"damage":12.0,"enemies":"3 Cultists","floor":21.0,"turns":5.0},{"damage":1.0,"enemies":"Snake Plant","floor":22.0,"turns":4.0},{"damage":1.0,"enemies":"Gremlin Leader","floor":24.0,"turns":8.0},{"damage":12.0,"enemies":"Snecko","floor":30.0,"turns":5.0},{"damage":10.0,"enemies":"Slavers","floor":31.0,"turns":8.0},{"damage":32.0,"enemies":"Automaton","floor":33.0,"turns":10.0},{"damage":10.0,"enemies":"3 Shapes","floor":35.0,"turns":8.0},{"damage":0.0,"enemies":"Orb Walker","floor":39.0,"turns":3.0},{"damage":30.0,"enemies":"Reptomancer","floor":41.0,"turns":5.0},{"damage":2.0,"enemies":"3 Darklings","floor":44.0,"turns":5.0},{"damage":0.0,"enemies":"2 Orb Walkers","floor":45.0,"turns":3.0},{"damage":15.0,"enemies":"Transient","floor":47.0,"turns":5.0},{"damage":0.0,"enemies":"Spire Growth","floor":48.0,"turns":4.0},{"damage":71,"enemies":"Awakened One","floor":50,"turns":14}],"seed_played":"-7104311015522230354","potions_obtained":[{"floor":1.0,"key":"Regen Potion"},{"floor":7.0,"key":"Explosive Potion"},{"floor":16.0,"key":"Block Potion"},{"floor":18.0,"key":"Explosive Potion"},{"floor":20.0,"key":"GhostInAJar"},{"floor":21.0,"key":"Poison Potion"},{"floor":22.0,"key":"LiquidBronze"},{"floor":24.0,"key":"Regen Potion"},{"floor":30.0,"key":"SmokeBomb"},{"floor":31.0,"key":"Strength Potion"},{"floor":33.0,"key":"Fire Potion"},{"floor":35.0,"key":"Swift Potion"},{"floor":39.0,"key":"Poison Potion"},{"floor":41.0,"key":"SkillPotion"},{"floor":47.0,"key":"Energy Potion"},{"floor":48.0,"key":"LiquidBronze"}],"is_trial":false,"path_per_floor":["M","T","M","$","?","R","M","E","T","E","R","?","M","$","R","B",null,"M","$","M","M","M","R","E","R","T","?","T","$","M","E","R","B",null,"M","?","?","?","M","R","E","R","T","M","?","R","M","M","R"],"character_chosen":"THE_SILENT","items_purchased":["Omamori","Footwork","Boot","Footwork"],"campfire_rested":2,"item_purchase_floors":[4,14,19,29],"current_hp_per_floor":[69,69,69,69,66,66,66,58,58,48,48,34,32,32,32,32,70,70,70,66,54,53,53,52,52,62,62,62,62,50,55,55,23,80,70,70,70,70,70,70,40,40,40,38,38,62,47,47,71,0],"gold":100,"neow_bonus":"RANDOM_COMMON_RELIC","is_prod":false,"is_daily":false,"chose_seed":false,"campfire_upgraded":8,"win_rate":0,"timestamp":1540174409,"path_taken":["M","?","M","$","?","R","M","E","T","E","R","?","M","?","R","BOSS","M","$","M","M","M","R","E","R","T","?","?","$","M","E","R","BOSS","M","?","?","?","M","R","E","R","T","M","?","R","?","M","R","BOSS"],"build_version":"2018-10-19","purchased_purges":1,"victory":false,"max_hp_per_floor":[70,70,70,70,70,70,70,70,70,70,70,70,70,70,70,70,70,70,70,70,70,70,70,70,70,80,80,80,80,80,80,80,80,80,80,80,80,80,80,80,80,80,80,80,80,80,80,80,80,80],"card_choices":[{"not_picked":["Sucker Punch","Tactician"],"picked":"All Out Attack","floor":1.0},{"not_picked":["Bane","Flying Knee"],"picked":"Blade Dance","floor":3.0},{"not_picked":["Flechettes","Acrobatics"],"picked":"Well Laid Plans","floor":7.0},{"not_picked":["Slice","Storm of Steel"],"picked":"Catalyst","floor":8.0},{"not_picked":["Deflect","Underhanded Strike"],"picked":"Catalyst","floor":10.0},{"not_picked":["Calculated Gamble","Sucker Punch","Dodge and Roll"],"picked":"SKIP","floor":13.0},{"not_picked":["Die Die Die","Night Terror"],"picked":"Adrenaline","floor":16.0},{"not_picked":["Prepared","Dagger Spray"],"picked":"Poisoned Stab","floor":18.0},{"not_picked":["Tactician","Backflip"],"picked":"Dash","floor":20.0},{"not_picked":["Prepared","Calculated Gamble+1","Well Laid Plans"],"picked":"SKIP","floor":21.0},{"not_picked":["Setup","Prepared"],"picked":"PiercingWail","floor":22.0},{"not_picked":["Quick Slash","Bane"],"picked":"After Image","floor":24.0},{"not_picked":["Riddle With Holes","Calculated Gamble"],"picked":"Backflip+1","floor":30.0},{"not_picked":["Flying Knee+1","Dash"],"picked":"Finisher+1","floor":31.0},{"not_picked":["Storm of Steel","Glass Knife"],"picked":"Night Terror","floor":33.0},{"not_picked":["Poisoned Stab","Dagger Spray"],"picked":"Infinite Blades","floor":34.0},{"not_picked":["Sucker Punch","PiercingWail"],"picked":"Blur","floor":34.0},{"not_picked":["Outmaneuver","Quick Slash+1"],"picked":"Poisoned Stab","floor":34.0},{"not_picked":["Underhanded Strike","Prepared","Caltrops"],"picked":"SKIP","floor":35.0},{"not_picked":["The Bomb","Discovery"],"picked":"Mind Blast","floor":38.0},{"not_picked":["Flying Knee+1","Deflect+1"],"picked":"Setup+1","floor":39.0},{"not_picked":["All Out Attack","Storm of Steel","Cloak And Dagger"],"picked":"SKIP","floor":41.0},{"not_picked":["All Out Attack","Storm of Steel","Cloak And Dagger"],"picked":"SKIP","floor":41.0},{"not_picked":["Acrobatics+1","Sucker Punch+1","Dagger Throw+1"],"picked":"SKIP","floor":44.0},{"not_picked":["Sucker Punch+1","Dagger Throw+1"],"picked":"Acrobatics+1","floor":44.0},{"not_picked":["Quick Slash+1","Dagger Spray"],"picked":"Adrenaline","floor":47.0},{"not_picked":["Flying Knee","Dagger Spray","Dodge and Roll"],"picked":"SKIP","floor":48.0}],"player_experience":132561,"relics_obtained":[{"floor":2.0,"key":"Kunai"},{"floor":8.0,"key":"Torii"},{"floor":9.0,"key":"Shuriken"},{"floor":10.0,"key":"Matryoshka"},{"floor":24.0,"key":"Potion Belt"},{"floor":26.0,"key":"Pear"},{"floor":26.0,"key":"Bag of Preparation"},{"floor":28.0,"key":"Anchor"},{"floor":28.0,"key":"Ancient Tea Set"},{"floor":31.0,"key":"Oddly Smooth Stone"},{"floor":41.0,"key":"Frozen Egg 2"},{"floor":43.0,"key":"Ninja Scroll"}],"event_choices":[{"damage_healed":0.0,"max_hp_gain":0.0,"max_hp_loss":0.0,"gold_gain":0.0,"event_name":"Scrap Ooze","player_choice":"Success","floor":5.0,"gold_loss":0.0,"damage_taken":3.0,"relics_obtained":["MawBank"]},{"damage_healed":0.0,"max_hp_gain":0.0,"max_hp_loss":0.0,"gold_gain":0.0,"event_name":"Shining Light","player_choice":"Entered Light","floor":12.0,"gold_loss":0.0,"damage_taken":14.0,"cards_upgraded":["Catalyst","Defend_G"]},{"damage_healed":0.0,"max_hp_gain":0.0,"max_hp_loss":0.0,"gold_gain":0.0,"event_name":"Back to Basics","player_choice":"Simplicity","floor":27.0,"gold_loss":0.0,"damage_taken":0.0,"cards_upgraded":["Defend_G","Defend_G","Defend_G","Defend_G","Strike_G","Strike_G","Strike_G","Strike_G"]},{"damage_healed":0.0,"max_hp_gain":0.0,"max_hp_loss":0.0,"gold_gain":0.0,"event_name":"Tomb of Lord Red Mask","player_choice":"Paid","floor":36.0,"gold_loss":227.0,"damage_taken":0.0,"relics_obtained":["Red Mask"]},{"damage_healed":0.0,"max_hp_gain":0.0,"max_hp_loss":0.0,"gold_gain":0.0,"event_name":"Match and Keep!","player_choice":"1 cards matched","floor":37.0,"gold_loss":0.0,"damage_taken":0.0,"cards_obtained":["Deadly Poison"]},{"damage_healed":0.0,"max_hp_gain":0.0,"max_hp_loss":0.0,"gold_gain":0.0,"event_name":"SensoryStone","player_choice":"Memory 1","floor":38.0,"gold_loss":0.0,"damage_taken":0.0},{"damage_healed":0.0,"max_hp_gain":0.0,"max_hp_loss":0.0,"gold_gain":0.0,"event_name":"Mysterious Sphere","player_choice":"Fight","floor":45.0,"gold_loss":0.0,"damage_taken":0.0}],"is_beta":true,"boss_relics":[{"not_picked":["Philosopher\u0027s Stone","Ectoplasm"],"picked":"White Beast Statue"},{"not_picked":["Runic Dome","Black Star"],"picked":"Orrery"}],"items_purged_floors":[14],"is_endless":false,"potions_floor_spawned":[1,7,16,18,20,21,22,24,30,31,33,35,39,41,44,45,47,48],"killed_by":"Awakened One","ascension_level":4}