{"gold_per_floor":[110,185,198,215,215,215,243,260,260,290,302,336,336,350,350,445,445,458,458,472,89,49,67,94,45,45,45,45,71,71,71,71,71],"floor_reached":33,"playtime":971,"items_purged":["Strike_R"],"score":379,"play_id":"f80f7cb4-7cd2-4f53-be05-acbe8c695401","local_time":"25610722184136","is_ascension_mode":true,"campfire_choices":[{"data":"Cleave","floor":6,"key":"SMITH"},{"floor":15,"key":"REST"},{"floor":28,"key":"REST"},{"floor":30,"key":"REST"},{"floor":32,"key":"REST"}],"neow_cost":"NONE","seed_source_timestamp":31558239581853,"circlet_count":0,"master_deck":["Strike_R","Strike_R","Strike_R","Strike_R","Defend_R","Defend_R","Defend_R","Defend_R","Bash","Flex","Cleave+1","Blood for Blood","Bludgeon+1","Intimidate+1","Shrug It Off+1","True Grit+1","Armaments+1","Immolate","Infernal Blade+1","Warcry+1","Spot Weakness+1","Power Through+1"],"relics":["Burning Blood","NeowsBlessing","Art of War","Shuriken","Toxic Egg 2","Dodecahedron","Matryoshka","Mark of Pain","Singing Bowl","Strawberry","Anchor","Bottled Flame","Mummified Hand"],"potions_floor_usage":[10,12,16,16,20,23,24,24,29,33],"damage_taken":[{"damage":0,"enemies":"Jaw Worm","floor":1,"turns":1},{"damage":0,"enemies":"Small Slimes","floor":3,"turns":1},{"damage":0,"enemies":"Cultist","floor":4,"turns":1},{"damage":21,"enemies":"3 Sentries","floor":7,"turns":5},{"damage":13,"enemies":"Red Slaver","floor":8,"turns":3},{"damage":33,"enemies":"Lagavulin","floor":10,"turns":5},{"damage":0,"enemies":"Large Slime","floor":11,"turns":4},{"damage":22,"enemies":"3 Sentries","floor":12,"turns":8},{"damage":1,"enemies":"Exordium Wildlife","floor":14,"turns":3},{"damage":15,"enemies":"The Guardian","floor":16,"turns":9},{"damage":30,"enemies":"Shell Parasite","floor":18,"turns":7},{"damage":29,"enemies":"3 Byrds","floor":20,"turns":5},{"damage":0,"enemies":"3 Cultists","floor":23,"turns":4},{"damage":33,"enemies":"Book of Stabbing","floor":24,"turns":4},{"damage":26,"enemies":"Gremlin Leader","floor":29,"turns":7},{"damage":78,"enemies":"Automaton","floor":33,"turns":8}],"seed_played":"5510065228442112440","potions_obtained":[{"floor":8,"key":"Dexterity Potion"},{"floor":11,"key":"PowerPotion"},{"floor":12,"key":"Dexterity Potion"},{"floor":14,"key":"Fire Potion"},{"floor":18,"key":"Swift Potion"},{"floor":22,"key":"BloodPotion"},{"floor":22,"key":"FearPotion"},{"floor":22,"key":"SmokeBomb"},{"floor":23,"key":"SpeedPotion"},{"floor":29,"key":"GamblersBrew"}],"is_trial":false,"path_per_floor":["M","?","M","M","?","R","E","M","T","E","M","E","?","M","R","B",null,"M","?","M","$","?","M","E","$","T","?","R","E","R","?","R"],"character_chosen":"IRONCLAD","items_purchased":["Singing Bowl","Spot Weakness+1","SpeedPotion"],"campfire_rested":4,"item_purchase_floors":[21,21,25],"current_hp_per_floor":[80,69,75,80,73,73,58,51,51,24,30,14,14,19,43,34,69,45,45,22,22,22,36,18,18,18,18,44,26,53,53,80,2],"gold":71,"neow_bonus":"THREE_ENEMY_KILL","is_prod":false,"is_daily":false,"chose_seed":false,"campfire_upgraded":1,"win_rate":0,"timestamp":1532259696,"path_taken":["M","?","?","M","?","R","E","?","T","E","M","E","?","M","R","BOSS","M","?","M","$","?","M","E","?","T","?","R","E","R","?","R","BOSS"],"build_version":"2018-07-19v2","purchased_purges":1,"victory":false,"max_hp_per_floor":[80,80,80,80,80,80,80,80,80,80,80,80,80,80,80,80,80,80,80,80,80,80,80,89,89,89,89,89,91,91,91,91,91],"card_choices":[{"not_picked":["Havoc","Warcry"],"picked":"Flex","floor":1},{"not_picked":["Armaments","Body Slam"],"picked":"Cleave","floor":3},{"not_picked":["Sword Boomerang","Feel No Pain"],"picked":"Blood for Blood","floor":4},{"not_picked":["Rampage","Demon Form"],"picked":"Bludgeon","floor":7},{"not_picked":["Armaments","Clothesline","Headbutt"],"picked":"SKIP","floor":8},{"not_picked":["Uppercut","Headbutt"],"picked":"Intimidate+1","floor":10},{"not_picked":["Sever Soul","Ghostly Armor+1"],"picked":"Shrug It Off+1","floor":11},{"not_picked":["Rupture","Anger"],"picked":"True Grit+1","floor":12},{"not_picked":["Inflame","Warcry+1"],"picked":"Armaments+1","floor":14},{"not_picked":["Brutality","Reaper"],"picked":"Immolate","floor":16},{"not_picked":["Ghostly Armor+1","Clash+1"],"picked":"Infernal Blade+1","floor":18},{"not_picked":["Twin Strike","Pommel Strike+1"],"picked":"Warcry+1","floor":20},{"not_picked":["Flex+1","Anger"],"picked":"Power Through+1","floor":23},{"not_picked":["Dropkick","Bloodletting+1","Headbutt"],"picked":"Singing Bowl","floor":24},{"not_picked":["Shockwave+1","Body Slam","Clothesline"],"picked":"Singing Bowl","floor":29}],"player_experience":114365,"relics_obtained":[{"floor":7,"key":"Shuriken"},{"floor":9,"key":"Toxic Egg 2"},{"floor":10,"key":"Dodecahedron"},{"floor":12,"key":"Matryoshka"},{"floor":24,"key":"Strawberry"},{"floor":26,"key":"Anchor"},{"floor":26,"key":"Bottled Flame"},{"floor":29,"key":"Mummified Hand"}],"event_choices":[{"event_name":"World of Goop","player_choice":"Gather Gold","floor":2,"damage_taken":0},{"event_name":"Scrap Ooze","player_choice":"success","floor":5,"damage_taken":7},{"event_name":"Upgrade Shrine","player_choice":"Upgraded","floor":13,"damage_taken":0},{"event_name":"Ghosts","player_choice":"Ignored","floor":19,"damage_taken":0},{"event_name":"The Woman in Blue","player_choice":"Bought 3 Potions","floor":22,"damage_taken":0},{"event_name":"Vampires","player_choice":"Ignored","floor":27,"damage_taken":0},{"event_name":"Addict","player_choice":"Ignored","floor":31,"damage_taken":0}],"is_beta":false,"boss_relics":[{"not_picked":["Astrolabe","Philosopher\u0027s Stone"],"picked":"Mark of Pain"}],"items_purged_floors":[21],"is_endless":false,"potions_floor_spawned":[8,11,12,14,18,23,29],"killed_by":"Automaton","ascension_level":5}