{"gold_per_floor":[118,134,134,209,229,229,248,198,245,170,18,48,48,60,60,158,158,172,122,122,134,153,153,171,70,70,70,70,104,117,152,152,247,247,259,270,69,80,95,126,126,158,158,158,175,175,194,144,144,144],"floor_reached":51,"playtime":3498,"items_purged":["Strike_R","Strike_R","Defend_R","Strike_R","Bash+1","Strike_R+1"],"score":1108,"play_id":"3941688a-29b0-4260-a55c-7b6bc58578f6","local_time":"20190114041912","is_ascension_mode":true,"campfire_choices":[{"floor":6.0,"key":"REST"},{"data":"Rampage","floor":13.0,"key":"SMITH"},{"data":"Bloodletting","floor":15.0,"key":"SMITH"},{"data":"True Grit","floor":23.0,"key":"SMITH"},{"floor":27.0,"key":"REST"},{"floor":32.0,"key":"REST"},{"data":"Exhume","floor":41.0,"key":"SMITH"},{"data":"Double Tap","floor":44.0,"key":"SMITH"},{"data":"Disarm","floor":46.0,"key":"SMITH"},{"floor":49.0,"key":"REST"}],"neow_cost":"PERCENT_DAMAGE","seed_source_timestamp":183709814841245,"circlet_count":0,"master_deck":["Defend_R+1","Defend_R+1","Defend_R+1","True Grit+1","Rampage+1","Battle Trance","Warcry","Shrug It Off","Double Tap+1","Bloodletting+1","Demon Form","Shrug It Off","Whirlwind+1","Disarm+1","Intimidate","Thunderclap+1","Intimidate+1","Exhume+1","Shrug It Off+1","Intimidate","Bloodletting"],"special_seed":0,"relics":["Burning Blood","Incense Burner","Omamori","Centennial Puzzle","Smiling Mask","Runic Pyramid","Paper Frog","Whetstone","Bag of Marbles","Cursed Key","PreservedInsect","Kunai","Calipers","Happy Flower"],"potions_floor_usage":[50,50],"damage_taken":[{"damage":8.0,"enemies":"Jaw Worm","floor":1.0,"turns":4.0},{"damage":6.0,"enemies":"Small Slimes","floor":2.0,"turns":5.0},{"damage":0.0,"enemies":"2 Louse","floor":5.0,"turns":4.0},{"damage":7.0,"enemies":"Blue Slaver","floor":7.0,"turns":5.0},{"damage":16.0,"enemies":"Lagavulin","floor":12.0,"turns":6.0},{"damage":3.0,"enemies":"Red Slaver","floor":14.0,"turns":3.0},{"damage":19.0,"enemies":"Hexaghost","floor":16.0,"turns":9.0},{"damage":15.0,"enemies":"Chosen","floor":18.0,"turns":4.0},{"damage":9.0,"enemies":"Shell Parasite","floor":21.0,"turns":4.0},{"damage":15.0,"enemies":"3 Cultists","floor":22.0,"turns":4.0},{"damage":16.0,"enemies":"Cultist and Chosen","floor":24.0,"turns":4.0},{"damage":19.0,"enemies":"Book of Stabbing","floor":29.0,"turns":5.0},{"damage":3.0,"enemies":"Snake Plant","floor":30.0,"turns":5.0},{"damage":17.0,"enemies":"Slavers","floor":31.0,"turns":3.0},{"damage":52.0,"enemies":"Automaton","floor":33.0,"turns":10.0},{"damage":9.0,"enemies":"3 Darklings","floor":35.0,"turns":3.0},{"damage":3.0,"enemies":"Orb Walker","floor":36.0,"turns":4.0},{"damage":17.0,"enemies":"Transient","floor":38.0,"turns":5.0},{"damage":3.0,"enemies":"Jaw Worm Horde","floor":39.0,"turns":1.0},{"damage":3.0,"enemies":"Nemesis","floor":40.0,"turns":3.0},{"damage":4.0,"enemies":"Giant Head","floor":42.0,"turns":6.0},{"damage":3.0,"enemies":"3 Darklings","floor":45.0,"turns":1.0},{"damage":4.0,"enemies":"Writhing Mass","floor":47.0,"turns":5.0},{"damage":29,"enemies":"Donu and Deca","floor":50,"turns":8}],"seed_played":"7616763476318046497","potions_obtained":[{"floor":2.0,"key":"AttackPotion"},{"floor":5.0,"key":"Block Potion"},{"floor":14.0,"key":"Weak Potion"},{"floor":22.0,"key":"SpeedPotion"},{"floor":24.0,"key":"EssenceOfSteel"},{"floor":30.0,"key":"Strength Potion"},{"floor":31.0,"key":"Block Potion"},{"floor":35.0,"key":"LiquidBronze"},{"floor":36.0,"key":"Explosive Potion"},{"floor":39.0,"key":"Fire Potion"}],"is_trial":false,"path_per_floor":["M","M","?","?","M","R","M","?","T","$","$","E","R","M","R","B",null,"M","$","?","M","M","R","M","$","T","R","?","E","M","E","R","B",null,"M","M","$","M","M","E","R","E","T","R","M","R","M","$","R","B",null],"character_chosen":"IRONCLAD","items_purchased":["Shrug It Off","Swift Potion","PreservedInsect"],"campfire_rested":4,"item_purchase_floors":[11,25,37],"current_hp_per_floor":[49,49,31,20,26,50,49,49,49,49,49,39,39,42,42,29,67,58,58,58,55,46,46,36,36,36,60,60,47,50,39,63,17,64,61,64,64,53,56,59,59,61,61,61,64,64,66,66,80,57],"gold":144,"neow_bonus":"ONE_RARE_RELIC","is_prod":false,"is_daily":false,"chose_seed":false,"campfire_upgraded":6,"win_rate":0,"timestamp":1547435952,"path_taken":["M","M","?","?","M","R","M","?","T","?","$","E","R","M","R","BOSS","M","$","?","M","M","R","?","?","T","R","?","E","?","E","R","BOSS","M","M","$","M","M","E","R","E","T","R","M","R","M","$","R","BOSS"],"build_version":"2019-01-10","purchased_purges":6,"victory":true,"max_hp_per_floor":[80,80,80,80,80,80,80,80,80,80,80,80,80,80,80,80,80,80,80,80,80,80,80,80,80,80,80,80,80,80,80,80,80,80,80,80,80,80,80,80,80,80,80,80,80,80,80,80,80,80],"card_choices":[{"not_picked":["Rupture","Clothesline"],"picked":"True Grit","floor":1.0},{"not_picked":["Clash","Shrug It Off"],"picked":"Rampage","floor":2.0},{"not_picked":["Twin Strike","Headbutt"],"picked":"Battle Trance","floor":5.0},{"not_picked":["Shockwave","True Grit"],"picked":"Warcry","floor":7.0},{"not_picked":["Heavy Blade","Clash"],"picked":"Double Tap","floor":12.0},{"not_picked":["Rupture","Armaments"],"picked":"Bloodletting","floor":14.0},{"not_picked":["Bludgeon","Barricade"],"picked":"Demon Form","floor":16.0},{"not_picked":["Havoc","Twin Strike","Heavy Blade"],"picked":"SKIP","floor":18.0},{"not_picked":["Clash","Disarm"],"picked":"Whirlwind+1","floor":21.0},{"not_picked":["Fire Breathing","True Grit"],"picked":"Disarm","floor":22.0},{"not_picked":["Feel No Pain","Hemokinesis"],"picked":"Intimidate","floor":24.0},{"not_picked":["Havoc+1","True Grit"],"picked":"Thunderclap+1","floor":29.0},{"not_picked":["Heavy Blade","Warcry"],"picked":"Intimidate+1","floor":30.0},{"not_picked":["Clothesline+1","Bludgeon","Whirlwind"],"picked":"SKIP","floor":31.0},{"not_picked":["Reaper","Feed"],"picked":"Exhume","floor":33.0},{"not_picked":["Warcry","Twin Strike","Carnage+1"],"picked":"SKIP","floor":35.0},{"not_picked":["Combust","True Grit+1","Corruption+1"],"picked":"SKIP","floor":36.0},{"not_picked":["Bloodletting+1","Thunderclap+1"],"picked":"Shrug It Off+1","floor":38.0},{"not_picked":["Hemokinesis+1","Shrug It Off","Reckless Charge"],"picked":"SKIP","floor":39.0},{"not_picked":["Corruption","Cleave","Flex"],"picked":"SKIP","floor":40.0},{"not_picked":["Warcry","Brutality"],"picked":"Intimidate","floor":42.0},{"not_picked":["Searing Blow+1","Infernal Blade","Perfected Strike+1"],"picked":"SKIP","floor":45.0},{"not_picked":["Heavy Blade+1","Flex+1"],"picked":"Bloodletting","floor":47.0}],"player_experience":462785,"relics_obtained":[{"floor":9.0,"key":"Centennial Puzzle"},{"floor":12.0,"key":"Smiling Mask"},{"floor":26.0,"key":"Paper Frog"},{"floor":29.0,"key":"Whetstone"},{"floor":31.0,"key":"Bag of Marbles"},{"floor":40.0,"key":"Kunai"},{"floor":42.0,"key":"Calipers"},{"floor":43.0,"key":"Happy Flower"}],"event_choices":[{"damage_healed":0.0,"max_hp_gain":0.0,"max_hp_loss":0.0,"gold_gain":0.0,"event_name":"Scrap Ooze","player_choice":"Success","floor":3.0,"gold_loss":0.0,"damage_taken":18.0,"relics_obtained":["Omamori"]},{"damage_healed":0.0,"max_hp_gain":0.0,"max_hp_loss":0.0,"gold_gain":75.0,"event_name":"World of Goop","player_choice":"Gather Gold","floor":4.0,"gold_loss":0.0,"damage_taken":11.0},{"cards_removed":["Strike_R"],"damage_healed":0.0,"max_hp_gain":0.0,"max_hp_loss":0.0,"gold_gain":0.0,"event_name":"The Cleric","player_choice":"Card Removal","floor":8.0,"gold_loss":50.0,"damage_taken":0.0},{"damage_healed":0.0,"max_hp_gain":0.0,"max_hp_loss":0.0,"gold_gain":0.0,"event_name":"Duplicator","player_choice":"Copied","floor":20.0,"gold_loss":0.0,"damage_taken":0.0,"cards_obtained":["Shrug It Off"]},{"damage_healed":0.0,"max_hp_gain":0.0,"max_hp_loss":0.0,"gold_gain":0.0,"event_name":"Back to Basics","player_choice":"Simplicity","floor":28.0,"gold_loss":0.0,"damage_taken":0.0,"cards_upgraded":["Strike_R","Defend_R","Defend_R","Defend_R"]}],"is_beta":false,"boss_relics":[{"not_picked":["Ectoplasm","Philosopher\u0027s Stone"],"picked":"Runic Pyramid"},{"not_picked":["Mark of Pain","Eternal Feather"],"picked":"Cursed Key"}],"items_purged_floors":[10,11,19,25,37,48],"is_endless":false,"potions_floor_spawned":[2,5,14,22,24,30,31,35,36,39,42],"ascension_level":9}