{"gold_per_floor":[213,213,213,226,226,226,265,265,265,265,265],"floor_reached":11,"playtime":225,"items_purged":[],"score":121,"play_id":"20f7c71a-cc76-45f8-9b51-a1468d469b32","local_time":"20190401181328","is_ascension_mode":true,"campfire_choices":[{"data":"Bash","floor":6.0,"key":"SMITH"},{"floor":8.0,"key":"REST"}],"neow_cost":"NONE","seed_source_timestamp":38836173933825,"circlet_count":0,"master_deck":["AscendersBane","Strike_R","Strike_R","Strike_R","Strike_R","Strike_R","Defend_R","Defend_R","Defend_R","Defend_R","Bash+1","Pommel Strike","Pommel Strike","Clothesline"],"special_seed":0,"relics":["Burning Blood","Matryoshka","Golden Idol","Shuriken","Sundial","Blue Candle","Frozen Egg 2","Shovel"],"potions_floor_usage":[],"damage_taken":[{"damage":14.0,"enemies":"2 Louse","floor":1.0,"turns":3.0},{"damage":2.0,"enemies":"Jaw Worm","floor":4.0,"turns":5.0},{"damage":48.0,"enemies":"Lagavulin","floor":7.0,"turns":8.0},{"damage":30,"enemies":"3 Sentries","floor":11,"turns":4}],"seed_played":"-4888649461439231695","potions_obtained":[{"floor":1.0,"key":"Regen Potion"}],"is_trial":false,"path_per_floor":["M","?","?","M","T","R","E","R","T","?","E"],"character_chosen":"IRONCLAD","items_purchased":[],"campfire_rested":1,"item_purchase_floors":[],"current_hp_per_floor":[60,34,34,52,52,52,10,30,30,30,0],"gold":265,"neow_bonus":"HUNDRED_GOLD","is_prod":false,"is_daily":false,"chose_seed":false,"campfire_upgraded":1,"win_rate":0,"timestamp":1554167608,"path_taken":["M","?","?","M","?","R","E","R","T","?","E"],"build_version":"2019-01-23","purchased_purges":0,"victory":false,"max_hp_per_floor":[75,75,68,68,68,68,68,68,68,68,68],"card_choices":[{"not_picked":["Dual Wield","Armaments"],"picked":"Pommel Strike","floor":1.0},{"not_picked":["Cleave","Pummel"],"picked":"Pommel Strike","floor":4.0},{"not_picked":["Iron Wave","Second Wind"],"picked":"Clothesline","floor":7.0}],"player_experience":2404255,"relics_obtained":[{"floor":5.0,"key":"Shuriken"},{"floor":5.0,"key":"Sundial"},{"floor":7.0,"key":"Blue Candle"},{"floor":9.0,"key":"Frozen Egg 2"},{"floor":9.0,"key":"Shovel"}],"event_choices":[{"damage_healed":0.0,"max_hp_gain":0.0,"max_hp_loss":0.0,"gold_gain":0.0,"event_name":"Scrap Ooze","player_choice":"Success","floor":2.0,"gold_loss":0.0,"damage_taken":26.0,"relics_obtained":["Matryoshka"]},{"damage_healed":0.0,"max_hp_gain":0.0,"max_hp_loss":7.0,"gold_gain":0.0,"event_name":"Golden Idol","player_choice":"Lose Max HP","floor":3.0,"gold_loss":0.0,"damage_taken":0.0,"relics_obtained":["Golden Idol"]},{"damage_healed":0.0,"max_hp_gain":0.0,"max_hp_loss":0.0,"gold_gain":0.0,"event_name":"Shining Light","player_choice":"Ignored","floor":10.0,"gold_loss":0.0,"damage_taken":0.0}],"is_beta":false,"boss_relics":[],"items_purged_floors":[],"is_endless":false,"potions_floor_spawned":[1],"killed_by":"3 Sentries","ascension_level":15}