{"gold_per_floor":[119,132,151,23,98,98,114,114,114,134,134,159,169,200,200,300,300,317,197,209,223,235,235,253,253,253,287,287,287,287,301,301,396,396,413,413,123,134,154,154,186,186,186,12,24,24,40,59,59,59],"floor_reached":51,"playtime":3926,"items_purged":["Strike_G","Strike_G+1"],"score":1008,"play_id":"b72fd7e6-d182-4185-8089-c49dce6e4692","local_time":"20180704213109","is_ascension_mode":true,"campfire_choices":[{"data":"Cloak And Dagger","floor":6.0,"key":"SMITH"},{"data":"Neutralize","floor":8.0,"key":"SMITH"},{"data":"Cloak And Dagger","floor":11.0,"key":"SMITH"},{"floor":15.0,"key":"REST"},{"data":"Choke","floor":23.0,"key":"SMITH"},{"data":"Cloak And Dagger","floor":25.0,"key":"SMITH"},{"data":"Sucker Punch","floor":30,"key":"SMITH"},{"data":"Well Laid Plans","floor":32,"key":"SMITH"},{"data":"Envenom","floor":40,"key":"SMITH"},{"floor":42,"key":"REST"},{"floor":49,"key":"REST"}],"neow_cost":"","seed_source_timestamp":46927581926259,"circlet_count":0,"master_deck":["Defend_G+1","Defend_G+1","Defend_G+1","Defend_G+1","Defend_G+1","Strike_G+1","Strike_G+1","Survivor","Neutralize+1","Quick Slash","Sucker Punch+1","Dagger Throw","Cloak And Dagger+1","Noxious Fumes","Dash","Cloak And Dagger+1","Die Die Die","Backflip","Adrenaline","Choke+1","Cloak And Dagger+1","Crippling Poison+1","Slice+1","Dagger Spray+1","Well Laid Plans+1","Escape Plan","Envenom+1","PiercingWail+1","Panache","Malaise+1","Backstab+1","Acrobatics","Finisher","Panache","Cloak And Dagger"],"special_seed":0,"relics":["Ring of the Snake","Pear","Toolbox","Whetstone","Runic Dome","War Paint","Potion Belt","Busted Crown","Happy Flower","Question Card"],"potions_floor_usage":[27,33,41,50,50,50,50],"damage_taken":[{"damage":6.0,"enemies":"Jaw Worm","floor":1.0,"turns":6.0},{"damage":0.0,"enemies":"Small Slimes","floor":2.0,"turns":3.0},{"damage":1.0,"enemies":"2 Louse","floor":3.0,"turns":4.0},{"damage":10.0,"enemies":"Gremlin Gang","floor":7.0,"turns":5.0},{"damage":0.0,"enemies":"Large Slime","floor":10.0,"turns":5.0},{"damage":30.0,"enemies":"Gremlin Nob","floor":12.0,"turns":5.0},{"damage":0.0,"enemies":"2 Fungi Beasts","floor":13.0,"turns":3.0},{"damage":20.0,"enemies":"Lagavulin","floor":14.0,"turns":6.0},{"damage":22.0,"enemies":"The Guardian","floor":16.0,"turns":12.0},{"damage":0.0,"enemies":"Spheric Guardian","floor":18.0,"turns":3.0},{"damage":3.0,"enemies":"2 Thieves","floor":20.0,"turns":4.0},{"damage":12.0,"enemies":"Centurion and Healer","floor":21.0,"turns":6.0},{"damage":0.0,"enemies":"3 Cultists","floor":22.0,"turns":5.0},{"damage":14.0,"enemies":"Cultist and Chosen","floor":24.0,"turns":6.0},{"damage":37,"enemies":"Book of Stabbing","floor":27,"turns":7},{"damage":0,"enemies":"Centurion and Healer","floor":31,"turns":4},{"damage":33,"enemies":"Collector","floor":33,"turns":10},{"damage":0,"enemies":"3 Darklings","floor":35,"turns":3},{"damage":0,"enemies":"3 Shapes","floor":38,"turns":4},{"damage":8,"enemies":"3 Darklings","floor":39,"turns":4},{"damage":18,"enemies":"2 Orb Walkers","floor":41,"turns":5},{"damage":3,"enemies":"Maw","floor":45,"turns":6},{"damage":0,"enemies":"4 Shapes","floor":47,"turns":2},{"damage":13,"enemies":"3 Darklings","floor":48,"turns":3},{"damage":44,"enemies":"Donu and Deca","floor":50,"turns":7}],"seed_played":"-5618864516578547741","potions_obtained":[{"floor":1.0,"key":"Regen Potion"},{"floor":2.0,"key":"SkillPotion"},{"floor":12.0,"key":"EssenceOfSteel"},{"floor":13.0,"key":"Ancient Potion"},{"floor":16.0,"key":"GamblersBrew"},{"floor":27,"key":"SpeedPotion"},{"floor":33,"key":"Ancient Potion"},{"floor":38,"key":"Poison Potion"},{"floor":39,"key":"Ancient Potion"},{"floor":45,"key":"SkillPotion"},{"floor":47,"key":"SkillPotion"},{"floor":48,"key":"Swift Potion"}],"is_trial":false,"path_per_floor":["M","M","M","$","?","R","M","R","T","M","R","E","M","E","R","B",null,"M","$","M","M","M","R","M","R","T","E","?","?","R","M","R","B",null,"M","?","$","M","M","R","E","R","T","$","M","?","M","M","R","B"],"character_chosen":"THE_SILENT","items_purchased":["Cloak And Dagger","Noxious Fumes","Cloak And Dagger","Panache","Acrobatics","Finisher","GamblersBrew"],"campfire_rested":3,"item_purchase_floors":[],"current_hp_per_floor":[57,57,56,56,45,45,35,35,45,45,45,15,15,10,34,12,63,63,63,60,52,52,52,38,38,38,1,1,80,80,80,80,47,72,72,72,72,72,64,64,46,70,70,70,67,67,67,54,78,34],"gold":59,"neow_bonus":"","is_prod":false,"is_daily":false,"chose_seed":false,"campfire_upgraded":8,"win_rate":0,"timestamp":1530765069,"path_taken":["M","M","M","$","?","R","?","R","T","M","R","E","M","E","R","BOSS","M","$","M","M","M","R","M","R","T","E","?","?","R","M","R","BOSS","M","?","$","M","M","R","E","R","T","$","M","?","M","?","R","BOSS"],"build_version":"2018-06-28","purchased_purges":2,"victory":true,"max_hp_per_floor":[70,70,70,70,70,70,70,70,80,80,80,80,80,80,80,80,80,80,80,80,80,80,80,80,80,80,80,80,80,80,80,80,80,80,80,80,80,80,80,80,80,80,80,80,80,80,80,80,80,80],"card_choices":[{"not_picked":["Poisoned Stab","Deflect"],"picked":"Quick Slash","floor":0.0},{"not_picked":["Outmaneuver","Deflect"],"picked":"Sucker Punch","floor":1.0},{"not_picked":["Deflect","Heel Hook"],"picked":"Dagger Throw","floor":2.0},{"not_picked":["Dagger Throw","Caltrops","Acrobatics"],"picked":"SKIP","floor":3.0},{"not_picked":["Poisoned Stab","Dagger Spray"],"picked":"Dash","floor":7.0},{"not_picked":["Sucker Punch","Accuracy"],"picked":"Cloak And Dagger","floor":10.0},{"not_picked":["Poisoned Stab","Choke"],"picked":"Die Die Die","floor":12.0},{"not_picked":["Dash","Terror","Heel Hook"],"picked":"SKIP","floor":13.0},{"not_picked":["Underhanded Strike","Acrobatics"],"picked":"Backflip","floor":14.0},{"not_picked":["Phantasmal Killer","Storm of Steel"],"picked":"Adrenaline","floor":16.0},{"not_picked":["Slice","Cloak And Dagger"],"picked":"Choke","floor":18.0},{"not_picked":["Dagger Throw","Prepared"],"picked":"Crippling Poison","floor":20.0},{"not_picked":["Eviscerate","Cloak And Dagger"],"picked":"Slice+1","floor":21.0},{"not_picked":["Slice","Quick Slash"],"picked":"Infinite Blades","floor":22.0},{"not_picked":["Quick Slash","Prepared"],"picked":"Dagger Spray+1","floor":24.0},{"not_picked":["Slice","Terror"],"picked":"Well Laid Plans","floor":27},{"not_picked":["Unload","Outmaneuver"],"picked":"Escape Plan","floor":31},{"not_picked":["Tactician","Adrenaline"],"picked":"Envenom","floor":33},{"not_picked":[],"picked":"PiercingWail+1","floor":35},{"not_picked":[],"picked":"Malaise+1","floor":38},{"not_picked":[],"picked":"Backstab+1","floor":39},{"not_picked":["Concentrate"],"picked":"SKIP","floor":41},{"not_picked":["Flying Knee","Finisher"],"picked":"SKIP","floor":45},{"not_picked":["Slice","Sucker Punch+1"],"picked":"SKIP","floor":47},{"not_picked":["Reflex+1"],"picked":"Cloak And Dagger","floor":48}],"player_experience":691313,"relics_obtained":[{"floor":9.0,"key":"Pear"},{"floor":12.0,"key":"Toolbox"},{"floor":14.0,"key":"Whetstone"},{"floor":26.0,"key":"War Paint"},{"floor":27,"key":"Potion Belt"},{"floor":41,"key":"Happy Flower"},{"floor":43,"key":"Question Card"}],"event_choices":[{"event_name":"World of Goop","player_choice":"Gather Gold","floor":5.0,"damage_taken":0.0},{"event_name":"Back to Basics","player_choice":"Simplicity","floor":28,"damage_taken":0},{"event_name":"Bonfire Elementals","player_choice":"UNCOMMON","floor":29,"damage_taken":0},{"event_name":"Falling","player_choice":"Removed Attack","floor":36,"damage_taken":0},{"event_name":"Duplicator","player_choice":"One dupe","floor":46,"damage_taken":0}],"boss_relics":[{"not_picked":["Coffee Dripper","Philosopher\u0027s Stone"],"picked":"Runic Dome"},{"not_picked":["Eternal Feather","Black Star"],"picked":"Busted Crown"}],"items_purged_floors":[],"is_endless":false,"potions_floor_spawned":[1,2,12,13,16,21,27,33,38,39,45,47,48],"ascension_level":9}