{"gold_per_floor":[115,127,50,50,50,50,76,76,101,115,129,141,141,66,66,143,143,154,4,15,29,29],"floor_reached":22,"playtime":703,"items_purged":["Strike_R","Strike_R"],"score":422,"play_id":"9b0cea41-5deb-4748-88ff-e4901ee6f299","local_time":"20181227162359","is_ascension_mode":true,"campfire_choices":[{"data":"Body Slam","floor":6,"key":"SMITH"},{"data":"Second Wind","floor":8,"key":"SMITH"},{"data":"Disarm","floor":13,"key":"SMITH"},{"data":"Bash","floor":15,"key":"SMITH"}],"neow_cost":"NONE","seed_source_timestamp":6419160279111,"circlet_count":0,"master_deck":["AscendersBane","Strike_R","Strike_R","Strike_R","Defend_R","Defend_R","Defend_R","Defend_R","Bash+1","Power Through","Inflame","Second Wind+1","Body Slam+1","Disarm+1","Sword Boomerang","True Grit","Shockwave"],"special_seed":0,"relics":["Burning Blood","NeowsBlessing","Art of War","Lantern","Mark of Pain"],"potions_floor_usage":[16,16,22],"damage_taken":[{"damage":0.0,"enemies":"Small Slimes","floor":1.0,"turns":1.0},{"damage":0.0,"enemies":"Jaw Worm","floor":2.0,"turns":1.0},{"damage":0,"enemies":"Gremlin Nob","floor":7,"turns":2},{"damage":6,"enemies":"Cultist","floor":10,"turns":4},{"damage":16,"enemies":"Red Slaver","floor":11,"turns":3},{"damage":8,"enemies":"Blue Slaver","floor":12,"turns":3},{"damage":22,"enemies":"Hexaghost","floor":16,"turns":9},{"damage":33,"enemies":"3 Byrds","floor":18,"turns":9},{"damage":9,"enemies":"Shell Parasite","floor":20,"turns":6},{"damage":6,"enemies":"Centurion and Healer","floor":21,"turns":9},{"damage":29,"enemies":"Chosen and Byrds","floor":22,"turns":9}],"seed_played":"4147898945421267056","potions_obtained":[{"floor":2.0,"key":"Fire Potion"},{"floor":11,"key":"Block Potion"},{"floor":12,"key":"LiquidBronze"},{"floor":20,"key":"Dexterity Potion"}],"is_trial":false,"path_per_floor":["M","M","$","?","R","E","R","T","M","M","M","R","$","R","B",null,"M","$","M","M","M"],"character_chosen":"IRONCLAD","items_purchased":["Second Wind","True Grit"],"campfire_rested":0,"item_purchase_floors":[3,19],"current_hp_per_floor":[74,75,75,75,75,75,75,75,75,75,65,63,63,63,63,47,68,41,41,38,38,9],"gold":29,"neow_bonus":"THREE_ENEMY_KILL","is_prod":false,"is_daily":false,"chose_seed":false,"campfire_upgraded":4,"win_rate":0,"timestamp":1545899039,"path_taken":["M","M","$","?","?","R","E","R","T","?","M","M","R","?","R","BOSS","M","$","M","M","M"],"build_version":"2018-12-25","purchased_purges":2,"victory":false,"max_hp_per_floor":[75,75,75,75,75,75,75,75,75,75,75,75,75,75,75,75,75,75,75,75,75,75],"card_choices":[{"not_picked":["Clash","Spot Weakness"],"picked":"Power Through","floor":1.0},{"not_picked":["Heavy Blade","Metallicize"],"picked":"Inflame","floor":2.0},{"not_picked":["Armaments","Blood for Blood","Flex"],"picked":"SKIP","floor":7},{"not_picked":["Heavy Blade","Inflame","Flame Barrier"],"picked":"SKIP","floor":10},{"not_picked":["Clothesline","Headbutt"],"picked":"Disarm","floor":11},{"not_picked":["Cleave","Exhume"],"picked":"Sword Boomerang","floor":12},{"not_picked":["Cleave","Headbutt","Havoc"],"picked":"SKIP","floor":18},{"not_picked":["Sword Boomerang","Body Slam"],"picked":"Shockwave","floor":20},{"not_picked":["Blood for Blood","Clash","Sword Boomerang"],"picked":"SKIP","floor":21}],"player_experience":1188638,"relics_obtained":[{"floor":7,"key":"Art of War"},{"floor":9,"key":"Lantern"}],"event_choices":[{"damage_healed":0.0,"max_hp_gain":0.0,"max_hp_loss":0.0,"gold_gain":0.0,"event_name":"The Cleric","player_choice":"Leave","floor":4.0,"gold_loss":0.0,"damage_taken":0.0},{"damage_healed":0,"gold_gain":0,"player_choice":"1 cards matched","damage_taken":0,"max_hp_gain":0,"max_hp_loss":0,"event_name":"Match and Keep!","floor":5,"gold_loss":0,"cards_obtained":["Body Slam"]},{"damage_healed":0,"gold_gain":0,"player_choice":"1 cards matched","damage_taken":0,"max_hp_gain":0,"max_hp_loss":0,"event_name":"Match and Keep!","floor":5,"gold_loss":0,"cards_obtained":["Body Slam"]}],"is_beta":true,"boss_relics":[{"not_picked":["Runic Cube","Philosopher\u0027s Stone"],"picked":"Mark of Pain"}],"items_purged_floors":[14,19],"is_endless":false,"potions_floor_spawned":[2,11,12,20],"killed_by":"Chosen and Byrds","ascension_level":20}