{"gold_per_floor":[111,124,137,148,4,4,31,49,49,49],"floor_reached":10,"playtime":1019,"items_purged":["Strike_R"],"score":81,"play_id":"f447832d-47c5-47f8-b79c-efba92428ef3","local_time":"20190429232511","is_ascension_mode":true,"campfire_choices":[{"data":"Barricade","floor":6,"key":"SMITH"}],"neow_cost":"NONE","seed_source_timestamp":8120140866506,"circlet_count":0,"master_deck":["Strike_R","Strike_R","Strike_R","Strike_R","Defend_R","Defend_R","Defend_R","Defend_R","Bash","Armaments","Dual Wield","Warcry","Barricade+1","Bandage Up","Thunderclap","Shrug It Off"],"relics":["Burning Blood","Smiling Mask","Matryoshka","Question Card","Ornamental Fan"],"potions_floor_usage":[7,8],"damage_taken":[{"damage":6,"enemies":"Cultist","floor":1,"turns":4},{"damage":4,"enemies":"2 Louse","floor":2,"turns":3},{"damage":11,"enemies":"Small Slimes","floor":3,"turns":4},{"damage":10,"enemies":"3 Louse","floor":4,"turns":5},{"damage":71,"enemies":"Lagavulin","floor":7,"turns":9},{"damage":4,"enemies":"Exordium Wildlife","floor":8,"turns":3},{"damage":26,"enemies":"Gremlin Nob","floor":10,"turns":3}],"seed_played":"1569300257879453188","potions_obtained":[{"floor":2,"key":"Weak Potion"},{"floor":7,"key":"SkillPotion"}],"is_trial":false,"path_per_floor":["M","M","M","M","$","R","E","M","T","E"],"character_chosen":"IRONCLAD","items_purchased":["Bandage Up"],"campfire_rested":0,"item_purchase_floors":[5],"current_hp_per_floor":[80,80,75,71,71,71,10,16,16,0],"gold":49,"neow_bonus":"RANDOM_COMMON_RELIC","is_prod":false,"is_daily":false,"chose_seed":false,"campfire_upgraded":1,"win_rate":0,"timestamp":1556591111,"path_taken":["M","M","M","M","$","R","E","M","T","E"],"build_version":"2019-01-23","purchased_purges":1,"victory":false,"max_hp_per_floor":[80,80,80,80,80,80,80,80,80,80],"card_choices":[{"not_picked":["Cleave","Havoc"],"picked":"Armaments","floor":1},{"not_picked":["Flex","Power Through"],"picked":"Dual Wield","floor":2},{"not_picked":["Blood for Blood","Sentinel"],"picked":"Warcry","floor":3},{"not_picked":["True Grit","Whirlwind"],"picked":"Barricade","floor":4},{"not_picked":["Bludgeon","Flame Barrier"],"picked":"Thunderclap","floor":7},{"not_picked":["Burning Pact","Bloodletting"],"picked":"Shrug It Off","floor":8}],"player_experience":184399,"relics_obtained":[{"floor":7,"key":"Matryoshka"},{"floor":9,"key":"Question Card"},{"floor":9,"key":"Ornamental Fan"}],"event_choices":[],"is_beta":false,"boss_relics":[],"items_purged_floors":[5],"is_endless":false,"potions_floor_spawned":[2,7],"killed_by":"Gremlin Nob","ascension_level":3}