{"gold_per_floor":[111,111,128,144,156,156,170,2,83,83,93,103,128,128,128,207,207,222,222,322,337,337],"floor_reached":22,"playtime":733,"items_purged":[],"score":348,"play_id":"2de57dbe-874b-480c-b126-6076d50c5a9f","local_time":"20190127031613","is_ascension_mode":true,"campfire_choices":[{"data":"Whirlwind","floor":6,"key":"SMITH"},{"data":"Disarm","floor":15,"key":"SMITH"}],"neow_cost":"NONE","seed_source_timestamp":548339464887312,"circlet_count":0,"master_deck":["AscendersBane","Strike_R","Strike_R","Strike_R","Strike_R","Defend_R","Defend_R","Defend_R","Bash","Rupture","Whirlwind+1","Disarm+1","Headbutt","Battle Trance","Demon Form+1","Pummel"],"relics":["Burning Blood","Orichalcum","Bag of Preparation","Frozen Egg 2","Champion Belt","Busted Crown","StoneCalendar","Question Card"],"potions_floor_usage":[12,16,20,21],"damage_taken":[{"damage":7,"enemies":"Jaw Worm","floor":1,"turns":3},{"damage":0,"enemies":"Cultist","floor":3,"turns":3},{"damage":2,"enemies":"2 Louse","floor":4,"turns":2},{"damage":15,"enemies":"Exordium Thugs","floor":5,"turns":5},{"damage":0,"enemies":"3 Louse","floor":7,"turns":1},{"damage":10,"enemies":"Looter","floor":11,"turns":3},{"damage":10,"enemies":"Large Slime","floor":12,"turns":4},{"damage":22,"enemies":"Gremlin Nob","floor":13,"turns":5},{"damage":35,"enemies":"Hexaghost","floor":16,"turns":13},{"damage":6,"enemies":"3 Byrds","floor":18,"turns":4},{"damage":28,"enemies":"Colosseum Slavers","floor":20,"turns":3},{"damage":9,"enemies":"Colosseum Nobs","floor":20,"turns":4},{"damage":8,"enemies":"Shell Parasite","floor":21,"turns":4},{"damage":18,"enemies":"Centurion and Healer","floor":22,"turns":2}],"seed_played":"5884199231014014870","potions_obtained":[{"floor":1,"key":"SpeedPotion"},{"floor":7,"key":"Weak Potion"},{"floor":10,"key":"EssenceOfSteel"},{"floor":10,"key":"Fire Potion"},{"floor":16,"key":"SteroidPotion"},{"floor":20,"key":"EssenceOfSteel"}],"is_trial":false,"path_per_floor":["M","?","M","M","M","R","M","$","T","?","M","M","E","?","R","B",null,"M","?","?","M","M"],"character_chosen":"IRONCLAD","items_purchased":["Bag of Preparation"],"campfire_rested":0,"item_purchase_floors":[8],"current_hp_per_floor":[67,67,73,75,66,66,72,72,72,72,68,64,48,41,41,12,59,59,38,13,11,0],"gold":337,"neow_bonus":"RANDOM_COMMON_RELIC","is_prod":false,"is_daily":false,"chose_seed":false,"campfire_upgraded":2,"win_rate":0,"timestamp":1548555373,"path_taken":["M","?","M","M","M","R","M","$","T","?","?","M","E","?","R","BOSS","M","?","?","M","M"],"build_version":"2019-01-23","purchased_purges":0,"victory":false,"max_hp_per_floor":[75,75,75,75,75,75,75,75,75,75,75,75,75,75,75,75,75,75,80,80,80,80],"card_choices":[{"not_picked":["Heavy Blade","Havoc"],"picked":"Rupture","floor":1},{"not_picked":["Power Through","Thunderclap"],"picked":"Whirlwind","floor":3},{"not_picked":["Shrug It Off","Dropkick"],"picked":"Disarm","floor":4},{"not_picked":["Clash","Havoc","Cleave"],"picked":"SKIP","floor":5},{"not_picked":["Havoc","Cleave"],"picked":"Headbutt","floor":7},{"not_picked":["Havoc","Feel No Pain+1","Rage"],"picked":"SKIP","floor":11},{"not_picked":["Evolve+1","Uppercut"],"picked":"Battle Trance","floor":12},{"not_picked":["Fire Breathing+1","Juggernaut+1","Intimidate"],"picked":"SKIP","floor":13},{"not_picked":["Berserk+1","Exhume"],"picked":"Demon Form+1","floor":16},{"not_picked":["Sword Boomerang+1"],"picked":"SKIP","floor":18},{"not_picked":[],"picked":"Pummel","floor":20},{"not_picked":["Dropkick","Flame Barrier"],"picked":"SKIP","floor":21}],"player_experience":481064,"relics_obtained":[{"floor":9,"key":"Frozen Egg 2"},{"floor":13,"key":"Champion Belt"},{"floor":20,"key":"StoneCalendar"},{"floor":20,"key":"Question Card"}],"event_choices":[{"cards_removed":["Defend_R"],"damage_healed":0,"gold_gain":0,"player_choice":"Forget","damage_taken":0,"max_hp_gain":0,"max_hp_loss":0,"event_name":"Living Wall","floor":2,"gold_loss":0},{"damage_healed":0,"gold_gain":0,"player_choice":"Got Potions","damage_taken":0,"max_hp_gain":0,"max_hp_loss":0,"event_name":"Lab","floor":10,"gold_loss":0},{"cards_removed":["Strike_R"],"damage_healed":0,"gold_gain":0,"player_choice":"Card Removal","damage_taken":7,"max_hp_gain":0,"max_hp_loss":0,"event_name":"Golden Wing","floor":14,"gold_loss":0},{"damage_healed":0,"gold_gain":0,"player_choice":"Shed Blood","damage_taken":26,"max_hp_gain":5,"max_hp_loss":0,"event_name":"Forgotten Altar","floor":19,"gold_loss":0},{"damage_healed":0,"gold_gain":0,"player_choice":"Fight","damage_taken":0,"max_hp_gain":0,"max_hp_loss":0,"event_name":"Colosseum","floor":20,"gold_loss":0},{"damage_healed":0,"gold_gain":0,"player_choice":"Fought Nobs","damage_taken":0,"max_hp_gain":0,"max_hp_loss":0,"event_name":"Colosseum","floor":20,"gold_loss":0}],"is_beta":false,"boss_relics":[{"not_picked":["Mark of Pain","White Beast Statue"],"picked":"Busted Crown"}],"items_purged_floors":[],"is_endless":false,"potions_floor_spawned":[1,7,11,16,20],"killed_by":"Centurion and Healer","ascension_level":17}