{"gold_per_floor":[118,133,61,61,76,76,101,101,101,132,151,184,245,256,256,361,361,376,97,97,107,107,107,107,122,122,122,122,152,152,168,168,267,267,277,297,35,54,65,65,93,93,141,174,174,192,202,221,221,325,375,391,133,133,146,18,18,45,45,97,97,110,145,95,270,270,366,366,381,190,190,105,120,120,32,32,64,81,4,22,22,33,33,137,137,156,156,171,171,190,190,216,216,242,254,59,59,75,88,88,191,191,204,204,5,64,64,88,88,88,133,169,202,214,306,393,405,546,558,590,412,412,437,437,437,458,471,507,507,526,526,567,567,567,692,692,716,736,513,526,526,526,539,539,577,577,593,593,593,636,636,636],"floor_reached":152,"playtime":3684,"items_purged":["Defend_R","Strike_R","Defend_R","Defend_R","Doubt","Injury","Regret","Pain"],"score":3893,"play_id":"23c9b856-a7ce-42af-95e6-75a6957fad09","local_time":"20190117004905","is_ascension_mode":false,"campfire_choices":[{"data":"Searing Blow","floor":6,"key":"SMITH"},{"data":"Searing Blow+1","floor":8,"key":"SMITH"},{"data":"Searing Blow+2","floor":15,"key":"SMITH"},{"data":"Searing Blow+3","floor":23,"key":"SMITH"},{"data":"Searing Blow+4","floor":28,"key":"SMITH"},{"data":"Searing Blow+5","floor":30,"key":"SMITH"},{"data":"Searing Blow+6","floor":32,"key":"SMITH"},{"data":"Searing Blow+7","floor":40,"key":"SMITH"},{"data":"Searing Blow+8","floor":42,"key":"SMITH"},{"data":"Searing Blow+9","floor":45,"key":"SMITH"},{"data":"Searing Blow+10","floor":49,"key":"SMITH"},{"data":"Searing Blow+11","floor":57,"key":"SMITH"},{"data":"Searing Blow+12","floor":59,"key":"SMITH"},{"data":"Searing Blow+13","floor":61,"key":"SMITH"},{"data":"Searing Blow+14","floor":66,"key":"SMITH"},{"data":"Searing Blow+15","floor":74,"key":"SMITH"},{"data":"Searing Blow+16","floor":83,"key":"SMITH"},{"data":"Searing Blow+18","floor":91,"key":"SMITH"},{"data":"Searing Blow+19","floor":93,"key":"SMITH"},{"data":"Searing Blow+20","floor":97,"key":"SMITH"},{"data":"Searing Blow+21","floor":100,"key":"SMITH"},{"data":"Searing Blow+22","floor":109,"key":"SMITH"},{"data":"Searing Blow+23","floor":114,"key":"SMITH"},{"data":"Searing Blow+24","floor":117,"key":"SMITH"},{"data":"Searing Blow+25","floor":125,"key":"SMITH"},{"data":"Searing Blow+26","floor":131,"key":"SMITH"},{"data":"Searing Blow+27","floor":134,"key":"SMITH"},{"data":"Searing Blow+28","floor":142,"key":"SMITH"},{"data":"Searing Blow+29","floor":144,"key":"SMITH"},{"data":"Searing Blow+30","floor":146,"key":"SMITH"},{"data":"Searing Blow+31","floor":151,"key":"SMITH"}],"neow_cost":"","seed_source_timestamp":0,"circlet_count":0,"master_deck":["Bash+1","Power Through","Whirlwind+1","Inflame","Searing Blow+32","Feed","Warcry","Second Wind","Thunderclap","Shockwave","Double Tap+1","Headbutt+1","Corruption+1","Battle Trance","Sword Boomerang+1","Apotheosis","Sword Boomerang+1","Shockwave+1","Reaper+1","Pummel+1","PanicButton+1","Entrench+1","Infernal Blade+1","Dual Wield+1","Limit Break+1","Offering+1","Madness+1","Madness+1","Offering+1","Sword Boomerang+1","Shockwave+1","Heavy Blade+1","Limit Break+1","Battle Trance+1","Sword Boomerang+1","Whirlwind+1","Battle Trance+1","Second Wind+1","Injury","Secret Weapon+1","Heavy Blade+1","Heavy Blade+1"],"relics":["Burning Blood","Shuriken","Mummified Hand","Pear","PreservedInsect","Snecko Eye","Brimstone","MutagenicStrength","Meat on the Bone","Molten Egg 2","Philosopher\u0027s Stone","Juzu Bracelet","Dream Catcher","Bag of Marbles","Tiny House","Membership Card","Toxic Egg 2","Dodecahedron","Bronze Scales","Happy Flower","Sundial","Bag of Preparation","Nloth\u0027s Gift","Pen Nib","Sling","Golden Idol","Chemical X","MawBank","Paper Frog","Whetstone","Nilry\u0027s Codex","ClockworkSouvenir"],"potions_floor_usage":[10,13,33,50,113,143,152,152],"damage_taken":[{"damage":6,"enemies":"Cultist","floor":1,"turns":3},{"damage":0,"enemies":"2 Louse","floor":2,"turns":3},{"damage":5,"enemies":"Jaw Worm","floor":5,"turns":4},{"damage":20,"enemies":"Gremlin Nob","floor":7,"turns":4},{"damage":9,"enemies":"3 Sentries","floor":10,"turns":5},{"damage":0,"enemies":"Large Slime","floor":11,"turns":3},{"damage":4,"enemies":"Gremlin Nob","floor":12,"turns":5},{"damage":17,"enemies":"3 Sentries","floor":13,"turns":5},{"damage":10,"enemies":"2 Fungi Beasts","floor":14,"turns":3},{"damage":21,"enemies":"Slime Boss","floor":16,"turns":7},{"damage":8,"enemies":"3 Byrds","floor":18,"turns":4},{"damage":8,"enemies":"Chosen","floor":21,"turns":3},{"damage":7,"enemies":"Snecko","floor":25,"turns":3},{"damage":3,"enemies":"Book of Stabbing","floor":29,"turns":3},{"damage":0,"enemies":"Snake Plant","floor":31,"turns":1},{"damage":3,"enemies":"Automaton","floor":33,"turns":4},{"damage":22,"enemies":"3 Shapes","floor":35,"turns":2},{"damage":0,"enemies":"3 Darklings","floor":36,"turns":1},{"damage":0,"enemies":"4 Shapes","floor":38,"turns":2},{"damage":0,"enemies":"Maw","floor":39,"turns":3},{"damage":14,"enemies":"Reptomancer","floor":41,"turns":3},{"damage":0,"enemies":"Nemesis","floor":44,"turns":1},{"damage":17,"enemies":"Writhing Mass","floor":46,"turns":2},{"damage":0,"enemies":"Transient","floor":47,"turns":5},{"damage":4,"enemies":"Sphere and 2 Shapes","floor":48,"turns":2},{"damage":14,"enemies":"Awakened One","floor":50,"turns":4},{"damage":0,"enemies":"Cultist","floor":52,"turns":1},{"damage":13,"enemies":"Jaw Worm","floor":55,"turns":2},{"damage":11,"enemies":"3 Sentries","floor":58,"turns":3},{"damage":0,"enemies":"Small Slimes","floor":62,"turns":1},{"damage":0,"enemies":"Lagavulin","floor":63,"turns":2},{"damage":121,"enemies":"Hexaghost","floor":67,"turns":4},{"damage":0,"enemies":"2 Thieves","floor":69,"turns":1},{"damage":0,"enemies":"Chosen","floor":73,"turns":1},{"damage":15,"enemies":"Gremlin Leader","floor":77,"turns":2},{"damage":0,"enemies":"Snecko","floor":78,"turns":1},{"damage":16,"enemies":"Centurion and Healer","floor":80,"turns":2},{"damage":0,"enemies":"Chosen and Byrds","floor":82,"turns":1},{"damage":0,"enemies":"Champ","floor":84,"turns":1},{"damage":0,"enemies":"3 Darklings","floor":86,"turns":2},{"damage":3,"enemies":"3 Shapes","floor":88,"turns":2},{"damage":0,"enemies":"Jaw Worm Horde","floor":90,"turns":1},{"damage":21,"enemies":"Giant Head","floor":92,"turns":3},{"damage":0,"enemies":"Nemesis","floor":94,"turns":1},{"damage":0,"enemies":"Transient","floor":95,"turns":4},{"damage":0,"enemies":"3 Darklings","floor":98,"turns":1},{"damage":0,"enemies":"Jaw Worm Horde","floor":99,"turns":1},{"damage":56,"enemies":"Time Eater","floor":101,"turns":6},{"damage":0,"enemies":"Jaw Worm","floor":103,"turns":1},{"damage":0,"enemies":"Cultist","floor":108,"turns":2},{"damage":0,"enemies":"Gremlin Nob","floor":111,"turns":1},{"damage":0,"enemies":"Small Slimes","floor":112,"turns":1},{"damage":14,"enemies":"Exordium Wildlife","floor":113,"turns":2},{"damage":0,"enemies":"Gremlin Nob","floor":115,"turns":1},{"damage":12,"enemies":"The Guardian","floor":118,"turns":3},{"damage":0,"enemies":"Spheric Guardian","floor":120,"turns":1},{"damage":0,"enemies":"3 Byrds","floor":123,"turns":1},{"damage":0,"enemies":"Snake Plant","floor":126,"turns":1},{"damage":0,"enemies":"3 Cultists","floor":127,"turns":2},{"damage":15,"enemies":"Slavers","floor":128,"turns":2},{"damage":0,"enemies":"Shelled Parasite and Fungi","floor":130,"turns":1},{"damage":0,"enemies":"Book of Stabbing","floor":132,"turns":1},{"damage":6,"enemies":"Automaton","floor":135,"turns":2},{"damage":16,"enemies":"Orb Walker","floor":137,"turns":2},{"damage":6,"enemies":"3 Darklings","floor":138,"turns":2},{"damage":6,"enemies":"Sphere and 2 Shapes","floor":140,"turns":1},{"damage":7,"enemies":"Writhing Mass","floor":143,"turns":2},{"damage":0,"enemies":"Nemesis","floor":145,"turns":1},{"damage":0,"enemies":"4 Shapes","floor":147,"turns":1},{"damage":0,"enemies":"Giant Head","floor":150,"turns":1},{"damage":30,"enemies":"Time Eater","floor":152,"turns":1}],"seed_played":"-5346612551986843568","potions_obtained":[{"floor":1,"key":"SteroidPotion"},{"floor":7,"key":"AttackPotion"},{"floor":13,"key":"AttackPotion"},{"floor":16,"key":"Block Potion"},{"floor":31,"key":"Swift Potion"},{"floor":36,"key":"PowerPotion"},{"floor":51,"key":"PowerPotion"},{"floor":115,"key":"Energy Potion"},{"floor":135,"key":"Strength Potion"},{"floor":143,"key":"Fire Potion"}],"is_trial":true,"path_per_floor":["M","M","$","?","M","R","E","R","T","E","M","E","?","M","R","B",null,"M","$","?","M","?","R","?","M","T","?","R","E","R","M","R","B",null,"M","M","$","M","M","R","E","R","T","E","R","M","M","M","R","B",null,"M","$","?","M","$","R","E","R","T","R","M","E","?","?","R","B",null,"M","$","?","?","M","R","$","?","E","M","$","M","?","M","R","B",null,"M","?","M","?","M","R","E","R","E","M","$","R","M","M","R","B",null,"M","?","$","?","$","M","R","?","E","M","M","R","?","?","R","B",null,"M","$","?","M","?","R","M","M","E","?","M","R","E","?","R","B",null,"M","M","$","M","?","R","M","R","E","R","M","?","?","E","R","B"],"character_chosen":"IRONCLAD","items_purchased":["Inflame","Brimstone","Apotheosis","Membership Card","Dodecahedron","PanicButton+1","Happy Flower","Bag of Preparation","Pen Nib","Sling","Shockwave+1","Chemical X","Whetstone","ClockworkSouvenir"],"campfire_rested":0,"item_purchase_floors":[3,19,37,53,56,70,70,79,96,96,96,105,121,139],"current_hp_per_floor":[80,80,80,80,80,80,66,66,66,76,82,87,79,78,78,63,102,103,103,103,104,104,104,104,103,103,103,103,106,106,108,108,111,111,98,104,104,110,114,114,106,106,106,112,112,101,111,116,116,112,130,130,130,130,123,123,123,121,121,121,121,127,133,133,133,133,30,67,67,67,67,67,67,67,67,67,58,64,64,57,57,63,63,67,67,70,61,64,64,70,70,55,55,61,70,70,70,70,70,70,43,35,35,35,35,35,35,35,35,35,35,35,27,27,33,22,22,35,35,35,35,35,35,19,19,35,35,26,26,35,35,35,35,35,35,18,18,18,18,18,18,18,21,21,21,21,21,21,21,21,21,0],"gold":636,"neow_bonus":"","is_prod":false,"is_daily":false,"chose_seed":false,"campfire_upgraded":31,"win_rate":0,"timestamp":1547682545,"path_taken":["M","?","$","?","M","R","E","R","T","E","?","E","?","M","R","BOSS","M","$","?","M","?","R","?","M","T","?","R","E","R","?","R","BOSS","M","M","$","M","M","R","E","R","T","E","R","M","M","M","R","BOSS","M","$","?","M","$","R","E","R","T","R","M","E","?","?","R","BOSS","M","$","?","?","M","R","?","?","E","M","$","M","?","M","R","BOSS","M","?","M","?","M","R","E","R","E","M","$","R","M","M","R","BOSS","M","?","$","?","$","M","R","?","E","M","M","R","?","?","R","BOSS","M","$","?","M","?","R","M","M","E","?","M","R","E","?","R","BOSS","M","M","$","M","?","R","M","R","E","R","M","?","?","E","R","BOSS"],"build_version":"2019-01-10","purchased_purges":8,"victory":false,"max_hp_per_floor":[80,80,80,80,80,80,80,80,80,93,93,96,99,102,102,102,102,105,105,105,108,108,108,108,108,108,108,108,108,108,108,108,111,111,114,114,114,114,114,114,114,114,114,114,114,114,118,121,121,125,130,130,130,130,130,130,130,133,133,133,133,133,133,133,133,133,133,67,67,67,67,67,67,67,67,67,67,67,67,67,67,67,67,67,67,70,70,70,70,70,70,70,70,70,70,70,70,70,70,70,70,35,35,35,35,35,35,35,35,35,35,35,35,35,35,35,35,35,35,35,35,35,35,35,35,35,35,35,35,35,35,35,35,35,35,18,18,18,18,18,18,18,21,21,21,21,21,21,21,21,21,21],"card_choices":[{"not_picked":["Body Slam","Clothesline"],"picked":"Power Through","floor":1},{"not_picked":["True Grit","Hemokinesis"],"picked":"Whirlwind","floor":2},{"not_picked":["Anger","Clothesline"],"picked":"Searing Blow","floor":5},{"not_picked":["Cleave","Wild Strike"],"picked":"Feed","floor":7},{"not_picked":["Power Through","Inflame"],"picked":"Warcry","floor":10},{"not_picked":["Anger","Ghostly Armor"],"picked":"Second Wind","floor":11},{"not_picked":["Clothesline","Exhume"],"picked":"Thunderclap","floor":12},{"not_picked":["Armaments","Body Slam"],"picked":"Shockwave","floor":13},{"not_picked":["Body Slam","Entrench"],"picked":"Warcry","floor":14},{"not_picked":["Reaper","Limit Break"],"picked":"Double Tap","floor":16},{"not_picked":["Twin Strike","Evolve"],"picked":"Headbutt","floor":18},{"not_picked":["Pommel Strike+1","Searing Blow+1"],"picked":"Corruption+1","floor":21},{"not_picked":["Metallicize","Disarm","Evolve+1"],"picked":"SKIP","floor":25},{"not_picked":["Cleave","Immolate","Flex"],"picked":"SKIP","floor":29},{"not_picked":["Entrench","Perfected Strike+1","Second Wind"],"picked":"SKIP","floor":31},{"not_picked":["Clash+1","Pommel Strike+1","Wild Strike+1"],"picked":"SKIP","floor":35},{"not_picked":["Spot Weakness+1","Dual Wield+1"],"picked":"Sword Boomerang+1","floor":36},{"not_picked":["Cleave+1","Thunderclap+1","Power Through"],"picked":"SKIP","floor":38},{"not_picked":["Corruption","Havoc","Entrench+1"],"picked":"SKIP","floor":39},{"not_picked":["Metallicize+1","Immolate+1"],"picked":"Sword Boomerang+1","floor":41},{"not_picked":["Havoc","Clash+1"],"picked":"Shockwave+1","floor":44},{"not_picked":["Perfected Strike+1","Warcry+1","Iron Wave+1"],"picked":"SKIP","floor":46},{"not_picked":["Perfected Strike+1","Havoc+1","Warcry"],"picked":"SKIP","floor":47},{"not_picked":["Perfected Strike+1","Pommel Strike+1","Clothesline+1"],"picked":"SKIP","floor":48},{"not_picked":["Demon Form","Fiend Fire+1"],"picked":"Reaper+1","floor":50},{"not_picked":["Armaments","Feed+1"],"picked":"Pummel+1","floor":52},{"not_picked":["True Grit+1","Headbutt+1","Warcry+1"],"picked":"SKIP","floor":55},{"not_picked":["Iron Wave+1","Heavy Blade+1","Body Slam+1"],"picked":"SKIP","floor":58},{"not_picked":["Shockwave+1","Anger+1","Ghostly Armor+1"],"picked":"SKIP","floor":62},{"not_picked":["Berserk","Pommel Strike+1","Sever Soul+1"],"picked":"SKIP","floor":63},{"not_picked":["Perfected Strike+1","Twin Strike+1","Pommel Strike+1"],"picked":"SKIP","floor":69},{"not_picked":["Feel No Pain+1","Perfected Strike+1"],"picked":"Dual Wield+1","floor":73},{"not_picked":["Armaments+1","Rage+1","Flex+1"],"picked":"SKIP","floor":77},{"not_picked":["Armaments+1","Seeing Red+1","Whirlwind+1"],"picked":"SKIP","floor":78},{"not_picked":["Inflame","Twin Strike+1","Whirlwind+1"],"picked":"SKIP","floor":80},{"not_picked":["Flame Barrier+1","Power Through+1","Whirlwind+1"],"picked":"SKIP","floor":82},{"not_picked":["Reaper+1","Juggernaut"],"picked":"Limit Break+1","floor":84},{"not_picked":["Berserk","Fire Breathing"],"picked":"Offering+1","floor":86},{"not_picked":["Anger+1","Pommel Strike+1","Sever Soul+1"],"picked":"SKIP","floor":88},{"not_picked":["Cleave+1","Uppercut+1","Clothesline+1"],"picked":"SKIP","floor":90},{"not_picked":["Combust","Twin Strike+1","Shrug It Off+1"],"picked":"SKIP","floor":92},{"not_picked":["Iron Wave+1","Demon Form"],"picked":"Offering+1","floor":94},{"not_picked":["Dark Embrace","Bloodletting+1"],"picked":"Sword Boomerang+1","floor":95},{"not_picked":["Power Through+1","Flame Barrier+1"],"picked":"Heavy Blade+1","floor":98},{"not_picked":["Headbutt+1","Body Slam+1","Wild Strike+1"],"picked":"SKIP","floor":99},{"not_picked":["Berserk","Dark Embrace"],"picked":"Limit Break+1","floor":101},{"not_picked":["Sentinel+1","Cleave+1"],"picked":"Battle Trance+1","floor":103},{"not_picked":["Warcry+1","Iron Wave+1"],"picked":"Sword Boomerang+1","floor":108},{"not_picked":["Iron Wave+1","Feed+1","Armaments+1"],"picked":"SKIP","floor":111},{"not_picked":["Limit Break+1","Twin Strike+1"],"picked":"Whirlwind+1","floor":112},{"not_picked":["Armaments+1","Bloodletting+1"],"picked":"Battle Trance+1","floor":113},{"not_picked":["Headbutt+1","True Grit+1","Infernal Blade+1"],"picked":"SKIP","floor":120},{"not_picked":["True Grit+1","Flex+1","Brutality"],"picked":"SKIP","floor":123},{"not_picked":["Clothesline+1","Clash+1"],"picked":"Second Wind+1","floor":126},{"not_picked":["Armaments+1","Thunderclap+1","Dual Wield+1"],"picked":"SKIP","floor":127},{"not_picked":["Dark Embrace","Iron Wave+1","Armaments+1"],"picked":"SKIP","floor":128},{"not_picked":["Immolate+1","Thunderclap+1","Flex+1"],"picked":"SKIP","floor":130},{"not_picked":["Headbutt+1","Iron Wave+1","Sever Soul+1"],"picked":"SKIP","floor":132},{"not_picked":["Rage+1","Havoc+1","Anger+1"],"picked":"SKIP","floor":137},{"not_picked":["Twin Strike+1","Warcry+1","Evolve"],"picked":"SKIP","floor":138},{"not_picked":["Fire Breathing","Warcry+1","Demon Form"],"picked":"SKIP","floor":140},{"not_picked":["Magnetism","Secret Technique+1"],"picked":"Secret Weapon+1","floor":141},{"not_picked":["Clothesline+1","Cleave+1"],"picked":"Heavy Blade+1","floor":143},{"not_picked":["Juggernaut","Dark Embrace","Havoc+1"],"picked":"SKIP","floor":145},{"not_picked":["Clothesline+1","Perfected Strike+1","Shrug It Off+1"],"picked":"SKIP","floor":147},{"not_picked":["Body Slam+1","Second Wind+1"],"picked":"Heavy Blade+1","floor":150}],"player_experience":466241,"relics_obtained":[{"floor":7,"key":"Shuriken"},{"floor":9,"key":"Mummified Hand"},{"floor":10,"key":"Pear"},{"floor":12,"key":"Boot"},{"floor":13,"key":"PreservedInsect"},{"floor":26,"key":"Meat on the Bone"},{"floor":29,"key":"Molten Egg 2"},{"floor":41,"key":"Juzu Bracelet"},{"floor":43,"key":"Dream Catcher"},{"floor":44,"key":"Bag of Marbles"},{"floor":60,"key":"Bronze Scales"},{"floor":124,"key":"Nilry\u0027s Codex"}],"event_choices":[{"cards_removed":["Strike_R"],"damage_healed":0,"gold_gain":0,"player_choice":"Offered Basic","damage_taken":0,"max_hp_gain":0,"max_hp_loss":0,"event_name":"Bonfire Elementals","floor":4,"gold_loss":0},{"damage_healed":0,"gold_gain":0,"player_choice":"Searched \u00271\u0027 times","damage_taken":0,"max_hp_gain":0,"max_hp_loss":0,"event_name":"Dead Adventurer","floor":13,"gold_loss":0},{"cards_removed":["Strike_R"],"damage_healed":0,"gold_gain":0,"player_choice":"Elegance","damage_taken":0,"max_hp_gain":0,"max_hp_loss":0,"event_name":"Back to Basics","floor":20,"gold_loss":0},{"damage_healed":0,"gold_gain":0,"player_choice":"Inject Mutagens","damage_taken":0,"relics_obtained":["MutagenicStrength"],"max_hp_gain":0,"max_hp_loss":0,"event_name":"Drug Dealer","floor":22,"gold_loss":0},{"damage_healed":0,"gold_gain":0,"player_choice":"Read","damage_taken":0,"max_hp_gain":0,"max_hp_loss":0,"event_name":"The Library","floor":24,"gold_loss":0,"cards_obtained":["Battle Trance"]},{"damage_healed":0,"gold_gain":0,"player_choice":"Upgraded","damage_taken":0,"max_hp_gain":0,"max_hp_loss":0,"event_name":"Upgrade Shrine","floor":27,"gold_loss":0,"cards_upgraded":["Whirlwind"]},{"damage_healed":0,"gold_gain":0,"player_choice":"Box","damage_taken":0,"relics_obtained":["Toxic Egg 2"],"max_hp_gain":0,"max_hp_loss":0,"event_name":"Big Fish","floor":54,"gold_loss":0,"cards_obtained":["Regret"]},{"cards_removed":["Defend_R"],"damage_healed":0,"gold_gain":0,"player_choice":"Card Removal","damage_taken":0,"max_hp_gain":0,"max_hp_loss":0,"event_name":"The Cleric","floor":64,"gold_loss":50},{"damage_healed":0,"gold_gain":175,"player_choice":"AGREE","damage_taken":0,"max_hp_gain":0,"max_hp_loss":0,"event_name":"Liars Game","floor":65,"gold_loss":0,"cards_obtained":["Doubt"]},{"damage_healed":0,"gold_gain":0,"cards_transformed":["Strike_R","Strike_R"],"player_choice":"Became Test Subject","damage_taken":0,"max_hp_gain":0,"max_hp_loss":0,"event_name":"Drug Dealer","floor":71,"gold_loss":0,"cards_obtained":["Entrench","Infernal Blade"]},{"damage_healed":0,"gold_gain":0,"player_choice":"Obtained Relic","damage_taken":0,"relics_obtained":["Sundial"],"max_hp_gain":0,"max_hp_loss":0,"event_name":"Addict","floor":72,"gold_loss":85},{"cards_removed":["Regret"],"damage_healed":0,"gold_gain":0,"player_choice":"Elegance","damage_taken":0,"max_hp_gain":0,"max_hp_loss":0,"event_name":"Back to Basics","floor":76,"gold_loss":0},{"damage_healed":0,"gold_gain":0,"player_choice":"Traded Relic","damage_taken":0,"relics_obtained":["Nloth\u0027s Gift"],"max_hp_gain":0,"max_hp_loss":0,"event_name":"N\u0027loth","floor":81,"relics_lost":["Boot"],"gold_loss":0},{"damage_healed":0,"gold_gain":0,"player_choice":"Embrace Madness","damage_taken":9,"max_hp_gain":0,"max_hp_loss":0,"event_name":"Winding Halls","floor":87,"gold_loss":0,"cards_obtained":["Madness","Madness"]},{"damage_healed":0,"gold_gain":0,"player_choice":"Forge","damage_taken":0,"max_hp_gain":0,"max_hp_loss":0,"event_name":"Accursed Blacksmith","floor":89,"gold_loss":0,"cards_upgraded":["Searing Blow"]},{"damage_healed":0,"gold_gain":0,"player_choice":"Take Wound","damage_taken":0,"relics_obtained":["Golden Idol"],"max_hp_gain":0,"max_hp_loss":0,"event_name":"Golden Idol","floor":104,"gold_loss":0,"cards_obtained":["Injury"]},{"damage_healed":0,"gold_gain":59,"player_choice":"Gained Gold","damage_taken":0,"max_hp_gain":0,"max_hp_loss":0,"event_name":"Golden Wing","floor":106,"gold_loss":0},{"damage_healed":0,"gold_gain":0,"player_choice":"Box","damage_taken":0,"relics_obtained":["MawBank"],"max_hp_gain":0,"max_hp_loss":0,"event_name":"Big Fish","floor":110,"gold_loss":0,"cards_obtained":["Regret"]},{"damage_healed":0,"gold_gain":0,"player_choice":"Searched \u00272\u0027 times","damage_taken":0,"relics_obtained":["Paper Frog"],"max_hp_gain":0,"max_hp_loss":0,"event_name":"Dead Adventurer","floor":115,"gold_loss":0},{"damage_healed":0,"gold_gain":75,"player_choice":"Gather Gold","damage_taken":11,"max_hp_gain":0,"max_hp_loss":0,"event_name":"World of Goop","floor":116,"gold_loss":0},{"damage_healed":0,"gold_gain":0,"player_choice":"0 cards matched","damage_taken":0,"max_hp_gain":0,"max_hp_loss":0,"event_name":"Match and Keep!","floor":122,"gold_loss":0,"cards_obtained":[]},{"damage_healed":0,"gold_gain":0,"player_choice":"Obtained Book","damage_taken":16,"max_hp_gain":0,"max_hp_loss":0,"event_name":"Cursed Tome","floor":124,"gold_loss":0},{"damage_healed":0,"gold_gain":0,"player_choice":"Ignored","damage_taken":0,"max_hp_gain":0,"max_hp_loss":0,"event_name":"NoteForYourself","floor":129,"gold_loss":0},{"damage_healed":0,"gold_gain":0,"player_choice":"Ignored","damage_taken":0,"max_hp_gain":0,"max_hp_loss":0,"event_name":"Ghosts","floor":133,"gold_loss":0},{"damage_healed":0,"gold_gain":0,"player_choice":"Memory 1","damage_taken":0,"max_hp_gain":0,"max_hp_loss":0,"event_name":"SensoryStone","floor":141,"gold_loss":0},{"cards_removed":["Warcry"],"damage_healed":0,"gold_gain":0,"player_choice":"Removed Skill","damage_taken":0,"max_hp_gain":0,"max_hp_loss":0,"event_name":"Falling","floor":148,"gold_loss":0},{"damage_healed":0,"gold_gain":0,"player_choice":"Ignored","damage_taken":0,"max_hp_gain":0,"max_hp_loss":0,"event_name":"The Moai Head","floor":149,"gold_loss":0}],"is_beta":false,"boss_relics":[{"not_picked":["Cursed Key","Ectoplasm"],"picked":"Snecko Eye"},{"not_picked":["Lizard Tail","White Beast Statue"],"picked":"Philosopher\u0027s Stone"},{"not_picked":["Pandora\u0027s Box","Fusion Hammer"],"picked":"Tiny House"},{"not_picked":["VoidEssence"],"picked":"BlightedDurian"},{"not_picked":["BlightedDurian"],"picked":"Scatterbrain"},{"not_picked":["Accursed"],"picked":"BlightedDurian"},{"not_picked":["Scatterbrain"],"picked":"Accursed"},{"not_picked":["Scatterbrain"],"picked":"BlightedDurian"}],"items_purged_floors":[19,37,53,70,75,105,121,139],"is_endless":true,"potions_floor_spawned":[1,7,13,16,31,36,39,41,44,47,52,62,67,77,78,80,86,95,98,103,108,115,126,135,143,145,150],"killed_by":"Time Eater","ascension_level":0}