{"gold_per_floor":[113,129,1,1,15,15,35,35,83,83,48,48,86,236,236,330,330,300,300,215,12,12,12,12,12,12,12,12,12,12,12,12,12,12,12,12,12,12,12,12,12,12,12,12,12,12,12,12,12,12],"floor_reached":51,"playtime":1758,"items_purged":["Strike_G","Doubt"],"score":1151,"play_id":"52fb48a3-8259-4bd5-b923-500ad9e1d415","local_time":"20190205124906","is_ascension_mode":true,"campfire_choices":[{"data":"Deadly Poison","floor":6.0,"key":"SMITH"},{"data":"Crippling Poison","floor":8.0,"key":"SMITH"},{"data":"Deadly Poison","floor":10.0,"key":"SMITH"},{"floor":15.0,"key":"REST"},{"floor":23.0,"key":"REST"},{"floor":25.0,"key":"REST"},{"data":"Dash","floor":28.0,"key":"SMITH"},{"floor":32.0,"key":"REST"},{"floor":40.0,"key":"REST"},{"data":"Burst","floor":42,"key":"SMITH"},{"floor":45,"key":"RECALL"},{"floor":49,"key":"REST"}],"neow_cost":"NONE","seed_source_timestamp":0,"circlet_count":0,"master_deck":["AscendersBane","Defend_G+1","Defend_G+1","Defend_G+1","Defend_G+1","Defend_G+1","Strike_G+1","Strike_G+1","Strike_G+1","Survivor+1","Neutralize+1","Deadly Poison+1","Caltrops+1","Dash+1","Deadly Poison+1","Well Laid Plans+1","Crippling Poison+1","Corpse Explosion+1","Crippling Poison+1","Necronomicurse","Noxious Fumes+1","Bouncing Flask+1","Venomology+1","Deflect+1","Burst+1","Writhe"],"special_seed":0,"relics":["Ring of the Snake","Bloody Idol","Juzu Bracelet","Lantern","Centennial Puzzle","Ectoplasm","Necronomicon","Strawberry","Sundial","Bag of Marbles","Pear","White Beast Statue","Anchor","Mark of the Bloom"],"potions_floor_usage":[41,46,50],"damage_taken":[{"damage":7.0,"enemies":"Small Slimes","floor":1.0,"turns":3.0},{"damage":2.0,"enemies":"2 Louse","floor":2.0,"turns":3.0},{"damage":3.0,"enemies":"Jaw Worm","floor":5.0,"turns":4.0},{"damage":6.0,"enemies":"Looter","floor":7.0,"turns":3.0},{"damage":13.0,"enemies":"Gremlin Nob","floor":13.0,"turns":4.0},{"damage":14.0,"enemies":"Hexaghost","floor":16.0,"turns":9.0},{"damage":12.0,"enemies":"2 Thieves","floor":18.0,"turns":2.0},{"damage":23.0,"enemies":"Chosen","floor":22.0,"turns":5.0},{"damage":21.0,"enemies":"Slavers","floor":24.0,"turns":3.0},{"damage":13.0,"enemies":"Book of Stabbing","floor":29.0,"turns":5.0},{"damage":28.0,"enemies":"Champ","floor":33.0,"turns":10.0},{"damage":6.0,"enemies":"3 Shapes","floor":35.0,"turns":2.0},{"damage":14.0,"enemies":"3 Darklings","floor":36.0,"turns":4.0},{"damage":5.0,"enemies":"4 Shapes","floor":37.0,"turns":4.0},{"damage":32.0,"enemies":"Maw","floor":38.0,"turns":7.0},{"damage":4,"enemies":"Writhing Mass","floor":41,"turns":6},{"damage":0,"enemies":"4 Shapes","floor":46,"turns":4},{"damage":37,"enemies":"Time Eater","floor":50,"turns":14}],"seed_played":"-4609657249482218571","potions_obtained":[{"floor":1.0,"key":"Ancient Potion"},{"floor":2.0,"key":"SpeedPotion"},{"floor":13.0,"key":"Strength Potion"},{"floor":24.0,"key":"SpeedPotion"},{"floor":29.0,"key":"Explosive Potion"},{"floor":35.0,"key":"Dexterity Potion"},{"floor":36.0,"key":"Dexterity Potion"},{"floor":37.0,"key":"SneckoOil"}],"is_trial":false,"path_per_floor":["M","M","$","?","M","R","M","R","T","R","?","?","E","?","R","B",null,"M","?","?","$","M","R","E","R","T","$","R","E","?","?","R","B",null,"M","M","M","M","?","R","M","R","T","?","R","M","?","?","R","B",null],"character_chosen":"THE_SILENT","items_purchased":["Deadly Poison","Noxious Fumes","Bouncing Flask"],"campfire_rested":6,"item_purchase_floors":[3,21,21],"current_hp_per_floor":[52,50,50,27,24,24,18,18,18,18,34,16,3,3,22,8,52,40,19,26,26,3,24,3,24,24,24,24,21,21,21,45,17,67,61,47,42,10,27,51,47,47,47,47,47,47,47,47,47,10],"gold":12,"neow_bonus":"THREE_CARDS","is_prod":false,"is_daily":false,"chose_seed":false,"campfire_upgraded":5,"win_rate":0,"timestamp":1549367346,"path_taken":["M","M","$","?","M","R","M","R","T","R","?","?","E","?","R","BOSS","M","?","?","$","M","R","E","R","T","?","R","E","?","?","R","BOSS","M","M","M","M","?","R","M","R","T","?","R","M","?","?","R","BOSS"],"build_version":"2019-01-23","purchased_purges":2,"victory":true,"max_hp_per_floor":[66,66,66,66,66,66,66,66,66,66,66,66,66,66,66,66,66,66,66,73,73,73,73,73,73,73,73,73,83,83,83,83,83,83,83,83,83,83,83,83,83,83,83,83,83,83,83,83,83,83],"card_choices":[{"not_picked":["Cloak And Dagger","PiercingWail"],"picked":"Deadly Poison","floor":0.0},{"not_picked":["Expertise","All Out Attack"],"picked":"Caltrops","floor":1.0},{"not_picked":["Outmaneuver","Cloak And Dagger"],"picked":"Dash","floor":2.0},{"not_picked":["Blade Dance","Quick Slash"],"picked":"Well Laid Plans","floor":5.0},{"not_picked":["Night Terror","Masterful Stab"],"picked":"Crippling Poison","floor":7.0},{"not_picked":["Predator","Flying Knee","Dagger Spray"],"picked":"SKIP","floor":13.0},{"not_picked":["Glass Knife","Die Die Die"],"picked":"Corpse Explosion","floor":16.0},{"not_picked":["Cloak And Dagger","Acrobatics"],"picked":"Crippling Poison+1","floor":18.0},{"not_picked":["All Out Attack+1","Leg Sweep","Backflip"],"picked":"SKIP","floor":22.0},{"not_picked":["Dagger Spray","Cloak And Dagger","Dagger Throw+1"],"picked":"SKIP","floor":24.0},{"not_picked":["Dagger Throw+1","Acrobatics","Eviscerate"],"picked":"SKIP","floor":29.0},{"not_picked":["Corpse Explosion","Envenom"],"picked":"Venomology","floor":33.0},{"not_picked":["Quick Slash+1","Backflip","Dagger Throw"],"picked":"SKIP","floor":35.0},{"not_picked":["Deadly Poison","Quick Slash"],"picked":"Deflect+1","floor":36.0},{"not_picked":["Dagger Spray","Dodge and Roll+1"],"picked":"Burst","floor":37.0},{"not_picked":["Backflip+1","Bane+1","Finisher+1"],"picked":"SKIP","floor":38.0},{"not_picked":["Masterful Stab","Outmaneuver","Cloak And Dagger+1"],"picked":"SKIP","floor":41},{"not_picked":["Quick Slash","Terror","Deadly Poison"],"picked":"SKIP","floor":46}],"player_experience":497906,"relics_obtained":[{"floor":9.0,"key":"Juzu Bracelet"},{"floor":13.0,"key":"Centennial Puzzle"},{"floor":19.0,"key":"Necronomicon"},{"floor":24.0,"key":"Sundial"},{"floor":26.0,"key":"Bag of Marbles"},{"floor":29.0,"key":"Pear"},{"floor":43,"key":"Anchor"}],"event_choices":[{"damage_healed":0.0,"max_hp_gain":0.0,"max_hp_loss":0.0,"gold_gain":0.0,"event_name":"Golden Idol","player_choice":"Take Damage","floor":4.0,"gold_loss":0.0,"damage_taken":23.0,"relics_obtained":["Golden Idol"]},{"damage_healed":16.0,"max_hp_gain":0.0,"max_hp_loss":0.0,"gold_gain":0.0,"event_name":"The Cleric","player_choice":"Healed","floor":11.0,"gold_loss":35.0,"damage_taken":0.0},{"damage_healed":0.0,"max_hp_gain":0.0,"max_hp_loss":0.0,"gold_gain":0.0,"event_name":"Scrap Ooze","player_choice":"Success","floor":12.0,"gold_loss":0.0,"damage_taken":18.0,"relics_obtained":["Lantern"]},{"damage_healed":0.0,"max_hp_gain":0.0,"max_hp_loss":0.0,"gold_gain":150.0,"event_name":"Liars Game","player_choice":"AGREE","floor":14.0,"gold_loss":0.0,"damage_taken":0.0,"cards_obtained":["Doubt"]},{"damage_healed":0.0,"max_hp_gain":0.0,"max_hp_loss":0.0,"gold_gain":0.0,"event_name":"Cursed Tome","player_choice":"Obtained Book","floor":19.0,"gold_loss":0.0,"damage_taken":21.0},{"damage_healed":0.0,"max_hp_gain":0.0,"max_hp_loss":0.0,"gold_gain":0.0,"event_name":"Addict","player_choice":"Obtained Relic","floor":20.0,"gold_loss":85.0,"damage_taken":0.0,"relics_obtained":["Strawberry"]},{"damage_healed":0.0,"max_hp_gain":0.0,"max_hp_loss":0.0,"gold_gain":50.0,"event_name":"Golden Shrine","player_choice":"Pray","floor":30.0,"gold_loss":0.0,"damage_taken":0.0},{"damage_healed":0.0,"max_hp_gain":0.0,"max_hp_loss":0.0,"gold_gain":0.0,"event_name":"Forgotten Altar","player_choice":"Gave Idol","floor":31.0,"relics_lost":["Golden Idol"],"gold_loss":0.0,"damage_taken":0.0,"relics_obtained":["Bloody Idol"]},{"damage_healed":17.0,"max_hp_gain":0.0,"max_hp_loss":0.0,"gold_gain":0.0,"event_name":"Winding Halls","player_choice":"Writhe","floor":39.0,"gold_loss":0.0,"damage_taken":0.0,"cards_obtained":["Writhe"]},{"damage_healed":0,"gold_gain":0,"player_choice":"Upgrade","damage_taken":0,"relics_obtained":["Mark of the Bloom"],"max_hp_gain":0,"max_hp_loss":0,"event_name":"MindBloom","floor":44,"gold_loss":0,"cards_upgraded":["Defend_G","Defend_G","Defend_G","Defend_G","Defend_G","Strike_G","Strike_G","Strike_G","Strike_G","Survivor","Neutralize","Caltrops","Well Laid Plans","Corpse Explosion","Noxious Fumes","Bouncing Flask","Venomology"]},{"cards_removed":["Strike_G"],"damage_healed":0,"gold_gain":0,"player_choice":"Removed Attack","damage_taken":0,"max_hp_gain":0,"max_hp_loss":0,"event_name":"Falling","floor":47,"gold_loss":0},{"damage_healed":0,"gold_gain":0,"player_choice":"Memory 1","damage_taken":0,"max_hp_gain":0,"max_hp_loss":0,"event_name":"SensoryStone","floor":48,"gold_loss":0}],"is_beta":false,"boss_relics":[{"not_picked":["Snecko Eye","Coffee Dripper"],"picked":"Ectoplasm"},{"not_picked":["WristBlade","HoveringKite"],"picked":"White Beast Statue"}],"items_purged_floors":[3,21],"is_endless":false,"potions_floor_spawned":[1,2,13,24,29,35,36,37,38,41,46],"ascension_level":15}