{"gold_per_floor":[116,135,60,74,74,74,102,102,153,179,179,210,210,232,232,304,304,320,331,331,347,60,60,74,74],"floor_reached":25,"playtime":1043,"items_purged":[],"score":366,"play_id":"5592e513-199b-4eb4-a228-29b7f3857c6d","local_time":"20181003150357","is_ascension_mode":true,"campfire_choices":[{"data":"Bouncing Flask","floor":6.0,"key":"SMITH"},{"floor":11.0,"key":"REST"},{"floor":13.0,"key":"REST"},{"data":"Caltrops","floor":15.0,"key":"SMITH"},{"floor":23,"key":"REST"}],"neow_cost":"NONE","seed_source_timestamp":111826756635235,"circlet_count":0,"master_deck":["Defend_G","Defend_G","Defend_G","Defend_G","Strike_G","Survivor","Neutralize","AscendersBane","Bouncing Flask+1","Dodge and Roll","Caltrops+1","Flying Knee","Endless Agony","Crippling Poison","After Image","Deflect","A Thousand Cuts+1","Prepared","Concentrate","Escape Plan","PiercingWail+1"],"special_seed":0,"relics":["Ring of the Snake","Juzu Bracelet","Art of War","Omamori","Frozen Egg 2","Odd Mushroom","Empty Cage","MutagenicStrength","Toxic Egg 2"],"potions_floor_usage":[19,24],"damage_taken":[{"damage":0.0,"enemies":"Small Slimes","floor":1.0,"turns":4.0},{"damage":0.0,"enemies":"Jaw Worm","floor":2.0,"turns":8.0},{"damage":10.0,"enemies":"2 Louse","floor":4.0,"turns":4.0},{"damage":18.0,"enemies":"3 Sentries","floor":7.0,"turns":12.0},{"damage":21.0,"enemies":"Gremlin Nob","floor":10.0,"turns":4.0},{"damage":4.0,"enemies":"Gremlin Nob","floor":12.0,"turns":4.0},{"damage":7.0,"enemies":"The Mushroom Lair","floor":14.0,"turns":4.0},{"damage":15.0,"enemies":"Hexaghost","floor":16.0,"turns":10.0},{"damage":5.0,"enemies":"3 Byrds","floor":18.0,"turns":4.0},{"damage":0,"enemies":"Chosen","floor":19,"turns":6},{"damage":26,"enemies":"Snake Plant","floor":21,"turns":5},{"damage":17,"enemies":"Snecko","floor":24,"turns":6},{"damage":28,"enemies":"Slavers","floor":25,"turns":2}],"seed_played":"3160511013278017835","potions_obtained":[{"floor":4.0,"key":"Weak Potion"},{"floor":7.0,"key":"Strength Potion"},{"floor":12.0,"key":"Fire Potion"},{"floor":16.0,"key":"Ancient Potion"},{"floor":21,"key":"SpeedPotion"}],"is_trial":false,"path_per_floor":["M","M","?","M","?","R","E","?","T","E","R","?","R","?","R","B",null,"M","M","?","M","$","R","M"],"character_chosen":"THE_SILENT","items_purchased":["Escape Plan","Toxic Egg 2"],"campfire_rested":3,"item_purchase_floors":[22,22],"current_hp_per_floor":[59,59,59,49,49,49,31,31,31,10,29,25,44,37,37,22,55,50,50,50,24,24,43,26,0],"gold":74,"neow_bonus":"TRANSFORM_CARD","is_prod":false,"is_daily":false,"chose_seed":false,"campfire_upgraded":2,"win_rate":0,"timestamp":1538604237,"path_taken":["M","M","?","?","?","R","E","?","T","E","R","?","R","?","R","BOSS","M","M","?","M","?","R","M","E"],"build_version":"2018-09-27","purchased_purges":0,"victory":false,"max_hp_per_floor":[66,66,66,66,66,66,66,66,66,66,66,66,66,66,66,66,66,66,66,66,66,66,66,66,66],"card_choices":[{"not_picked":["PiercingWail","Concentrate"],"picked":"Dodge and Roll","floor":1.0},{"not_picked":["Bane","Deflect"],"picked":"Caltrops","floor":2.0},{"not_picked":["Slice","Concentrate"],"picked":"Flying Knee","floor":4.0},{"not_picked":["Cloak And Dagger","Backstab"],"picked":"Crippling Poison","floor":7.0},{"not_picked":["Dagger Spray","Distraction"],"picked":"After Image","floor":10.0},{"not_picked":["Masterful Stab","Predator"],"picked":"Deflect","floor":12.0},{"not_picked":["Phantasmal Killer","Adrenaline"],"picked":"A Thousand Cuts+1","floor":16.0},{"not_picked":["Reflex","Bouncing Flask","Flying Knee"],"picked":"SKIP","floor":18.0},{"not_picked":["Deadly Poison","Predator+1"],"picked":"Prepared","floor":19},{"not_picked":["Deadly Poison","Prepared"],"picked":"Concentrate","floor":21},{"not_picked":["Crippling Poison+1","Underhanded Strike"],"picked":"PiercingWail+1","floor":24}],"player_experience":1249588,"relics_obtained":[{"floor":7.0,"key":"Juzu Bracelet"},{"floor":9.0,"key":"Art of War"},{"floor":10.0,"key":"Omamori"},{"floor":12.0,"key":"Frozen Egg 2"},{"floor":14.0,"key":"Odd Mushroom"}],"event_choices":[{"event_name":"The Cleric","player_choice":"Card Removal","floor":3.0,"damage_taken":0.0},{"event_name":"Transmorgrifier","player_choice":"Transform","floor":5.0,"damage_taken":0.0},{"event_name":"Shining Light","player_choice":"Ignored","floor":8.0,"damage_taken":0.0},{"event_name":"Dead Adventurer","player_choice":"Searched \u00272\u0027 times","floor":12.0,"damage_taken":0.0},{"event_name":"Mushrooms","player_choice":"Fought Mushrooms","floor":14.0,"damage_taken":0.0},{"event_name":"Drug Dealer","player_choice":"Inject Mutagens","floor":20,"damage_taken":0}],"is_beta":false,"boss_relics":[{"not_picked":["Lizard Tail","Ring of the Serpent"],"picked":"Empty Cage"}],"items_purged_floors":[],"is_endless":false,"potions_floor_spawned":[4,7,12,16,21],"killed_by":"Slavers","ascension_level":15}