{"gold_per_floor":[119,119,139,150,150,150,184,184,256,285,121,152,172,203,203,280,280,298,298,298,15,33,66,66,92,92,125,125,125,154,173,173,251,251,263,263,180,197,197,223,223,253,253,253,279,0,18,37,37,37,37],"floor_reached":52,"playtime":2389,"items_purged":[],"score":2484,"play_id":"05edab9b-c567-46a5-af66-a8214988ad7a","local_time":"20181022124810","daily_mods":["SealedDeck","Elite Swarm"],"is_ascension_mode":true,"campfire_choices":[{"data":"Beam Cell","floor":6.0,"key":"SMITH"},{"data":"Defragment","floor":8.0,"key":"SMITH"},{"data":"Fission","floor":15,"key":"SMITH"},{"floor":24,"key":"REST"},{"floor":29,"key":"REST"},{"data":"Capacitor","floor":32,"key":"SMITH"},{"floor":41,"key":"REST"},{"floor":49,"key":"REST"}],"neow_cost":"","seed_source_timestamp":0,"circlet_count":0,"master_deck":["AscendersBane","Coolheaded","Barrage","Defragment+1","Capacitor+1","Compile Driver","Beam Cell+1","Go for the Eyes+1","Ball Lightning","Glacier+1","Compile Driver","Genetic Algorithm+1","All For One","Fission+1","Seek","Ball Lightning","Biased Cognition","Electrodynamics","Gash+1","Core Surge"],"special_seed":0,"relics":["Cracked Core","Orichalcum","Letter Opener","Centennial Puzzle","DataDisk","Shuriken","Ginger","Nuclear Battery","Mummified Hand","Prayer Wheel","Smiling Mask","War Paint","Peace Pipe","Pantograph","Fusion Hammer","Sundial","Calipers","Gambling Chip","Omamori","Kunai"],"potions_floor_usage":[23,51],"damage_taken":[{"damage":6.0,"enemies":"Small Slimes","floor":1.0,"turns":3.0},{"damage":1.0,"enemies":"2 Louse","floor":3.0,"turns":3.0},{"damage":0.0,"enemies":"Jaw Worm","floor":4.0,"turns":2.0},{"damage":10.0,"enemies":"3 Sentries","floor":7.0,"turns":7.0},{"damage":2.0,"enemies":"Gremlin Nob","floor":10.0,"turns":3.0},{"damage":0,"enemies":"3 Sentries","floor":12,"turns":7},{"damage":0,"enemies":"Blue Slaver","floor":13,"turns":2},{"damage":0,"enemies":"Lagavulin","floor":14,"turns":5},{"damage":6,"enemies":"The Guardian","floor":16,"turns":9},{"damage":15,"enemies":"Shell Parasite","floor":18,"turns":4},{"damage":0,"enemies":"Spheric Guardian","floor":22,"turns":3},{"damage":21,"enemies":"Slavers","floor":23,"turns":2},{"damage":0,"enemies":"Gremlin Leader","floor":25,"turns":6},{"damage":0,"enemies":"Book of Stabbing","floor":27,"turns":3},{"damage":8,"enemies":"Slavers","floor":30,"turns":3},{"damage":13,"enemies":"Snake Plant","floor":31,"turns":2},{"damage":1,"enemies":"Champ","floor":33,"turns":6},{"damage":0,"enemies":"3 Darklings","floor":35,"turns":2},{"damage":0,"enemies":"3 Shapes","floor":38,"turns":2},{"damage":0,"enemies":"Reptomancer","floor":40,"turns":4},{"damage":2,"enemies":"Giant Head","floor":42,"turns":3},{"damage":27,"enemies":"Nemesis","floor":45,"turns":5},{"damage":0,"enemies":"Transient","floor":47,"turns":6},{"damage":0,"enemies":"Sphere and 2 Shapes","floor":48,"turns":2},{"damage":0,"enemies":"Time Eater","floor":50,"turns":10},{"damage":0,"enemies":"Awakened One","floor":51,"turns":7}],"seed_played":"3306323388291572098","potions_obtained":[{"floor":3.0,"key":"SneckoOil"},{"floor":7.0,"key":"Fire Potion"},{"floor":12,"key":"EssenceOfSteel"},{"floor":23,"key":"Fire Potion"},{"floor":31,"key":"Energy Potion"}],"is_trial":true,"path_per_floor":["M","?","M","M","?","R","E","R","T","E","$","E","M","E","R","B",null,"M","?","?","$","M","E","R","E","T","E","$","R","E","M","R","B",null,"M","?","$","M","$","E","R","E","T","$","E","$","M","M","R","B","B"],"character_chosen":"DEFECT","items_purchased":["DataDisk","Mummified Hand","FocusPotion","Kunai"],"campfire_rested":4,"item_purchase_floors":[11,21,37,46],"current_hp_per_floor":[58,58,57,57,62,62,52,52,52,50,50,50,50,50,50,44,68,53,53,53,53,53,32,54,54,54,54,54,76,68,55,55,75,76,76,76,76,76,76,76,76,74,74,74,47,47,47,47,69,76,76],"gold":37,"neow_bonus":"","is_prod":false,"is_daily":false,"chose_seed":false,"campfire_upgraded":4,"win_rate":0,"timestamp":1540237690,"path_taken":["M","?","M","M","?","R","E","R","T","E","?","E","?","E","R","BOSS","M","?","?","$","M","E","R","E","T","E","$","R","E","M","R","BOSS","M","?","$","M","$","E","R","E","T","?","E","$","M","?","R","BOSS","BOSS"],"build_version":"2018-10-18","purchased_purges":0,"victory":true,"max_hp_per_floor":[71,71,71,71,76,76,76,76,76,76,76,76,76,76,76,76,76,76,76,76,76,76,76,76,76,76,76,76,76,76,76,76,76,76,76,76,76,76,76,76,76,76,76,76,76,76,76,76,76,76,76],"card_choices":[{"not_picked":["Leap","Auto Shields"],"picked":"Genetic Algorithm","floor":1.0},{"not_picked":["Go for the Eyes","Melter","Steam"],"picked":"SKIP","floor":3.0},{"not_picked":["Darkness","Consume","Scrape"],"picked":"SKIP","floor":4.0},{"not_picked":["Echo Form","Fission"],"picked":"All For One","floor":7.0},{"not_picked":["Amplify","Machine Learning","Echo Form"],"picked":"SKIP","floor":10.0},{"not_picked":["Meteor Strike","Amplify"],"picked":"Fission","floor":12},{"not_picked":["Steam","Doom and Gloom","Steam Power"],"picked":"SKIP","floor":13},{"not_picked":["Thunder Strike","Rainbow"],"picked":"Seek","floor":14},{"not_picked":["Barrage","Beam Cell","Leap"],"picked":"SKIP","floor":18},{"not_picked":["Rebound","Ball Lightning","Turbo"],"picked":"SKIP","floor":22},{"not_picked":["Seek","Meteor Strike"],"picked":"Biased Cognition","floor":23},{"not_picked":["Machine Learning","Meteor Strike"],"picked":"Electrodynamics","floor":25},{"not_picked":["Multi-Cast","Creative AI","Fission"],"picked":"SKIP","floor":27},{"not_picked":["Amplify","Creative AI","Seek"],"picked":"SKIP","floor":30},{"not_picked":["Coolheaded","Go for the Eyes+1"],"picked":"Gash+1","floor":31},{"not_picked":["Hologram","Recycle","Barrage"],"picked":"SKIP","floor":31},{"not_picked":["Machine Learning","Rainbow"],"picked":"Core Surge","floor":33},{"not_picked":["Compile Driver+1","Barrage","Redo"],"picked":"SKIP","floor":35},{"not_picked":["Coolheaded","Go for the Eyes","Loop+1"],"picked":"SKIP","floor":35},{"not_picked":["Stack","Reinforced Body","Blizzard"],"picked":"SKIP","floor":38},{"not_picked":["Turbo","Hologram","Chaos+1"],"picked":"SKIP","floor":38},{"not_picked":["Electrodynamics","Rainbow","Seek"],"picked":"SKIP","floor":40},{"not_picked":["Echo Form","Creative AI","Thunder Strike"],"picked":"SKIP","floor":42},{"not_picked":["Core Surge","Thunder Strike","Multi-Cast"],"picked":"SKIP","floor":45},{"not_picked":["Steam","Ball Lightning+1","Recycle"],"picked":"SKIP","floor":47},{"not_picked":["Hologram+1","Ball Lightning+1","Compile Driver"],"picked":"SKIP","floor":47},{"not_picked":["Steam","Sweeping Beam","Consume"],"picked":"SKIP","floor":48},{"not_picked":["Barrage","Beam Cell+1","Seek"],"picked":"SKIP","floor":48}],"player_experience":1419913,"relics_obtained":[{"floor":7.0,"key":"Orichalcum"},{"floor":9.0,"key":"Letter Opener"},{"floor":10.0,"key":"Centennial Puzzle"},{"floor":12,"key":"Shuriken"},{"floor":14,"key":"Ginger"},{"floor":23,"key":"Prayer Wheel"},{"floor":25,"key":"Smiling Mask"},{"floor":26,"key":"War Paint"},{"floor":27,"key":"Peace Pipe"},{"floor":30,"key":"Pantograph"},{"floor":40,"key":"Sundial"},{"floor":42,"key":"Calipers"},{"floor":43,"key":"Gambling Chip"},{"floor":45,"key":"Omamori"}],"event_choices":[{"damage_healed":0.0,"max_hp_gain":0.0,"max_hp_loss":0.0,"gold_gain":0.0,"event_name":"Living Wall","player_choice":"Grow","floor":2.0,"gold_loss":0.0,"damage_taken":0.0,"cards_upgraded":["Go for the Eyes"]},{"damage_healed":0.0,"max_hp_gain":5.0,"max_hp_loss":0.0,"gold_gain":0.0,"event_name":"Big Fish","player_choice":"Donut","floor":5.0,"gold_loss":0.0,"damage_taken":0.0},{"damage_healed":0,"gold_gain":0,"player_choice":"Copied","damage_taken":0,"max_hp_gain":0,"max_hp_loss":0,"event_name":"Duplicator","floor":19,"gold_loss":0,"cards_obtained":["Ball Lightning"]},{"damage_healed":0,"gold_gain":0,"player_choice":"Ignored","damage_taken":0,"max_hp_gain":0,"max_hp_loss":0,"event_name":"Cursed Tome","floor":20,"gold_loss":0},{"damage_healed":0,"gold_gain":0,"player_choice":"Ignored","damage_taken":0,"max_hp_gain":0,"max_hp_loss":0,"event_name":"Tomb of Lord Red Mask","floor":36,"gold_loss":0}],"is_beta":false,"boss_relics":[{"not_picked":["Orrery","Lizard Tail"],"picked":"Nuclear Battery"},{"not_picked":["Pandora\u0027s Box","White Beast Statue"],"picked":"Fusion Hammer"}],"items_purged_floors":[],"is_endless":false,"potions_floor_spawned":[3,7,12,16,23,30,31,45,47],"ascension_level":20}