{"gold_per_floor":[12,29,29,42,52,81,81,115,162,206,218,230,272,284,296,382,394,417,191,211,229,144,144,144,144,168,181,77,109,120,148,148,219,219,236,99,99,99,111,137,137,151,177,177,195,220,220,220,220,220,220,220,11,36,36],"floor_reached":55,"playtime":1713,"items_purged":[],"score":1743,"play_id":"ebb35268-b591-49f5-be7f-c95560ee2fbb","local_time":"20181121165242","is_ascension_mode":true,"campfire_choices":[{"data":"Uppercut","floor":7.0,"key":"SMITH"},{"data":"Havoc","floor":11.0,"key":"SMITH"},{"data":"Shockwave","floor":15.0,"key":"SMITH"},{"data":"Fiend Fire","floor":23.0,"key":"SMITH"},{"data":"Bash","floor":25.0,"key":"SMITH"},{"floor":32.0,"key":"REST"},{"data":"Limit Break","floor":41.0,"key":"SMITH"},{"floor":44.0,"key":"REST"},{"floor":47.0,"key":"RECALL"},{"data":"Spot Weakness","floor":49.0,"key":"SMITH"},{"data":"True Grit","floor":52,"key":"SMITH"}],"neow_cost":"NO_GOLD","seed_source_timestamp":19824567860332,"circlet_count":0,"master_deck":["AscendersBane","Strike_R+1","Strike_R+1","Strike_R+1","Defend_R+1","Defend_R+1","Defend_R+1","Defend_R+1","Bash+1","Infernal Blade+1","Dropkick+1","Shrug It Off","Uppercut+1","Shockwave+1","Twin Strike+1","Havoc+1","Fiend Fire+1","Pommel Strike","Headbutt","Immolate","True Grit+1","Limit Break+1","True Grit+1","Inflame","Spot Weakness+1","Flame Barrier","Bludgeon","Shrug It Off","Dual Wield","Demon Form"],"special_seed":0,"relics":["Burning Blood","Pear","Self Forming Clay","MawBank","Potion Belt","PreservedInsect","Mark of Pain","OrangePellets","Centennial Puzzle","Whetstone","Matryoshka","Regal Pillow","Snecko Eye","Mummified Hand","Juzu Bracelet","Ancient Tea Set","HandDrill","Vajra"],"potions_floor_usage":[50,50,50,55],"damage_taken":[{"damage":7.0,"enemies":"Small Slimes","floor":1.0,"turns":3.0},{"damage":0.0,"enemies":"2 Louse","floor":2.0,"turns":3.0},{"damage":0.0,"enemies":"Jaw Worm","floor":4.0,"turns":3.0},{"damage":9.0,"enemies":"Blue Slaver","floor":5.0,"turns":3.0},{"damage":25.0,"enemies":"3 Sentries","floor":6.0,"turns":8.0},{"damage":19.0,"enemies":"Lagavulin","floor":8.0,"turns":6.0},{"damage":19.0,"enemies":"3 Sentries","floor":10.0,"turns":7.0},{"damage":5.0,"enemies":"Gremlin Nob","floor":13.0,"turns":3.0},{"damage":35.0,"enemies":"Slime Boss","floor":16.0,"turns":8.0},{"damage":16.0,"enemies":"Spheric Guardian","floor":18.0,"turns":4.0},{"damage":11.0,"enemies":"2 Thieves","floor":20.0,"turns":4.0},{"damage":14.0,"enemies":"Cultist and Chosen","floor":21.0,"turns":6.0},{"damage":5.0,"enemies":"Snecko","floor":27.0,"turns":4.0},{"damage":18.0,"enemies":"Book of Stabbing","floor":29.0,"turns":4.0},{"damage":0.0,"enemies":"Shelled Parasite and Fungi","floor":30.0,"turns":2.0},{"damage":24.0,"enemies":"Slavers","floor":31.0,"turns":3.0},{"damage":62.0,"enemies":"Collector","floor":33.0,"turns":10.0},{"damage":0.0,"enemies":"Orb Walker","floor":35.0,"turns":1.0},{"damage":10.0,"enemies":"3 Shapes","floor":39.0,"turns":3.0},{"damage":15.0,"enemies":"Giant Head","floor":40.0,"turns":5.0},{"damage":35.0,"enemies":"Writhing Mass","floor":42.0,"turns":5.0},{"damage":0.0,"enemies":"4 Shapes","floor":45.0,"turns":2.0},{"damage":0.0,"enemies":"Reptomancer","floor":46.0,"turns":2.0},{"damage":34,"enemies":"Awakened One","floor":50,"turns":11},{"damage":35,"enemies":"Shield and Spear","floor":54,"turns":6},{"damage":55,"enemies":"The Heart","floor":55,"turns":5}],"seed_played":"7634917958692085855","potions_obtained":[{"floor":1.0,"key":"Swift Potion"},{"floor":4.0,"key":"Explosive Potion"},{"floor":8.0,"key":"Weak Potion"},{"floor":20.0,"key":"Dexterity Potion"},{"floor":29.0,"key":"AttackPotion"},{"floor":30.0,"key":"Swift Potion"},{"floor":39.0,"key":"SkillPotion"},{"floor":40.0,"key":"Energy Potion"},{"floor":45.0,"key":"SteroidPotion"}],"is_trial":false,"path_per_floor":["M","M","?","M","M","E","R","E","T","E","R","?","E","?","R","B",null,"M","$","M","M","?","R","?","R","T","M","$","E","M","E","R","B",null,"M","$","?","?","M","E","R","M","T","R","M","E","R","?","R","B",null,"R","$","E","B"],"character_chosen":"IRONCLAD","items_purchased":["SteroidPotion","OrangePellets","Fruit Juice","Inflame","Spot Weakness","HandDrill"],"campfire_rested":2,"item_purchase_floors":[19,19,28,36,36,53],"current_hp_per_floor":[67,73,73,75,72,63,63,50,50,37,37,42,43,43,43,14,71,61,61,56,48,48,48,48,48,48,49,54,42,48,30,73,17,76,82,82,82,82,78,69,69,40,40,82,88,90,90,90,90,62,83,83,83,54,0],"gold":36,"neow_bonus":"TRANSFORM_TWO_CARDS","is_prod":false,"is_daily":false,"chose_seed":false,"campfire_upgraded":8,"win_rate":0,"timestamp":1542847962,"path_taken":["M","M","?","M","M","E","R","E","T","E","R","?","E","?","R","BOSS","M","$","M","M","?","R","?","R","T","?","$","E","M","E","R","BOSS","M","$","?","?","M","E","R","M","T","R","M","E","R","?","R","BOSS","R","$","E","BOSS"],"build_version":"2018-11-15","purchased_purges":0,"victory":false,"max_hp_per_floor":[75,75,75,75,75,85,85,85,85,85,85,90,90,90,90,90,90,90,90,90,90,90,90,90,90,90,90,95,95,95,95,95,95,95,95,95,90,90,90,90,90,90,90,90,90,90,90,90,90,90,90,90,90,90,90],"card_choices":[{"not_picked":["Flex","Pummel","Sever Soul"],"picked":"SKIP","floor":1.0},{"not_picked":["Power Through","Thunderclap"],"picked":"Shrug It Off","floor":2.0},{"not_picked":["Flex","Burning Pact"],"picked":"Uppercut","floor":4.0},{"not_picked":["Sentinel","Fire Breathing","Thunderclap"],"picked":"SKIP","floor":5.0},{"not_picked":["Thunderclap","Infernal Blade"],"picked":"Shockwave","floor":6.0},{"not_picked":["Sever Soul","Body Slam"],"picked":"Twin Strike","floor":8.0},{"not_picked":["Dual Wield","Dropkick"],"picked":"Havoc","floor":10.0},{"not_picked":["Flex","Seeing Red","Bloodletting"],"picked":"SKIP","floor":13.0},{"not_picked":["Berserk","Double Tap"],"picked":"Fiend Fire","floor":16.0},{"not_picked":["Havoc","Thunderclap"],"picked":"Pommel Strike","floor":18.0},{"not_picked":["Combust","Thunderclap"],"picked":"Headbutt","floor":20.0},{"not_picked":["Wild Strike","Carnage+1","Perfected Strike"],"picked":"SKIP","floor":21.0},{"not_picked":["Flex","Whirlwind"],"picked":"Immolate","floor":27.0},{"not_picked":["Hemokinesis","Combust","Body Slam"],"picked":"SKIP","floor":29.0},{"not_picked":["Fire Breathing","Headbutt","Cleave"],"picked":"SKIP","floor":30.0},{"not_picked":["Armaments","Heavy Blade"],"picked":"True Grit","floor":31.0},{"not_picked":["Impervious","Berserk"],"picked":"Limit Break","floor":33.0},{"not_picked":["Clash","Iron Wave"],"picked":"True Grit+1","floor":35.0},{"not_picked":["Warcry","True Grit"],"picked":"Flame Barrier","floor":39.0},{"not_picked":["Armaments","Pommel Strike"],"picked":"Bludgeon","floor":40.0},{"not_picked":["Cleave","Combust"],"picked":"Shrug It Off","floor":42.0},{"not_picked":["Seeing Red","Infernal Blade","Iron Wave"],"picked":"SKIP","floor":45.0},{"not_picked":["Iron Wave+1","Sword Boomerang"],"picked":"Dual Wield","floor":46.0},{"not_picked":["Berserk","Wild Strike"],"picked":"Demon Form","floor":54}],"player_experience":1644539,"relics_obtained":[{"floor":6.0,"key":"Pear"},{"floor":8.0,"key":"Self Forming Clay"},{"floor":9.0,"key":"MawBank"},{"floor":10.0,"key":"Potion Belt"},{"floor":13.0,"key":"PreservedInsect"},{"floor":26.0,"key":"Whetstone"},{"floor":29.0,"key":"Matryoshka"},{"floor":31.0,"key":"Regal Pillow"},{"floor":40.0,"key":"Mummified Hand"},{"floor":43.0,"key":"Juzu Bracelet"},{"floor":46.0,"key":"Ancient Tea Set"},{"floor":54,"key":"Vajra"}],"event_choices":[{"damage_healed":0.0,"max_hp_gain":0.0,"max_hp_loss":0.0,"gold_gain":0.0,"event_name":"Golden Idol","player_choice":"Ignored","floor":3.0,"gold_loss":0.0,"damage_taken":0.0},{"damage_healed":0.0,"max_hp_gain":5.0,"max_hp_loss":0.0,"gold_gain":0.0,"event_name":"Big Fish","player_choice":"Donut","floor":12.0,"gold_loss":0.0,"damage_taken":0.0},{"damage_healed":0.0,"max_hp_gain":0.0,"max_hp_loss":0.0,"gold_gain":0.0,"event_name":"Living Wall","player_choice":"Grow","floor":14.0,"gold_loss":0.0,"damage_taken":0.0,"cards_upgraded":["Infernal Blade"]},{"damage_healed":0.0,"max_hp_gain":0.0,"max_hp_loss":0.0,"gold_gain":0.0,"event_name":"Addict","player_choice":"Obtained Relic","floor":22.0,"gold_loss":85.0,"damage_taken":0.0,"relics_obtained":["Centennial Puzzle"]},{"damage_healed":0.0,"max_hp_gain":0.0,"max_hp_loss":0.0,"gold_gain":0.0,"event_name":"Back to Basics","player_choice":"Simplicity","floor":24.0,"gold_loss":0.0,"damage_taken":0.0,"cards_upgraded":["Strike_R","Strike_R","Strike_R","Defend_R","Defend_R","Defend_R","Defend_R"]},{"damage_healed":0.0,"max_hp_gain":0.0,"max_hp_loss":5.0,"gold_gain":0.0,"event_name":"Winding Halls","player_choice":"Max HP","floor":37.0,"gold_loss":0.0,"damage_taken":0.0},{"damage_healed":0.0,"max_hp_gain":0.0,"max_hp_loss":0.0,"gold_gain":0.0,"event_name":"SecretPortal","player_choice":"Ignored","floor":38.0,"gold_loss":0.0,"damage_taken":0.0},{"damage_healed":0.0,"max_hp_gain":0.0,"max_hp_loss":0.0,"gold_gain":0.0,"event_name":"Tomb of Lord Red Mask","player_choice":"Ignored","floor":48.0,"gold_loss":0.0,"damage_taken":0.0}],"is_beta":false,"boss_relics":[{"not_picked":["Runic Pyramid","Busted Crown"],"picked":"Mark of Pain"},{"not_picked":["Runic Dome","Astrolabe"],"picked":"Snecko Eye"}],"items_purged_floors":[],"is_endless":false,"potions_floor_spawned":[1,4,5,8,20,29,30,39,40,45,46],"killed_by":"The Heart","ascension_level":15}