{"gold_per_floor":[118,43,43,43,53,53,87,87,87,87,162,174,206,224,224,298,298,312,48,48,48,61,61,6,6,60,60,77,77,104,154,154,231,231,245,245,256,35,35,35,52,52,52,52,69,80,80],"floor_reached":47,"playtime":1785,"items_purged":["Strike_R"],"score":808,"play_id":"692dd412-f096-410b-8c95-275da431d163","local_time":"20190426153446","is_ascension_mode":true,"campfire_choices":[{"data":"Bash","floor":6,"key":"SMITH"},{"floor":8,"key":"REST"},{"data":"Rampage","floor":10,"key":"SMITH"},{"floor":15,"key":"REST"},{"data":"Whirlwind","floor":23,"key":"SMITH"},{"data":"Fiend Fire","floor":25,"key":"SMITH"},{"data":"Flame Barrier","floor":27,"key":"SMITH"},{"data":"Feed","floor":29,"key":"SMITH"},{"floor":32,"key":"REST"},{"floor":40,"key":"RECALL"},{"floor":44,"key":"REST"}],"neow_cost":"NONE","seed_source_timestamp":3207180259900,"circlet_count":0,"master_deck":["AscendersBane","Strike_R+1","Strike_R+1","Defend_R+1","Defend_R+1","Defend_R+1","Defend_R+1","Bash+1","Headbutt","Shrug It Off","Rampage+1","Cleave","Feed+1","Fiend Fire+1","Whirlwind+1","Flame Barrier+1","Shrug It Off","Shrug It Off","Bloodletting+1","Offering","Shockwave+1","Flame Barrier","Headbutt","Iron Wave+1","Disarm"],"relics":["Burning Blood","Potion Belt","Ornamental Fan","Oddly Smooth Stone","Self Forming Clay","Sozu","Pantograph","Du-Vu Doll","Velvet Choker","Sling","Matryoshka","Omamori","Paper Frog"],"potions_floor_usage":[7,7,28],"damage_taken":[{"damage":7,"enemies":"2 Louse","floor":1,"turns":4},{"damage":0,"enemies":"Small Slimes","floor":5,"turns":4},{"damage":25,"enemies":"Gremlin Nob","floor":7,"turns":4},{"damage":0,"enemies":"Cultist","floor":12,"turns":3},{"damage":16,"enemies":"Lagavulin","floor":13,"turns":7},{"damage":16,"enemies":"Lots of Slimes","floor":14,"turns":3},{"damage":42,"enemies":"Hexaghost","floor":16,"turns":10},{"damage":17,"enemies":"2 Thieves","floor":18,"turns":4},{"damage":0,"enemies":"Chosen","floor":22,"turns":5},{"damage":19,"enemies":"Snake Plant","floor":28,"turns":5},{"damage":24,"enemies":"Slavers","floor":30,"turns":8},{"damage":62,"enemies":"Collector","floor":33,"turns":11},{"damage":3,"enemies":"Orb Walker","floor":35,"turns":2},{"damage":30,"enemies":"3 Shapes","floor":37,"turns":2},{"damage":36,"enemies":"Maw","floor":41,"turns":9},{"damage":29,"enemies":"Writhing Mass","floor":45,"turns":4},{"damage":3,"enemies":"Transient","floor":46,"turns":5},{"damage":20,"enemies":"Sphere and 2 Shapes","floor":47,"turns":1}],"seed_played":"4820041916786224261","potions_obtained":[{"floor":1,"key":"PowerPotion"},{"floor":5,"key":"FearPotion"},{"floor":16,"key":"BloodPotion"}],"is_trial":false,"path_per_floor":["M","$","?","?","M","R","E","R","T","R","?","M","E","M","R","B",null,"M","$","?","?","M","R","$","R","T","R","M","R","E","?","R","B",null,"M","?","M","$","T","R","M","$","T","R","M","M","M"],"character_chosen":"IRONCLAD","items_purchased":["Pantograph","Shrug It Off","Sling"],"campfire_rested":4,"item_purchase_floors":[19,24,38],"current_hp_per_floor":[67,67,67,44,50,50,31,53,53,53,42,48,38,28,50,14,60,49,49,49,49,55,55,55,55,55,55,49,49,35,35,58,23,65,68,68,44,44,44,44,14,14,14,37,14,17,0],"gold":80,"neow_bonus":"RANDOM_COMMON_RELIC","is_prod":false,"is_daily":false,"chose_seed":false,"campfire_upgraded":6,"win_rate":0,"timestamp":1556282086,"path_taken":["M","$","?","?","M","R","E","R","T","R","?","M","E","M","R","BOSS","M","$","?","?","M","R","$","R","T","R","M","R","E","?","R","BOSS","M","?","?","$","?","R","M","$","T","R","M","M","M"],"build_version":"2019-01-23","purchased_purges":1,"victory":false,"max_hp_per_floor":[75,75,75,75,75,75,75,75,75,75,75,75,75,75,75,75,75,75,75,75,75,75,75,75,75,75,75,75,75,79,79,79,79,79,79,79,79,79,79,79,79,79,79,79,79,79,79],"card_choices":[{"not_picked":["Searing Blow","Shrug It Off"],"picked":"Headbutt","floor":1},{"not_picked":["Warcry","Pummel"],"picked":"Shrug It Off","floor":5},{"not_picked":["Feel No Pain","Thunderclap"],"picked":"Rampage","floor":7},{"not_picked":["Headbutt","Reckless Charge","Intimidate"],"picked":"SKIP","floor":12},{"not_picked":["Warcry","Wild Strike"],"picked":"Cleave","floor":13},{"not_picked":["Wild Strike","Anger"],"picked":"Feed","floor":14},{"not_picked":["Immolate","Exhume"],"picked":"Fiend Fire","floor":16},{"not_picked":["Metallicize","Warcry","Feel No Pain"],"picked":"SKIP","floor":18},{"not_picked":["Flex","Infernal Blade"],"picked":"Flame Barrier","floor":22},{"not_picked":["Armaments","Warcry"],"picked":"Shrug It Off","floor":28},{"not_picked":["Dropkick","Armaments"],"picked":"Bloodletting+1","floor":30},{"not_picked":["Impervious","Berserk"],"picked":"Offering","floor":33},{"not_picked":["Pommel Strike","Perfected Strike+1"],"picked":"Shockwave+1","floor":35},{"not_picked":["Combust","Cleave"],"picked":"Flame Barrier","floor":37},{"not_picked":["Thunderclap","Dual Wield"],"picked":"Headbutt","floor":41},{"not_picked":["Seeing Red+1","Cleave"],"picked":"Iron Wave+1","floor":45},{"not_picked":["Whirlwind","Clash"],"picked":"Disarm","floor":46}],"player_experience":325369,"relics_obtained":[{"floor":7,"key":"Ornamental Fan"},{"floor":9,"key":"Oddly Smooth Stone"},{"floor":13,"key":"Self Forming Clay"},{"floor":30,"key":"Du-Vu Doll"},{"floor":39,"key":"Matryoshka"},{"floor":43,"key":"Omamori"},{"floor":43,"key":"Paper Frog"}],"event_choices":[{"cards_removed":["Strike_R"],"damage_healed":0,"gold_gain":0,"player_choice":"Forget","damage_taken":0,"max_hp_gain":0,"max_hp_loss":0,"event_name":"Living Wall","floor":3,"gold_loss":0},{"damage_healed":0,"gold_gain":0,"player_choice":"Entered Light","damage_taken":23,"max_hp_gain":0,"max_hp_loss":0,"event_name":"Shining Light","floor":4,"gold_loss":0,"cards_upgraded":["Defend_R","Defend_R"]},{"damage_healed":0,"gold_gain":75,"player_choice":"Gather Gold","damage_taken":11,"max_hp_gain":0,"max_hp_loss":0,"event_name":"World of Goop","floor":11,"gold_loss":0},{"damage_healed":0,"gold_gain":0,"player_choice":"Simplicity","damage_taken":0,"max_hp_gain":0,"max_hp_loss":0,"event_name":"Back to Basics","floor":20,"gold_loss":0,"cards_upgraded":["Strike_R","Strike_R","Strike_R","Defend_R","Defend_R"]},{"damage_healed":0,"gold_gain":0,"player_choice":"Read","damage_taken":0,"max_hp_gain":0,"max_hp_loss":0,"event_name":"The Library","floor":21,"gold_loss":0,"cards_obtained":["Whirlwind"]},{"damage_healed":0,"gold_gain":50,"player_choice":"Stole From Cult","damage_taken":0,"max_hp_gain":0,"max_hp_loss":0,"event_name":"Nest","floor":31,"gold_loss":0},{"cards_removed":["Strike_R"],"damage_healed":0,"gold_gain":0,"player_choice":"Purged","damage_taken":0,"max_hp_gain":0,"max_hp_loss":0,"event_name":"Purifier","floor":36,"gold_loss":0}],"is_beta":false,"boss_relics":[{"not_picked":["Lizard Tail","Fusion Hammer"],"picked":"Sozu"},{"not_picked":["Astrolabe","Orrery"],"picked":"Velvet Choker"}],"items_purged_floors":[2],"is_endless":false,"potions_floor_spawned":[1,5,16,22,33,41,46],"killed_by":"Sphere and 2 Shapes","ascension_level":16}