{"gold_per_floor":[109,129,175,175,194,25,25,41,41,71,71,71,98,114,114,191,191,203,183,198,217,217,217,228,260,260,271,271,299,299],"floor_reached":30,"playtime":1255,"items_purged":[],"score":543,"play_id":"3f414be9-8e09-49f6-b69e-301b127b81fb","local_time":"20190119075855","is_ascension_mode":true,"campfire_choices":[{"data":"Go for the Eyes","floor":7.0,"key":"SMITH"},{"data":"Rainbow","floor":11.0,"key":"SMITH"},{"data":"Loop","floor":15.0,"key":"SMITH"},{"data":"Defragment","floor":23.0,"key":"SMITH"},{"floor":28,"key":"REST"}],"neow_cost":"NONE","seed_source_timestamp":1591004776909,"circlet_count":0,"master_deck":["AscendersBane","Strike_B","Strike_B","Strike_B","Strike_B","Defend_B","Defend_B","Defend_B","Defend_B","Zap+1","Dualcast","Leap","Coolheaded","Reinforced Body","Rainbow+1","Go for the Eyes+1","Compile Driver","Cold Snap","Barrage+1","Loop+1","Echo Form","Defragment+1","Steam+1","Self Repair+1","Capacitor"],"special_seed":0,"relics":["Cracked Core","Oddly Smooth Stone","Lantern","Molten Egg 2","Cables","Cursed Key","Happy Flower","Red Mask"],"potions_floor_usage":[24,25,25,29],"damage_taken":[{"damage":0.0,"enemies":"Cultist","floor":1.0,"turns":4.0},{"damage":3.0,"enemies":"Jaw Worm","floor":2.0,"turns":4.0},{"damage":0.0,"enemies":"2 Louse","floor":5.0,"turns":3.0},{"damage":7.0,"enemies":"Gremlin Gang","floor":8.0,"turns":7.0},{"damage":16.0,"enemies":"3 Sentries","floor":10.0,"turns":6.0},{"damage":26.0,"enemies":"Gremlin Nob","floor":13.0,"turns":4.0},{"damage":0.0,"enemies":"Exordium Thugs","floor":14.0,"turns":3.0},{"damage":0.0,"enemies":"Slime Boss","floor":16.0,"turns":6.0},{"damage":10.0,"enemies":"Shell Parasite","floor":18.0,"turns":4.0},{"damage":0.0,"enemies":"Chosen","floor":20.0,"turns":4.0},{"damage":8.0,"enemies":"Snake Plant","floor":21.0,"turns":5.0},{"damage":2,"enemies":"Centurion and Healer","floor":24,"turns":8},{"damage":16,"enemies":"Slavers","floor":25,"turns":6},{"damage":2,"enemies":"3 Cultists","floor":27,"turns":5},{"damage":27,"enemies":"Masked Bandits","floor":29,"turns":6},{"damage":29,"enemies":"Gremlin Leader","floor":30,"turns":6}],"seed_played":"5998407049458197076","potions_obtained":[{"floor":5.0,"key":"SpeedPotion"},{"floor":8.0,"key":"Dexterity Potion"},{"floor":13.0,"key":"PowerPotion"},{"floor":16.0,"key":"Fire Potion"},{"floor":24,"key":"Fire Potion"},{"floor":25,"key":"Poison Potion"}],"is_trial":false,"path_per_floor":["M","M","T","?","M","$","R","M","T","E","R","T","E","M","R","B",null,"M","?","M","M","T","R","M","E","T","M","R","?","E"],"character_chosen":"DEFECT","items_purchased":["Rainbow","Go for the Eyes"],"campfire_rested":1,"item_purchase_floors":[6,6],"current_hp_per_floor":[71,68,68,68,68,68,68,61,61,45,45,45,19,19,19,19,63,53,53,53,45,45,45,43,27,27,25,48,21,0],"gold":299,"neow_bonus":"TEN_PERCENT_HP_BONUS","is_prod":false,"is_daily":false,"chose_seed":false,"campfire_upgraded":4,"win_rate":0,"timestamp":1547913535,"path_taken":["M","M","?","?","M","$","R","M","T","E","R","?","E","M","R","BOSS","M","?","M","?","?","R","M","E","T","M","R","?","E"],"build_version":"2019-01-17v2","purchased_purges":0,"victory":false,"max_hp_per_floor":[78,78,78,78,78,78,78,78,78,78,78,78,78,78,78,78,78,78,78,78,78,78,78,78,78,78,78,78,78,78],"card_choices":[{"not_picked":["Steam","Steam Power"],"picked":"Leap","floor":1.0},{"not_picked":["Beam Cell","Aggregate"],"picked":"Coolheaded","floor":2.0},{"not_picked":["Redo","Leap"],"picked":"Reinforced Body","floor":5.0},{"not_picked":["Sunder","Go for the Eyes"],"picked":"Compile Driver","floor":8.0},{"not_picked":["Reprogram","Skim"],"picked":"Cold Snap","floor":10.0},{"not_picked":["Go for the Eyes+1","Consume"],"picked":"Barrage+1","floor":13.0},{"not_picked":["Hyperbeam+1","Go for the Eyes+1"],"picked":"Loop","floor":14.0},{"not_picked":["Reboot","Amplify"],"picked":"Echo Form","floor":16.0},{"not_picked":["Streamline+1","Leap","Redo"],"picked":"SKIP","floor":18.0},{"not_picked":["Coolheaded","Leap"],"picked":"Defragment","floor":20.0},{"not_picked":["Force Field","Loop"],"picked":"Steam+1","floor":21.0},{"not_picked":["All For One+1","Conserve Battery","Barrage+1"],"picked":"SKIP","floor":24},{"not_picked":["Go for the Eyes+1","Barrage+1"],"picked":"Self Repair+1","floor":25},{"not_picked":["Turbo","Coolheaded"],"picked":"Capacitor","floor":27}],"player_experience":2019610,"relics_obtained":[{"floor":3.0,"key":"Oddly Smooth Stone"},{"floor":10.0,"key":"Lantern"},{"floor":12.0,"key":"Molten Egg 2"},{"floor":13.0,"key":"Cables"},{"floor":25,"key":"Happy Flower"},{"floor":29,"key":"Red Mask"}],"event_choices":[{"damage_healed":0.0,"max_hp_gain":0.0,"max_hp_loss":0.0,"gold_gain":0.0,"event_name":"Living Wall","player_choice":"Grow","floor":4.0,"gold_loss":0.0,"damage_taken":0.0,"cards_upgraded":["Zap"]},{"damage_healed":0.0,"max_hp_gain":0.0,"max_hp_loss":0.0,"gold_gain":0.0,"event_name":"The Woman in Blue","player_choice":"Bought 1 Potion","floor":19.0,"gold_loss":0.0,"damage_taken":0.0},{"damage_healed":0,"gold_gain":0,"player_choice":"Fought Bandits","damage_taken":0,"max_hp_gain":0,"max_hp_loss":0,"event_name":"Masked Bandits","floor":29,"gold_loss":0}],"is_beta":false,"boss_relics":[{"not_picked":["Philosopher\u0027s Stone","Ectoplasm"],"picked":"Cursed Key"}],"items_purged_floors":[],"is_endless":false,"potions_floor_spawned":[5,8,13,16,21,24,25],"killed_by":"Gremlin Leader","ascension_level":15}