{"gold_per_floor":[116,133,149,160,173,173,207,207,230,230,262,262,289,50,50,50],"floor_reached":16,"playtime":943,"items_purged":[],"score":210,"play_id":"d7d24e77-7b0a-46ce-8a49-92b3b24889c3","local_time":"20180803152749","is_ascension_mode":true,"campfire_choices":[{"data":"Dagger Spray","floor":6.0,"key":"SMITH"},{"floor":15.0,"key":"REST"}],"neow_cost":"NONE","seed_source_timestamp":26411211618272,"circlet_count":0,"master_deck":["Defend_G","Defend_G","Defend_G","Defend_G","Defend_G","Strike_G","Strike_G","Strike_G","Strike_G","Strike_G","Survivor","Neutralize+1","AscendersBane","Poisoned Stab","Flying Knee","Dagger Throw","Dagger Spray+1"],"special_seed":0,"relics":["Ring of the Snake","Bag of Preparation","Bronze Scales","Dream Catcher","Centennial Puzzle","Shuriken"],"potions_floor_usage":[16],"damage_taken":[{"damage":0.0,"enemies":"Jaw Worm","floor":1.0,"turns":5.0},{"damage":0.0,"enemies":"Small Slimes","floor":2.0,"turns":4.0},{"damage":0.0,"enemies":"2 Louse","floor":3.0,"turns":3.0},{"damage":10.0,"enemies":"Gremlin Gang","floor":4.0,"turns":6.0},{"damage":8.0,"enemies":"Looter","floor":5.0,"turns":4.0},{"damage":24.0,"enemies":"Lagavulin","floor":7.0,"turns":6.0},{"damage":10.0,"enemies":"Gremlin Nob","floor":11.0,"turns":3.0},{"damage":25.0,"enemies":"Lagavulin","floor":13.0,"turns":7.0},{"damage":29,"enemies":"Slime Boss","floor":16,"turns":3}],"seed_played":"7510654789634031732","potions_obtained":[{"floor":1.0,"key":"AttackPotion"},{"floor":4.0,"key":"SteroidPotion"},{"floor":13.0,"key":"EssenceOfSteel"}],"is_trial":false,"path_per_floor":["M","M","M","M","M","R","E","?","T","?","E","?","E","$","R"],"character_chosen":"THE_SILENT","items_purchased":["Shuriken"],"campfire_rested":1,"item_purchase_floors":[14],"current_hp_per_floor":[59,59,59,49,41,41,17,17,17,39,29,29,4,4,23,0],"gold":50,"neow_bonus":"UPGRADE_CARD","is_prod":false,"is_daily":false,"chose_seed":false,"campfire_upgraded":1,"win_rate":0,"timestamp":1533335269,"path_taken":["M","M","M","M","M","R","E","?","T","?","E","?","E","$","R","BOSS"],"build_version":"2018-08-02","purchased_purges":0,"victory":false,"max_hp_per_floor":[66,66,66,66,66,66,66,66,66,66,66,66,66,66,66,66],"card_choices":[{"not_picked":["Acrobatics","Bane"],"picked":"Poisoned Stab","floor":1.0},{"not_picked":["PiercingWail","Calculated Gamble"],"picked":"Flying Knee","floor":2.0},{"not_picked":["Expertise","Quick Slash","Dagger Throw"],"picked":"SKIP","floor":3.0},{"not_picked":["Expertise","Quick Slash"],"picked":"Dagger Throw","floor":3.0},{"not_picked":["Dodge and Roll","PiercingWail"],"picked":"Dagger Spray","floor":4.0},{"not_picked":["Setup","PiercingWail","Dagger Spray"],"picked":"SKIP","floor":5.0},{"not_picked":["Flying Knee","Prepared","Catalyst"],"picked":"SKIP","floor":7.0},{"not_picked":["Outmaneuver","Underhanded Strike","Grand Finale"],"picked":"SKIP","floor":11.0},{"not_picked":["Flying Knee","Dagger Spray","Storm of Steel"],"picked":"SKIP","floor":13.0}],"player_experience":991701,"relics_obtained":[{"floor":7.0,"key":"Bag of Preparation"},{"floor":9.0,"key":"Bronze Scales"},{"floor":11.0,"key":"Dream Catcher"},{"floor":13.0,"key":"Centennial Puzzle"}],"event_choices":[{"event_name":"Liars Game","player_choice":"disagreed","floor":8.0,"damage_taken":0.0},{"event_name":"Big Fish","player_choice":"Banana","floor":10.0,"damage_taken":0.0},{"event_name":"Scrap Ooze","player_choice":"unsuccessful","floor":12.0,"damage_taken":0.0}],"is_beta":false,"boss_relics":[],"items_purged_floors":[],"is_endless":false,"potions_floor_spawned":[1,4,13],"killed_by":"Slime Boss","ascension_level":15}