{"gold_per_floor":[115,135,60,71,84,116,116,131,157,187,197,197],"floor_reached":12,"playtime":515,"items_purged":["Strike_R"],"score":199,"play_id":"73ed7dd1-4116-4b95-b410-3b98011e78ea","local_time":"20190420001604","is_ascension_mode":true,"campfire_choices":[{"floor":7,"key":"REST"}],"neow_cost":"NONE","seed_source_timestamp":659328778717900,"circlet_count":0,"master_deck":["AscendersBane","Strike_R","Strike_R","Strike_R","Strike_R","Defend_R","Defend_R","Defend_R","Defend_R","Bash","True Grit","Anger","Flex","Carnage"],"relics":["Burning Blood","Ancient Tea Set","Blood Vial","Orichalcum","Regal Pillow"],"potions_floor_usage":[6,10,10,11],"damage_taken":[{"damage":15,"enemies":"Cultist","floor":1,"turns":5},{"damage":7,"enemies":"2 Louse","floor":2,"turns":4},{"damage":5,"enemies":"Small Slimes","floor":4,"turns":3},{"damage":24,"enemies":"Exordium Thugs","floor":5,"turns":6},{"damage":27,"enemies":"Gremlin Nob","floor":6,"turns":4},{"damage":22,"enemies":"Large Slime","floor":8,"turns":6},{"damage":0,"enemies":"3 Sentries","floor":10,"turns":6},{"damage":28,"enemies":"Gremlin Gang","floor":11,"turns":5},{"damage":21,"enemies":"Exordium Thugs","floor":12,"turns":3}],"seed_played":"-4693161626192527899","potions_obtained":[{"floor":5,"key":"Poison Potion"},{"floor":6,"key":"EssenceOfSteel"},{"floor":8,"key":"PowerPotion"},{"floor":10,"key":"GamblersBrew"}],"is_trial":false,"path_per_floor":["M","M","$","M","M","E","R","M","T","E","M","M"],"character_chosen":"IRONCLAD","items_purchased":[],"campfire_rested":1,"item_purchase_floors":[],"current_hp_per_floor":[59,58,58,59,41,20,42,28,28,36,16,0],"gold":197,"neow_bonus":"RANDOM_COMMON_RELIC","is_prod":false,"is_daily":false,"chose_seed":false,"campfire_upgraded":0,"win_rate":0,"timestamp":1555708564,"path_taken":["M","?","$","M","M","E","R","M","T","E","M","M"],"build_version":"2019-01-23","purchased_purges":1,"victory":false,"max_hp_per_floor":[75,75,75,75,75,75,75,75,75,75,75,75],"card_choices":[{"not_picked":["Wild Strike","Flex"],"picked":"True Grit","floor":1},{"not_picked":["Perfected Strike","Headbutt"],"picked":"Anger","floor":2},{"not_picked":["Dual Wield","Anger"],"picked":"Flex","floor":4},{"not_picked":["Sentinel","Perfected Strike","Warcry"],"picked":"SKIP","floor":5},{"not_picked":["Ghostly Armor","True Grit"],"picked":"Carnage","floor":6},{"not_picked":["Anger","Infernal Blade","Metallicize"],"picked":"SKIP","floor":8},{"not_picked":["Twin Strike","Carnage","Brutality"],"picked":"SKIP","floor":10},{"not_picked":["Thunderclap","Bloodletting","Perfected Strike"],"picked":"SKIP","floor":11}],"player_experience":311273,"relics_obtained":[{"floor":6,"key":"Blood Vial"},{"floor":9,"key":"Orichalcum"},{"floor":10,"key":"Regal Pillow"}],"event_choices":[],"is_beta":false,"boss_relics":[],"items_purged_floors":[3],"is_endless":false,"potions_floor_spawned":[5,6,8,10],"killed_by":"Exordium Thugs","ascension_level":14}