{"gold_per_floor":[113,124,144,94,108,108,136,136,136,154,38,50,50,50,50,154,154,166,179,79,98,62,62,94,94,118,131,46,81,81,106,106,210,210,222,222,29,29,29],"floor_reached":40,"playtime":1911,"items_purged":["Strike_B","Hello World+1","Decay"],"score":672,"play_id":"ceaadda2-1319-4497-923a-37afa612681d","local_time":"20190423122551","is_ascension_mode":true,"campfire_choices":[{"data":"Glacier","floor":6,"key":"SMITH"},{"data":"Dualcast","floor":8,"key":"SMITH"},{"floor":15,"key":"REST"},{"data":"Lockon","floor":23,"key":"SMITH"},{"data":"Zap","floor":25,"key":"SMITH"},{"floor":32,"key":"REST"}],"neow_cost":"NONE","seed_source_timestamp":351190451120634,"circlet_count":0,"master_deck":["Strike_B+1","Defend_B+1","Defend_B+1","Defend_B","Defend_B","Zap+1","Dualcast+1","Glacier+1","Ball Lightning","Static Discharge+1","Force Field+1","Electrodynamics+1","Biased Cognition+1","Lockon+1","Storm+1","Self Repair+1","Capacitor+1","Biased Cognition+1","Redo+1","Defragment+1"],"relics":["Cracked Core","Orichalcum","Frozen Egg 2","Dodecahedron","Anchor","Inserter","Blue Candle","Bag of Marbles","War Paint","Mercury Hourglass","Omamori","Calling Bell","Pen Nib","Shuriken","Torii"],"potions_floor_usage":[],"damage_taken":[{"damage":0,"enemies":"Small Slimes","floor":1,"turns":3},{"damage":1,"enemies":"Jaw Worm","floor":2,"turns":3},{"damage":0,"enemies":"Cultist","floor":3,"turns":3},{"damage":0,"enemies":"2 Fungi Beasts","floor":5,"turns":4},{"damage":7,"enemies":"3 Sentries","floor":7,"turns":10},{"damage":4,"enemies":"3 Louse","floor":10,"turns":3},{"damage":2,"enemies":"Blue Slaver","floor":12,"turns":3},{"damage":30,"enemies":"Hexaghost","floor":16,"turns":5},{"damage":4,"enemies":"Spheric Guardian","floor":18,"turns":2},{"damage":0,"enemies":"Chosen","floor":19,"turns":3},{"damage":8,"enemies":"Shelled Parasite and Fungi","floor":21,"turns":4},{"damage":8,"enemies":"Slavers","floor":24,"turns":4},{"damage":0,"enemies":"3 Cultists","floor":27,"turns":2},{"damage":8,"enemies":"Gremlin Leader","floor":29,"turns":3},{"damage":1,"enemies":"Book of Stabbing","floor":31,"turns":3},{"damage":8,"enemies":"Automaton","floor":33,"turns":5},{"damage":0,"enemies":"3 Darklings","floor":35,"turns":2},{"damage":70,"enemies":"Time Eater","floor":39,"turns":9}],"seed_played":"6113116150556968144","potions_obtained":[{"floor":1,"key":"Ancient Potion"},{"floor":7,"key":"LiquidBronze"},{"floor":12,"key":"Energy Potion"},{"floor":19,"key":"FocusPotion"},{"floor":27,"key":"Explosive Potion"},{"floor":31,"key":"EssenceOfSteel"}],"is_trial":false,"path_per_floor":["M","M","M","?","M","R","E","R","T","M","$","M","?","?","R","B",null,"M","M","$","M","$","R","E","R","T","M","?","E","?","E","R","B",null,"M","?","$","?","B",null],"character_chosen":"DEFECT","items_purchased":["Hello World+1","Storm+1","Defragment+1"],"campfire_rested":2,"item_purchase_floors":[11,22,37],"current_hp_per_floor":[75,74,74,74,74,74,67,67,67,63,63,61,46,46,68,38,75,71,71,71,63,63,63,55,55,55,55,55,47,47,56,75,75,75,75,75,75,75,5],"gold":29,"neow_bonus":"RANDOM_COMMON_RELIC","is_prod":false,"is_daily":false,"chose_seed":false,"campfire_upgraded":4,"win_rate":0,"timestamp":1556015151,"path_taken":["M","M","M","?","M","R","E","R","T","M","$","M","?","?","R","BOSS","M","?","$","M","$","R","E","R","T","M","?","E","?","E","R","BOSS","M","?","$","?","BOSS"],"build_version":"2019-01-23","purchased_purges":3,"victory":true,"max_hp_per_floor":[75,75,75,75,75,75,75,75,75,75,75,75,75,75,75,75,75,75,75,75,75,75,75,75,75,75,75,75,75,75,75,75,75,75,75,75,75,75,75],"card_choices":[{"not_picked":["Darkness","Melter","Rebound"],"picked":"SKIP","floor":1},{"not_picked":["Barrage","Leap"],"picked":"Glacier","floor":2},{"not_picked":["Recycle","Compile Driver","Turbo"],"picked":"SKIP","floor":3},{"not_picked":["Gash","Sweeping Beam"],"picked":"Ball Lightning","floor":5},{"not_picked":["Ball Lightning","Conserve Battery"],"picked":"Static Discharge","floor":7},{"not_picked":["Coolheaded","Turbo"],"picked":"Force Field","floor":10},{"not_picked":["Barrage","Steam Power"],"picked":"Electrodynamics+1","floor":12},{"not_picked":["Reboot","Fission"],"picked":"Biased Cognition+1","floor":16},{"not_picked":["Stack","Steam"],"picked":"Lockon","floor":18},{"not_picked":["Leap","Beam Cell","Hologram"],"picked":"SKIP","floor":19},{"not_picked":["Streamline+1","Lockon","Ball Lightning+1"],"picked":"SKIP","floor":21},{"not_picked":["Ball Lightning","Hologram+1","Seek"],"picked":"SKIP","floor":24},{"not_picked":["Ball Lightning","Genetic Algorithm+1","Conserve Battery+1"],"picked":"SKIP","floor":27},{"not_picked":["Barrage","Hologram"],"picked":"Self Repair+1","floor":29},{"not_picked":["Force Field+1","Ball Lightning+1"],"picked":"Capacitor+1","floor":31},{"not_picked":["All For One","Hyperbeam"],"picked":"Biased Cognition+1","floor":33},{"not_picked":["Rip and Tear","Sweeping Beam+1"],"picked":"Redo+1","floor":35}],"player_experience":141336,"relics_obtained":[{"floor":7,"key":"Frozen Egg 2"},{"floor":9,"key":"Dodecahedron"},{"floor":24,"key":"Blue Candle"},{"floor":26,"key":"Bag of Marbles"},{"floor":29,"key":"Mercury Hourglass"},{"floor":31,"key":"Omamori"},{"floor":34,"key":"Pen Nib"},{"floor":34,"key":"Shuriken"},{"floor":34,"key":"Torii"}],"event_choices":[{"cards_removed":["Strike_B"],"damage_healed":0,"gold_gain":0,"player_choice":"Card Removal","damage_taken":0,"max_hp_gain":0,"max_hp_loss":0,"event_name":"The Cleric","floor":4,"gold_loss":50},{"damage_healed":0,"gold_gain":0,"player_choice":"Entered Light","damage_taken":15,"max_hp_gain":0,"max_hp_loss":0,"event_name":"Shining Light","floor":13,"gold_loss":0,"cards_upgraded":["Strike_B","Defend_B"]},{"damage_healed":0,"gold_gain":0,"player_choice":"Gave Potion","damage_taken":0,"relics_obtained":["Anchor"],"max_hp_gain":0,"max_hp_loss":0,"event_name":"WeMeetAgain","floor":14,"gold_loss":0},{"damage_healed":0,"gold_gain":0,"player_choice":"Obtained Relic","damage_taken":0,"relics_obtained":["War Paint"],"max_hp_gain":0,"max_hp_loss":0,"event_name":"Addict","floor":28,"gold_loss":85},{"damage_healed":0,"gold_gain":0,"player_choice":"Ignored","damage_taken":0,"max_hp_gain":0,"max_hp_loss":0,"event_name":"Ghosts","floor":30,"gold_loss":0},{"cards_removed":["Strike_B"],"damage_healed":0,"gold_gain":0,"player_choice":"Removed Attack","damage_taken":0,"max_hp_gain":0,"max_hp_loss":0,"event_name":"Falling","floor":36,"gold_loss":0},{"damage_healed":0,"gold_gain":0,"player_choice":"Took Portal","damage_taken":0,"max_hp_gain":0,"max_hp_loss":0,"event_name":"SecretPortal","floor":38,"gold_loss":0}],"is_beta":false,"boss_relics":[{"not_picked":["Runic Pyramid","Cursed Key"],"picked":"Inserter"},{"not_picked":["Nuclear Battery","Lizard Tail"],"picked":"Calling Bell"}],"items_purged_floors":[11,20,37],"is_endless":false,"potions_floor_spawned":[1,7,12,19,21,27,31],"ascension_level":1}