{"gold_per_floor":[110,110,110,133,161,173,213,225,260,272,294,326,355,386,398,484,496,519,548,578,61,61],"floor_reached":22,"playtime":1035,"items_purged":["Strike_B"],"score":333,"play_id":"25847aff-7ea8-4497-81af-e37b91b606af","local_time":"20181003203639","is_ascension_mode":true,"campfire_choices":[{"data":"Zap","floor":6.0,"key":"SMITH"},{"floor":8.0,"key":"REST"},{"floor":15,"key":"REST"}],"neow_cost":"NONE","seed_source_timestamp":131906073679525,"circlet_count":0,"master_deck":["Strike_B","Strike_B","Strike_B","Defend_B","Defend_B","Defend_B","Defend_B","Zap+1","Dualcast","AscendersBane","Cold Snap","Glacier","Static Discharge","Sweeping Beam","Ball Lightning","Hologram","Genetic Algorithm","Machine Learning","Leap","Glacier+1","Reinforced Body+1"],"special_seed":0,"relics":["Cracked Core","MawBank","Matryoshka","Omamori","Blood Vial","White Beast Statue","Meat on the Bone","ClockworkSouvenir"],"potions_floor_usage":[14,16,19,20],"damage_taken":[{"damage":5.0,"enemies":"Jaw Worm","floor":1.0,"turns":5.0},{"damage":2.0,"enemies":"2 Louse","floor":4.0,"turns":2.0},{"damage":0.0,"enemies":"Cultist","floor":5.0,"turns":3.0},{"damage":30.0,"enemies":"Gremlin Nob","floor":7.0,"turns":6.0},{"damage":0.0,"enemies":"Exordium Wildlife","floor":11.0,"turns":3.0},{"damage":18.0,"enemies":"Gremlin Gang","floor":12.0,"turns":3.0},{"damage":0,"enemies":"3 Louse","floor":13,"turns":4},{"damage":8,"enemies":"Lots of Slimes","floor":14,"turns":2},{"damage":36,"enemies":"Hexaghost","floor":16,"turns":9},{"damage":27,"enemies":"Spheric Guardian","floor":18,"turns":6},{"damage":25,"enemies":"3 Byrds","floor":19,"turns":3},{"damage":12,"enemies":"Centurion and Healer","floor":20,"turns":14},{"damage":19,"enemies":"Shelled Parasite and Fungi","floor":22,"turns":6}],"seed_played":"513520895992071012","potions_obtained":[{"floor":11.0,"key":"LiquidBronze"},{"floor":13,"key":"LiquidBronze"},{"floor":18,"key":"AttackPotion"},{"floor":19,"key":"Regen Potion"},{"floor":20,"key":"Dexterity Potion"}],"is_trial":false,"path_per_floor":["M","?","?","M","M","R","E","R","T","$","M","M","M","M","R","B",null,"M","M","M","$"],"character_chosen":"DEFECT","items_purchased":["Meat on the Bone","ClockworkSouvenir"],"campfire_rested":2,"item_purchase_floors":[21,21],"current_hp_per_floor":[59,59,59,57,57,57,27,48,48,48,50,34,36,30,51,17,58,33,10,15,15,0],"gold":61,"neow_bonus":"ONE_RANDOM_RARE_CARD","is_prod":false,"is_daily":false,"chose_seed":false,"campfire_upgraded":1,"win_rate":0,"timestamp":1538624199,"path_taken":["M","?","?","M","?","R","E","R","T","?","M","M","M","M","R","BOSS","M","M","M","$","M"],"build_version":"2018-09-27","purchased_purges":1,"victory":false,"max_hp_per_floor":[71,71,71,71,71,71,71,71,71,71,71,71,71,71,71,71,71,71,71,71,71,71],"card_choices":[{"not_picked":["Beam Cell","Compile Driver"],"picked":"Cold Snap","floor":1.0},{"not_picked":["Turbo","Steam"],"picked":"Glacier","floor":4.0},{"not_picked":["Lockon","Turbo"],"picked":"Static Discharge","floor":5.0},{"not_picked":["Gash","Conserve Battery"],"picked":"Sweeping Beam","floor":7.0},{"not_picked":["Rebound","Hologram","Stack"],"picked":"SKIP","floor":11.0},{"not_picked":["Glacier","Reinforced Body"],"picked":"Ball Lightning","floor":12.0},{"not_picked":["Barrage","Chill"],"picked":"Hologram","floor":13},{"not_picked":["Force Field","Fusion"],"picked":"Genetic Algorithm","floor":14},{"not_picked":["Hyperbeam","Rainbow"],"picked":"Machine Learning","floor":16},{"not_picked":["Sweeping Beam","Tempest"],"picked":"Leap","floor":18},{"not_picked":["Steam","Static Discharge"],"picked":"Glacier+1","floor":19},{"not_picked":["Force Field","Gash"],"picked":"Reinforced Body+1","floor":20}],"player_experience":1253629,"relics_obtained":[{"floor":7.0,"key":"Matryoshka"},{"floor":9.0,"key":"Omamori"},{"floor":9.0,"key":"Blood Vial"}],"event_choices":[{"event_name":"Scrap Ooze","player_choice":"unsuccessful","floor":2.0,"damage_taken":0.0},{"event_name":"WeMeetAgain","player_choice":"Card","floor":3.0,"damage_taken":0.0}],"is_beta":false,"boss_relics":[{"not_picked":["Empty Cage","Runic Pyramid"],"picked":"White Beast Statue"}],"items_purged_floors":[21],"is_endless":false,"potions_floor_spawned":[11,13,18,19,20],"killed_by":"Shelled Parasite and Fungi","ascension_level":15}