{"gold_per_floor":[113,123,123,136,136,136,148,148,173,185,185,185,185,218,218,292,292,308,3,3,3,3,3,19,19,19,49,49,65,78,88,88,165,165,176,176,78,89,99,99,99,115,115,115,115,128,128,139,139,139],"floor_reached":51,"playtime":1880,"items_purged":[],"score":1182,"play_id":"6a3ddb9a-944e-45ce-8310-4487aa39d5c6","local_time":"20181003220624","is_ascension_mode":true,"campfire_choices":[{"data":"Bash","floor":6.0,"key":"SMITH"},{"data":"Perfected Strike","floor":8.0,"key":"SMITH"},{"data":"Pommel Strike","floor":11.0,"key":"SMITH"},{"data":"Anger","floor":15.0,"key":"SMITH"},{"data":"Feel No Pain","floor":23.0,"key":"SMITH"},{"data":"Shrug It Off","floor":25.0,"key":"SMITH"},{"floor":32.0,"key":"REST"},{"floor":40.0,"key":"REST"},{"data":"Metallicize","floor":45.0,"key":"SMITH"},{"floor":47.0,"key":"REST"},{"floor":49.0,"key":"REST"}],"neow_cost":"PERCENT_DAMAGE","seed_source_timestamp":136071374809615,"circlet_count":0,"master_deck":["Strike_R+1","Strike_R+1","Strike_R+1","Strike_R+1","Defend_R+1","Defend_R+1","Defend_R+1","Defend_R+1","Bash+1","AscendersBane","Impervious","Pommel Strike+1","Perfected Strike+1","Battle Trance","Anger+1","Twin Strike","Shrug It Off+1","Feel No Pain+1","Wild Strike","Metallicize+1","Reckless Charge","Offering","Disarm","Pommel Strike","Writhe","Armaments+1","Spot Weakness+1","Seeing Red"],"special_seed":0,"relics":["Burning Blood","Red Skull","Smiling Mask","Centennial Puzzle","Blue Candle","Bag of Marbles","Black Star","Kunai","Dodecahedron","Ice Cream","Unceasing Top","Mercury Hourglass","Lizard Tail","Magic Flower"],"potions_floor_usage":[50,50],"damage_taken":[{"damage":7.0,"enemies":"Jaw Worm","floor":1.0,"turns":5.0},{"damage":1.0,"enemies":"Cultist","floor":2.0,"turns":4.0},{"damage":2.0,"enemies":"Small Slimes","floor":4.0,"turns":5.0},{"damage":9.0,"enemies":"Blue Slaver","floor":7.0,"turns":5.0},{"damage":0.0,"enemies":"Red Slaver","floor":10.0,"turns":4.0},{"damage":20.0,"enemies":"Lagavulin","floor":14.0,"turns":5.0},{"damage":11.0,"enemies":"Hexaghost","floor":16.0,"turns":7.0},{"damage":28.0,"enemies":"Shell Parasite","floor":18.0,"turns":4.0},{"damage":4.0,"enemies":"Chosen","floor":24.0,"turns":4.0},{"damage":16.0,"enemies":"Gremlin Leader","floor":27.0,"turns":7.0},{"damage":0.0,"enemies":"Centurion and Healer","floor":29.0,"turns":4.0},{"damage":0.0,"enemies":"Snake Plant","floor":30.0,"turns":2.0},{"damage":7.0,"enemies":"Snecko","floor":31.0,"turns":4.0},{"damage":55.0,"enemies":"Collector","floor":33.0,"turns":12.0},{"damage":4.0,"enemies":"3 Shapes","floor":35.0,"turns":5.0},{"damage":26.0,"enemies":"3 Darklings","floor":38.0,"turns":8.0},{"damage":24.0,"enemies":"Reptomancer","floor":39.0,"turns":8.0},{"damage":16.0,"enemies":"Sphere and 2 Shapes","floor":42.0,"turns":6.0},{"damage":0.0,"enemies":"Nemesis","floor":44.0,"turns":1.0},{"damage":23.0,"enemies":"Spire Growth","floor":46.0,"turns":7.0},{"damage":18.0,"enemies":"Reptomancer","floor":48.0,"turns":5.0},{"damage":65,"enemies":"Donu and Deca","floor":50,"turns":9}],"seed_played":"-1991951967642021887","potions_obtained":[{"floor":2.0,"key":"FearPotion"},{"floor":4.0,"key":"Poison Potion"},{"floor":7.0,"key":"SteroidPotion"},{"floor":14.0,"key":"Energy Potion"},{"floor":24.0,"key":"EssenceOfSteel"},{"floor":29.0,"key":"Fire Potion"},{"floor":30.0,"key":"PowerPotion"},{"floor":38.0,"key":"Fire Potion"},{"floor":39.0,"key":"PowerPotion"},{"floor":46.0,"key":"Fire Potion"},{"floor":48.0,"key":"PowerPotion"}],"is_trial":false,"path_per_floor":["M","M","?","M","?","R","M","R","T","M","R","T","T","E","R","B",null,"M","$","?","?","?","R","M","R","T","E","T","M","M","M","R","B",null,"M","?","$","M","M","R","?","M","T","E","R","M","R","M","R","B"],"character_chosen":"IRONCLAD","items_purchased":["Kunai","Shrug It Off","SmokeBomb"],"campfire_rested":4,"item_purchase_floors":[19,19,37],"current_hp_per_floor":[49,54,54,58,58,58,55,55,55,61,61,61,61,47,47,42,67,45,45,45,45,45,45,47,47,47,37,37,43,49,48,70,21,62,64,64,64,44,26,48,63,53,53,62,62,48,70,61,75,19],"gold":139,"neow_bonus":"THREE_RARE_CARDS","is_prod":false,"is_daily":false,"chose_seed":false,"campfire_upgraded":7,"win_rate":0,"timestamp":1538629584,"path_taken":["M","M","?","M","?","R","M","R","T","M","R","?","?","E","R","BOSS","M","$","?","?","?","R","?","R","T","E","?","M","M","M","R","BOSS","M","?","$","M","M","R","?","M","T","E","R","M","R","M","R","BOSS"],"build_version":"2018-09-27","purchased_purges":0,"victory":true,"max_hp_per_floor":[75,75,75,75,75,75,75,75,75,75,75,75,75,75,75,75,75,75,75,75,75,75,75,75,75,75,75,75,75,75,75,75,75,75,75,75,75,75,75,75,75,75,75,75,75,75,75,75,75,75],"card_choices":[{"not_picked":["Demon Form","Double Tap"],"picked":"Impervious","floor":0.0},{"not_picked":["Flex","Perfected Strike","Entrench"],"picked":"SKIP","floor":1.0},{"not_picked":["Warcry","Shrug It Off"],"picked":"Pommel Strike","floor":2.0},{"not_picked":["Havoc","Dual Wield","Clash"],"picked":"SKIP","floor":4.0},{"not_picked":["Heavy Blade","Seeing Red"],"picked":"Perfected Strike","floor":7.0},{"not_picked":["Seeing Red","Flex"],"picked":"Battle Trance","floor":10.0},{"not_picked":["Heavy Blade","Sword Boomerang"],"picked":"Anger","floor":14.0},{"not_picked":["Dark Embrace","Limit Break"],"picked":"Double Tap","floor":16.0},{"not_picked":["Sever Soul+1","Clothesline"],"picked":"Twin Strike","floor":18.0},{"not_picked":["Sentinel","Anger","True Grit"],"picked":"SKIP","floor":24.0},{"not_picked":["Dual Wield","Flex","Power Through"],"picked":"SKIP","floor":27.0},{"not_picked":["Rupture","Body Slam"],"picked":"Wild Strike","floor":29.0},{"not_picked":["Twin Strike","Inflame"],"picked":"Metallicize","floor":30.0},{"not_picked":["Sever Soul","Headbutt"],"picked":"Reckless Charge","floor":31.0},{"not_picked":["Double Tap","Brutality"],"picked":"Offering","floor":33.0},{"not_picked":["True Grit","Heavy Blade+1"],"picked":"Disarm","floor":35.0},{"not_picked":["Sword Boomerang+1","Pummel","Combust+1"],"picked":"SKIP","floor":38.0},{"not_picked":["Thunderclap+1","Shrug It Off+1"],"picked":"Pommel Strike","floor":39.0},{"not_picked":["True Grit","Dropkick"],"picked":"Armaments+1","floor":42.0},{"not_picked":["Wild Strike","Heavy Blade"],"picked":"Spot Weakness+1","floor":46.0},{"not_picked":["Combust+1","Sentinel"],"picked":"Seeing Red","floor":48.0}],"player_experience":1257061,"relics_obtained":[{"floor":9.0,"key":"Smiling Mask"},{"floor":12.0,"key":"Centennial Puzzle"},{"floor":13.0,"key":"Blue Candle"},{"floor":14.0,"key":"Bag of Marbles"},{"floor":26.0,"key":"Dodecahedron"},{"floor":27.0,"key":"Ice Cream"},{"floor":27.0,"key":"Unceasing Top"},{"floor":28.0,"key":"Mercury Hourglass"},{"floor":43.0,"key":"Magic Flower"}],"event_choices":[{"event_name":"Purifier","player_choice":"One Purge","floor":3.0,"damage_taken":0.0},{"event_name":"WeMeetAgain","player_choice":"Potion","floor":5.0,"damage_taken":0.0},{"event_name":"Back to Basics","player_choice":"Simplicity","floor":20.0,"damage_taken":0.0},{"event_name":"Transmorgrifier","player_choice":"Transform","floor":21.0,"damage_taken":0.0},{"event_name":"Beggar","player_choice":"Ignored","floor":22.0,"damage_taken":0.0},{"event_name":"SensoryStone","player_choice":"Memory 1","floor":36.0,"damage_taken":0.0},{"event_name":"Winding Halls","player_choice":"Writhe","floor":41.0,"damage_taken":0.0}],"is_beta":false,"boss_relics":[{"not_picked":["Runic Dome","Runic Cube"],"picked":"Black Star"},{"not_picked":["Astrolabe","Empty Cage"],"picked":"Lizard Tail"}],"items_purged_floors":[],"is_endless":false,"potions_floor_spawned":[2,4,7,14,24,29,30,38,39,46,48],"ascension_level":15}