{"gold_per_floor":[115,115,127,147,147,147,164,164,164,198,216,246,258,285,297,383,395,418,430,453,497,509,549,561,109,109,109,144,144,159,171,171,246,246,260,5,5,16,28,59,72,105,105,121,121,121,155,205,205,205],"floor_reached":51,"playtime":2638,"items_purged":[],"score":1424,"play_id":"29241e61-1b7d-4d59-ad6a-dcba9febc077","local_time":"20181228104548","is_ascension_mode":true,"campfire_choices":[{"data":"Streamline","floor":6.0,"key":"SMITH"},{"data":"Zap","floor":8.0,"key":"SMITH"},{"floor":15.0,"key":"REST"},{"floor":24.0,"key":"REST"},{"floor":27.0,"key":"REST"},{"floor":29.0,"key":"REST"},{"floor":32.0,"key":"REST"},{"floor":45.0,"key":"REST"},{"floor":49.0,"key":"REST"}],"neow_cost":"NONE","seed_source_timestamp":6040305848020,"circlet_count":0,"master_deck":["AscendersBane","Zap+1","Sweeping Beam","Streamline+1","Steam","Cold Snap","Genetic Algorithm","Reinforced Body","Chill","Rainbow","Hello World+1","Recycle","Storm+1","Ball Lightning","Hologram+1","Ball Lightning","Conserve Battery+1","FTL","Biased Cognition+1","Biased Cognition+1","Turbo+1","Go for the Eyes","Loop+1","Clumsy","Leap+1","Ball Lightning+1","Hello World+1"],"special_seed":0,"relics":["Cracked Core","FossilizedHelix","Frozen Egg 2","MawBank","Pocketwatch","Pandora\u0027s Box","Red Mask","Ornamental Fan","Chemical X","War Paint","Kunai","Strawberry","Cursed Key","Question Card","Cables","The Courier","Sundial","Bronze Scales","Unceasing Top"],"potions_floor_usage":[50],"damage_taken":[{"damage":6.0,"enemies":"Cultist","floor":1.0,"turns":5.0},{"damage":4.0,"enemies":"2 Louse","floor":3.0,"turns":2.0},{"damage":0.0,"enemies":"Small Slimes","floor":4.0,"turns":3.0},{"damage":13.0,"enemies":"Red Slaver","floor":7.0,"turns":4.0},{"damage":10.0,"enemies":"Lagavulin","floor":10.0,"turns":6.0},{"damage":0.0,"enemies":"Looter","floor":11.0,"turns":2.0},{"damage":24.0,"enemies":"Gremlin Nob","floor":12.0,"turns":4.0},{"damage":11.0,"enemies":"Exordium Thugs","floor":14.0,"turns":3.0},{"damage":0.0,"enemies":"Slime Boss","floor":16.0,"turns":9.0},{"damage":6.0,"enemies":"Chosen","floor":18.0,"turns":4.0},{"damage":1.0,"enemies":"Shell Parasite","floor":20.0,"turns":4.0},{"damage":42.0,"enemies":"Masked Bandits","floor":21.0,"turns":6.0},{"damage":30.0,"enemies":"Book of Stabbing","floor":23.0,"turns":5.0},{"damage":14.0,"enemies":"Slavers","floor":28.0,"turns":6.0},{"damage":4.0,"enemies":"Shelled Parasite and Fungi","floor":30.0,"turns":5.0},{"damage":8.0,"enemies":"Snake Plant","floor":31.0,"turns":3.0},{"damage":20.0,"enemies":"Collector","floor":33.0,"turns":11.0},{"damage":0.0,"enemies":"3 Darklings","floor":35.0,"turns":4.0},{"damage":6.0,"enemies":"3 Shapes","floor":38.0,"turns":4.0},{"damage":0.0,"enemies":"3 Darklings","floor":39.0,"turns":6.0},{"damage":13.0,"enemies":"Giant Head","floor":40.0,"turns":10.0},{"damage":0.0,"enemies":"Maw","floor":41.0,"turns":6.0},{"damage":19.0,"enemies":"Reptomancer","floor":42.0,"turns":6.0},{"damage":0.0,"enemies":"4 Shapes","floor":44.0,"turns":3.0},{"damage":24.0,"enemies":"Giant Head","floor":47.0,"turns":9.0},{"damage":12.0,"enemies":"2 Orb Walkers","floor":48.0,"turns":5.0},{"damage":33,"enemies":"Donu and Deca","floor":50,"turns":8}],"seed_played":"-3661630700916088826","potions_obtained":[{"floor":3.0,"key":"Fire Potion"},{"floor":10.0,"key":"LiquidBronze"},{"floor":16.0,"key":"Weak Potion"},{"floor":21.0,"key":"PowerPotion"},{"floor":28.0,"key":"Weak Potion"},{"floor":33.0,"key":"Fruit Juice"},{"floor":39.0,"key":"Block Potion"},{"floor":40.0,"key":"SkillPotion"},{"floor":48.0,"key":"Strength Potion"}],"is_trial":false,"path_per_floor":["M","?","M","M","?","R","M","R","T","E","M","E","?","M","R","B",null,"M","?","M","?","?","E","R","$","T","R","E","R","M","M","R","B",null,"M","$","?","M","M","E","M","E","T","M","R","?","E","?","R","B",null],"character_chosen":"DEFECT","items_purchased":["Conserve Battery","Chemical X","War Paint","FTL","Question Card"],"campfire_rested":7,"item_purchase_floors":[25,25,25,25,36],"current_hp_per_floor":[65,65,61,61,61,61,48,48,48,38,38,14,14,3,26,26,65,59,78,77,35,35,5,28,28,28,51,44,69,65,57,82,62,79,79,79,79,73,78,65,65,46,46,46,73,73,49,37,62,29],"gold":205,"neow_bonus":"TEN_PERCENT_HP_BONUS","is_prod":false,"is_daily":false,"chose_seed":false,"campfire_upgraded":2,"win_rate":0,"timestamp":1546022748,"path_taken":["M","?","M","M","?","R","M","R","T","E","?","E","?","?","R","BOSS","M","?","?","?","?","E","R","$","T","R","E","R","M","M","R","BOSS","M","$","?","M","M","E","M","E","T","?","R","?","E","?","R","BOSS"],"build_version":"2018-12-20","purchased_purges":0,"victory":true,"max_hp_per_floor":[78,78,78,78,78,78,78,78,78,78,78,78,78,78,78,78,78,78,78,78,78,78,78,78,78,78,78,85,85,85,85,85,85,85,85,85,85,85,90,90,90,90,90,90,90,85,85,85,85,85],"card_choices":[{"not_picked":["Redo","Steam"],"picked":"Sweeping Beam","floor":1.0},{"not_picked":["Hologram","Gash"],"picked":"Streamline","floor":3.0},{"not_picked":["Fusion","Blizzard","Beam Cell"],"picked":"SKIP","floor":4.0},{"not_picked":["Double Energy","Rip and Tear"],"picked":"Steam","floor":7.0},{"not_picked":["Sweeping Beam","Blizzard"],"picked":"Cold Snap","floor":10.0},{"not_picked":["Melter","Undo"],"picked":"Genetic Algorithm","floor":11.0},{"not_picked":["Gash","Undo"],"picked":"Reinforced Body","floor":12.0},{"not_picked":["Barrage","Sweeping Beam"],"picked":"Chill","floor":14.0},{"not_picked":["Seek","Amplify"],"picked":"Rainbow","floor":16.0},{"not_picked":["Streamline","Rebound","Hologram"],"picked":"SKIP","floor":18.0},{"not_picked":["Leap","Melter+1"],"picked":"Ball Lightning","floor":20.0},{"not_picked":["Aggregate","Lockon","Gash"],"picked":"SKIP","floor":23.0},{"not_picked":["FTL","Beam Cell+1"],"picked":"Biased Cognition+1","floor":28.0},{"not_picked":["Stack","Sweeping Beam","Gash"],"picked":"SKIP","floor":30.0},{"not_picked":["Steam Power","Stack","Coolheaded"],"picked":"SKIP","floor":31.0},{"not_picked":["Amplify","Multi-Cast"],"picked":"Biased Cognition+1","floor":33.0},{"not_picked":["Coolheaded","Stack","Cold Snap"],"picked":"SKIP","floor":35.0},{"not_picked":["Storm+1","Double Energy","Redo"],"picked":"Turbo+1","floor":38.0},{"not_picked":["Scrape","Double Energy+1","Coolheaded","Sweeping Beam"],"picked":"SKIP","floor":39.0},{"not_picked":["Ball Lightning","Stack+1","Hyperbeam"],"picked":"Go for the Eyes","floor":40.0},{"not_picked":["Go for the Eyes","Sweeping Beam","Hologram","Turbo"],"picked":"SKIP","floor":41.0},{"not_picked":["Steam+1","Heatsinks+1","Chaos+1"],"picked":"Loop+1","floor":42.0},{"not_picked":["Compile Driver","Heatsinks+1","Hologram+1"],"picked":"Leap+1","floor":44.0},{"not_picked":["Go for the Eyes","Barrage","Stack"],"picked":"Ball Lightning+1","floor":47.0},{"not_picked":["Rip and Tear","Cold Snap","Redo"],"picked":"Hello World+1","floor":48.0}],"player_experience":1902902,"relics_obtained":[{"floor":9.0,"key":"FossilizedHelix"},{"floor":10.0,"key":"Frozen Egg 2"},{"floor":12.0,"key":"MawBank"},{"floor":13.0,"key":"Pocketwatch"},{"floor":21.0,"key":"Red Mask"},{"floor":23.0,"key":"Ornamental Fan"},{"floor":26.0,"key":"Kunai"},{"floor":28.0,"key":"Strawberry"},{"floor":40.0,"key":"Cables"},{"floor":42.0,"key":"The Courier"},{"floor":43.0,"key":"Sundial"},{"floor":47.0,"key":"Bronze Scales"},{"floor":48.0,"key":"Unceasing Top"}],"event_choices":[{"damage_healed":0.0,"max_hp_gain":0.0,"max_hp_loss":0.0,"gold_gain":0.0,"event_name":"The Cleric","player_choice":"Leave","floor":2.0,"gold_loss":0.0,"damage_taken":0.0},{"cards_removed":["Strike_B"],"damage_healed":0.0,"max_hp_gain":0.0,"max_hp_loss":0.0,"gold_gain":0.0,"event_name":"Purifier","player_choice":"Purged","floor":5.0,"gold_loss":0.0,"damage_taken":0.0},{"damage_healed":0.0,"max_hp_gain":0.0,"max_hp_loss":0.0,"gold_gain":0.0,"event_name":"Wheel of Change","player_choice":"Relic","floor":13.0,"gold_loss":0.0,"damage_taken":0.0},{"cards_removed":["Double Energy"],"damage_healed":19.0,"max_hp_gain":0.0,"max_hp_loss":0.0,"gold_gain":0.0,"event_name":"Bonfire Elementals","player_choice":"Offered Uncommon","floor":19.0,"gold_loss":0.0,"damage_taken":0.0},{"damage_healed":0.0,"max_hp_gain":0.0,"max_hp_loss":0.0,"gold_gain":0.0,"event_name":"Masked Bandits","player_choice":"Fought Bandits","floor":21.0,"gold_loss":0.0,"damage_taken":0.0},{"cards_removed":["Skim"],"damage_healed":0.0,"max_hp_gain":0.0,"max_hp_loss":0.0,"gold_gain":0.0,"event_name":"Back to Basics","player_choice":"Elegance","floor":22.0,"gold_loss":0.0,"damage_taken":0.0},{"cards_removed":["Dualcast"],"damage_healed":0.0,"max_hp_gain":0.0,"max_hp_loss":0.0,"gold_gain":0.0,"event_name":"Purifier","player_choice":"Purged","floor":37.0,"gold_loss":0.0,"damage_taken":0.0},{"damage_healed":0.0,"max_hp_gain":0.0,"max_hp_loss":5.0,"gold_gain":0.0,"event_name":"Winding Halls","player_choice":"Max HP","floor":46.0,"gold_loss":0.0,"damage_taken":0.0},{"damage_healed":0.0,"max_hp_gain":0.0,"max_hp_loss":0.0,"gold_gain":0.0,"event_name":"Mysterious Sphere","player_choice":"Fight","floor":48.0,"gold_loss":0.0,"damage_taken":0.0}],"is_beta":false,"boss_relics":[{"not_picked":["FrozenCore","Velvet Choker"],"picked":"Pandora\u0027s Box"},{"not_picked":["Nuclear Battery","Astrolabe"],"picked":"Cursed Key"}],"items_purged_floors":[],"is_endless":false,"potions_floor_spawned":[3,10,11,16,21,28,33,39,40,48],"ascension_level":15}