{"gold_per_floor":[215,65,65,65,75,75,91,91,168,202,215,228,228,268,268,268],"floor_reached":16,"playtime":610,"items_purged":["Strike_B"],"score":149,"play_id":"662af449-8a76-4514-9612-0396842385b2","local_time":"20180927004349","is_ascension_mode":true,"campfire_choices":[{"data":"Defragment","floor":6,"key":"SMITH"},{"data":"Zap","floor":8,"key":"SMITH"},{"data":"Go for the Eyes","floor":15,"key":"SMITH"}],"neow_cost":"NONE","seed_source_timestamp":11322375034639,"circlet_count":0,"master_deck":["Strike_B","Strike_B","Strike_B","Defend_B","Defend_B","Defend_B","Defend_B","Zap+1","Dualcast","Go for the Eyes+1","Capacitor","Defragment+1","Stack","Auto Shields","Force Field","Hologram","Injury","Steam"],"relics":["Cracked Core","WarpedTongs","Sundial","Singing Bowl","Golden Idol","Bottled Tornado"],"potions_floor_usage":[12,14,16],"damage_taken":[{"damage":3,"enemies":"Small Slimes","floor":1,"turns":3},{"damage":0,"enemies":"Cultist","floor":5,"turns":3},{"damage":0,"enemies":"2 Louse","floor":7,"turns":3},{"damage":33,"enemies":"3 Sentries","floor":10,"turns":8},{"damage":0,"enemies":"Large Slime","floor":11,"turns":6},{"damage":5,"enemies":"Gremlin Gang","floor":12,"turns":4},{"damage":16,"enemies":"Lagavulin","floor":14,"turns":8},{"damage":22,"enemies":"Slime Boss","floor":16,"turns":6}],"seed_played":"2970330523185823962","potions_obtained":[{"floor":10,"key":"GamblersBrew"},{"floor":12,"key":"Regen Potion"},{"floor":14,"key":"Block Potion"}],"is_trial":false,"path_per_floor":["M","$","?","?","M","R","M","R","T","E","M","M","?","E","R"],"character_chosen":"DEFECT","items_purchased":["Capacitor"],"campfire_rested":0,"item_purchase_floors":[2],"current_hp_per_floor":[65,65,65,58,58,58,58,58,58,25,25,20,20,19,19,0],"gold":268,"neow_bonus":"HUNDRED_GOLD","is_prod":false,"is_daily":false,"chose_seed":false,"campfire_upgraded":3,"win_rate":0,"timestamp":1538001829,"path_taken":["M","$","?","?","M","R","M","R","T","E","M","?","?","E","R","BOSS"],"build_version":"2018-09-20","purchased_purges":1,"victory":false,"max_hp_per_floor":[75,75,75,75,75,75,75,75,75,75,75,75,75,75,75,75],"card_choices":[{"not_picked":["Ball Lightning","Coolheaded"],"picked":"Go for the Eyes","floor":1},{"not_picked":["FTL","Go for the Eyes"],"picked":"Defragment","floor":5},{"not_picked":["Gash","FTL"],"picked":"Stack","floor":7},{"not_picked":["Meteor Strike","Steam"],"picked":"Auto Shields","floor":10},{"not_picked":["Undo","Coolheaded"],"picked":"Force Field","floor":11},{"not_picked":["Gash","Compile Driver"],"picked":"Hologram","floor":12},{"not_picked":["Darkness","Genetic Algorithm"],"picked":"Steam","floor":14}],"player_experience":269482,"relics_obtained":[{"floor":9,"key":"Sundial"},{"floor":10,"key":"Singing Bowl"},{"floor":14,"key":"Bottled Tornado"}],"event_choices":[{"event_name":"Accursed Blacksmith","player_choice":"Rummage","floor":3,"damage_taken":0},{"event_name":"Golden Wing","player_choice":"Card Removal","floor":4,"damage_taken":0},{"event_name":"Golden Idol","player_choice":"Take Wound","floor":13,"damage_taken":0}],"is_beta":false,"boss_relics":[],"items_purged_floors":[2],"is_endless":false,"potions_floor_spawned":[10,12,14],"killed_by":"Slime Boss","ascension_level":7}