{"gold_per_floor":[361,361,40,54,70,101,101,26,50,50,61,61,61,61,61,140,140,155,55,71,103,103,135,155,155,155,173,48,48,48,48,48,122,122,139,91,106,126,126,158,176,26,49,77,89,111,150,162,174,186,198,210,151,184,184],"floor_reached":56,"playtime":2610,"items_purged":["Strike_R","Strike_R","Strike_R","Blood for Blood"],"score":2121,"play_id":"afef9594-fe2b-4f4e-b02d-67762c96fd12","local_time":"20190331012232","is_ascension_mode":true,"campfire_choices":[{"data":"Armaments","floor":7,"key":"SMITH"},{"data":"True Grit","floor":10,"key":"SMITH"},{"data":"Bash","floor":15,"key":"SMITH"},{"data":"True Grit","floor":30,"key":"SMITH"},{"data":"Ghostly","floor":32,"key":"SMITH"},{"floor":49,"key":"RECALL"},{"data":"Evolve","floor":52,"key":"SMITH"}],"neow_cost":"PERCENT_DAMAGE","seed_source_timestamp":0,"circlet_count":0,"master_deck":["AscendersBane","Bash+1","Dropkick+1","Evolve+1","Armaments+1","Dropkick","True Grit+1","Pommel Strike+1","Immolate","Ghostly+1","Ghostly","Ghostly","True Grit+1","Dark Embrace","Pummel","Feed","Shockwave","Fiend Fire","Master of Strategy","Rage"],"relics":["Burning Blood","PreservedInsect","Boot","Orichalcum","Coffee Dripper","Red Mask","Meat on the Bone","Pandora\u0027s Box","Charon\u0027s Ashes","Whetstone","MawBank","Strawberry","Sundial"],"potions_floor_usage":[6,16,16,35,41,50,55],"damage_taken":[{"damage":2,"enemies":"2 Louse","floor":1,"turns":4},{"damage":6,"enemies":"Cultist","floor":4,"turns":3},{"damage":7,"enemies":"Jaw Worm","floor":5,"turns":2},{"damage":15,"enemies":"Lagavulin","floor":6,"turns":5},{"damage":3,"enemies":"Blue Slaver","floor":11,"turns":5},{"damage":28,"enemies":"Hexaghost","floor":16,"turns":8},{"damage":17,"enemies":"Chosen","floor":18,"turns":5},{"damage":19,"enemies":"3 Byrds","floor":20,"turns":5},{"damage":16,"enemies":"Masked Bandits","floor":21,"turns":4},{"damage":21,"enemies":"Book of Stabbing","floor":23,"turns":5},{"damage":10,"enemies":"Snake Plant","floor":24,"turns":4},{"damage":3,"enemies":"Centurion and Healer","floor":27,"turns":5},{"damage":24,"enemies":"Champ","floor":33,"turns":8},{"damage":0,"enemies":"Orb Walker","floor":35,"turns":3},{"damage":3,"enemies":"3 Shapes","floor":37,"turns":2},{"damage":0,"enemies":"Maw","floor":38,"turns":4},{"damage":9,"enemies":"Nemesis","floor":40,"turns":3},{"damage":10,"enemies":"4 Shapes","floor":41,"turns":4},{"damage":0,"enemies":"Giant Head","floor":44,"turns":3},{"damage":4,"enemies":"Writhing Mass","floor":46,"turns":4},{"damage":0,"enemies":"Nemesis","floor":47,"turns":7},{"damage":16,"enemies":"Donu and Deca","floor":50,"turns":5},{"damage":0,"enemies":"Shield and Spear","floor":54,"turns":4},{"damage":32,"enemies":"The Heart","floor":55,"turns":7}],"seed_played":"-8273351590062486196","potions_obtained":[{"floor":4,"key":"SteroidPotion"},{"floor":5,"key":"AttackPotion"},{"floor":6,"key":"LiquidBronze"},{"floor":27,"key":"Explosive Potion"},{"floor":33,"key":"AttackPotion"},{"floor":37,"key":"GamblersBrew"},{"floor":41,"key":"BloodPotion"}],"is_trial":false,"path_per_floor":["M","?","$","M","M","E","R","$","T","R","M","?","?","?","R","B",null,"M","$","M","?","?","E","M","?","T","M","$","?","R","$","R","B",null,"M","$","M","M","?","E","M","$","T","E","?","M","E","?","R","B",null,"R","$","E","B",null],"character_chosen":"IRONCLAD","items_purchased":["PreservedInsect","Dropkick","Evolve","Armaments","Energy Potion","GamblersBrew"],"campfire_rested":0,"item_purchase_floors":[3,3,3,3,36,53],"current_hp_per_floor":[54,75,75,75,74,65,65,65,65,65,68,45,45,45,45,23,62,51,51,38,28,28,13,21,21,21,36,36,36,36,36,36,30,35,37,37,40,43,33,30,41,41,41,46,46,49,60,57,57,47,55,55,55,57,39],"gold":184,"neow_bonus":"TWO_FIFTY_GOLD","is_prod":false,"is_daily":false,"chose_seed":true,"campfire_upgraded":6,"win_rate":0,"timestamp":1553966552,"path_taken":["M","?","?","M","?","E","R","$","T","R","M","?","?","?","R","BOSS","M","$","M","?","?","E","M","?","T","?","$","?","R","?","R","BOSS","M","$","M","?","?","E","M","$","T","E","?","?","E","?","R","BOSS","R","$","E","BOSS"],"build_version":"2019-01-23","purchased_purges":4,"victory":true,"max_hp_per_floor":[75,75,75,75,75,75,75,75,75,75,75,75,75,75,75,75,75,75,75,75,75,75,75,75,37,37,37,37,37,37,37,37,37,37,37,37,40,43,43,43,46,46,46,46,46,49,60,57,57,57,57,57,57,57,60],"card_choices":[{"not_picked":["Clothesline","Hemokinesis"],"picked":"Second Wind","floor":1},{"not_picked":["Havoc","Twin Strike"],"picked":"Dropkick","floor":4},{"not_picked":["Corruption","Body Slam","Shockwave"],"picked":"SKIP","floor":5},{"not_picked":["Armaments","Cleave"],"picked":"True Grit","floor":6},{"not_picked":["Thunderclap","Havoc","Wild Strike"],"picked":"SKIP","floor":11},{"not_picked":["Thunderclap","Havoc","Wild Strike"],"picked":"SKIP","floor":11},{"not_picked":["Thunderclap","Havoc","Wild Strike"],"picked":"SKIP","floor":11},{"not_picked":["Berserk","Bludgeon"],"picked":"Immolate","floor":16},{"not_picked":["Armaments","Cleave","Headbutt"],"picked":"SKIP","floor":18},{"not_picked":["Entrench","Iron Wave","Clash"],"picked":"SKIP","floor":20},{"not_picked":["Headbutt","Fire Breathing","Heavy Blade"],"picked":"SKIP","floor":23},{"not_picked":["Headbutt","Fire Breathing","Heavy Blade"],"picked":"SKIP","floor":23},{"not_picked":["Wild Strike","Heavy Blade+1","Shrug It Off"],"picked":"SKIP","floor":24},{"not_picked":["Metallicize","Spot Weakness","Battle Trance"],"picked":"SKIP","floor":27},{"not_picked":["Metallicize","Spot Weakness","Battle Trance"],"picked":"SKIP","floor":27},{"not_picked":["Brutality","Reaper"],"picked":"Dark Embrace","floor":33},{"not_picked":["Dual Wield","Flex","Thunderclap"],"picked":"SKIP","floor":35},{"not_picked":["Sword Boomerang","Inflame","Flame Barrier+1"],"picked":"SKIP","floor":37},{"not_picked":["Sword Boomerang","Inflame","Flame Barrier+1"],"picked":"SKIP","floor":37},{"not_picked":["Sword Boomerang+1","Flex","Pommel Strike"],"picked":"SKIP","floor":38},{"not_picked":["Panacea","Panache"],"picked":"Master of Strategy","floor":39},{"not_picked":["Warcry","Wild Strike","Heavy Blade"],"picked":"SKIP","floor":40},{"not_picked":["Sword Boomerang+1","Dual Wield+1","Flex"],"picked":"SKIP","floor":41},{"not_picked":["Pommel Strike","Combust"],"picked":"Rage","floor":44},{"not_picked":["Body Slam","Shockwave","Thunderclap"],"picked":"SKIP","floor":46},{"not_picked":["Corruption","Shrug It Off","Spot Weakness"],"picked":"SKIP","floor":47},{"not_picked":["Thunderclap","Reaper","Anger+1"],"picked":"SKIP","floor":54}],"player_experience":2906669,"relics_obtained":[{"floor":6,"key":"Boot"},{"floor":9,"key":"Orichalcum"},{"floor":21,"key":"Red Mask"},{"floor":23,"key":"Meat on the Bone"},{"floor":40,"key":"Charon\u0027s Ashes"},{"floor":43,"key":"Whetstone"},{"floor":44,"key":"MawBank"},{"floor":47,"key":"Strawberry"},{"floor":54,"key":"Sundial"}],"event_choices":[{"cards_removed":["Second Wind"],"damage_healed":21,"gold_gain":0,"player_choice":"Offered Uncommon","damage_taken":0,"max_hp_gain":0,"max_hp_loss":0,"event_name":"Bonfire Elementals","floor":2,"gold_loss":0},{"damage_healed":0,"gold_gain":0,"player_choice":"Entered Light","damage_taken":23,"max_hp_gain":0,"max_hp_loss":0,"event_name":"Shining Light","floor":12,"gold_loss":0,"cards_upgraded":["Strike_R","Defend_R"]},{"damage_healed":0,"gold_gain":0,"cards_transformed":["Strike_R"],"player_choice":"Change","damage_taken":0,"max_hp_gain":0,"max_hp_loss":0,"event_name":"Living Wall","floor":13,"gold_loss":0,"cards_obtained":["Pommel Strike"]},{"damage_healed":0,"gold_gain":0,"player_choice":"Leave","damage_taken":0,"max_hp_gain":0,"max_hp_loss":0,"event_name":"The Cleric","floor":14,"gold_loss":0},{"damage_healed":0,"gold_gain":0,"player_choice":"Fought Bandits","damage_taken":0,"max_hp_gain":0,"max_hp_loss":0,"event_name":"Masked Bandits","floor":21,"gold_loss":0},{"damage_healed":0,"gold_gain":0,"player_choice":"Ignored","damage_taken":0,"max_hp_gain":0,"max_hp_loss":0,"event_name":"Vampires","floor":22,"gold_loss":0},{"damage_healed":0,"gold_gain":0,"player_choice":"Became a Ghost","damage_taken":0,"max_hp_gain":0,"max_hp_loss":38,"event_name":"Ghosts","floor":25,"gold_loss":0,"cards_obtained":["Ghostly","Ghostly","Ghostly"]},{"damage_healed":0,"gold_gain":0,"player_choice":"Read","damage_taken":0,"max_hp_gain":0,"max_hp_loss":0,"event_name":"The Library","floor":29,"gold_loss":0,"cards_obtained":["True Grit"]},{"damage_healed":0,"gold_gain":0,"player_choice":"Memory 3","damage_taken":10,"max_hp_gain":0,"max_hp_loss":0,"event_name":"SensoryStone","floor":39,"gold_loss":0},{"damage_healed":0,"gold_gain":0,"player_choice":"0 cards matched","damage_taken":0,"max_hp_gain":0,"max_hp_loss":0,"event_name":"Match and Keep!","floor":45,"gold_loss":0,"cards_obtained":[]},{"damage_healed":0,"gold_gain":0,"player_choice":"Max HP","damage_taken":0,"max_hp_gain":0,"max_hp_loss":3,"event_name":"Winding Halls","floor":48,"gold_loss":0}],"is_beta":false,"boss_relics":[{"not_picked":["Eternal Feather","Mark of Pain"],"picked":"Coffee Dripper"},{"not_picked":["White Beast Statue","Sozu"],"picked":"Pandora\u0027s Box"}],"items_purged_floors":[8,19,28,42],"is_endless":false,"potions_floor_spawned":[4,5,6,27,33,37,40,41,54],"ascension_level":15}