{"gold_per_floor":[365,384,402,34,54,85,85,85,85,111,36,36,67,78,78,78],"floor_reached":16,"playtime":638,"items_purged":[],"score":228,"play_id":"f5af16c6-2022-4ede-9c63-fe3027bbd4f0","local_time":"25620106014227","is_ascension_mode":true,"campfire_choices":[{"data":"infinitespire:OneForAll","floor":7.0,"key":"SMITH"},{"data":"Spot Weakness","floor":12.0,"key":"SMITH"},{"data":"Bash","floor":15.0,"key":"SMITH"}],"neow_cost":"TEN_PERCENT_HP_LOSS","seed_source_timestamp":45813425175920,"circlet_count":0,"master_deck":["AscendersBane","Strike_R","Strike_R","Strike_R","Strike_R","Defend_R","Defend_R","Defend_R","Defend_R","Bash+1","Wild Strike+1","True Grit+1","Shrug It Off","Spot Weakness+1","infinitespire:OneForAll+1","Clothesline","Pummel","Dropkick"],"special_seed":0,"relics":["Burning Blood","Guide Book","Baseball","ReplayTheSpireMod:TigerMarble","hubris:ToyBattleship","Art of War","Matryoshka"],"potions_floor_usage":[],"damage_taken":[{"damage":7.0,"enemies":"Small Slimes","floor":1.0,"turns":4.0},{"damage":8.0,"enemies":"2 Louse","floor":2.0,"turns":3.0},{"damage":2.0,"enemies":"Jaw Worm","floor":3.0,"turns":6.0},{"damage":8.0,"enemies":"Exordium Wildlife","floor":5.0,"turns":4.0},{"damage":27.0,"enemies":"Lagavulin","floor":6.0,"turns":6.0},{"damage":32.0,"enemies":"Gremlin Nob","floor":10.0,"turns":4.0},{"damage":20.0,"enemies":"Lagavulin","floor":13.0,"turns":6.0},{"damage":2.0,"enemies":"Large Slime","floor":14.0,"turns":6.0},{"damage":0,"enemies":"Slime Boss","floor":16,"turns":1}],"seed_played":"-2850386602772429578","potions_obtained":[{"floor":1.0,"key":"Strength Potion"},{"floor":2.0,"key":"EssenceOfSteel"},{"floor":6.0,"key":"SpeedPotion"},{"floor":10.0,"key":"Poison Potion"},{"floor":14.0,"key":"Block Potion"}],"is_trial":false,"path_per_floor":["M","M","M","$","M","E","R","?","T","E","?","R","E","M","R","B"],"character_chosen":"IRONCLAD","items_purchased":["Guide Book","Baseball","Spot Weakness"],"campfire_rested":0,"item_purchase_floors":[4,4,4],"current_hp_per_floor":[67,65,68,68,66,45,45,67,67,41,41,41,27,31,31,31],"gold":78,"neow_bonus":"TWO_FIFTY_GOLD","is_prod":false,"is_daily":false,"chose_seed":false,"campfire_upgraded":3,"win_rate":0,"timestamp":1546713747,"path_taken":["M","M","M","$","M","E","R","?","T","E","?","R","E","M","R","BOSS"],"build_version":"2019-01-03v4","purchased_purges":0,"victory":false,"max_hp_per_floor":[68,68,68,68,68,68,68,68,68,68,68,68,68,68,68,68],"card_choices":[{"not_picked":["ReplayTheSpireMod:LeadingStrike","Massacre"],"picked":"Wild Strike","floor":1.0},{"not_picked":["Sentinel","Massacre"],"picked":"True Grit","floor":2.0},{"not_picked":["Cleave","Iron Wave"],"picked":"Shrug It Off","floor":3.0},{"not_picked":["Dark Embrace","Metallicize"],"picked":"infinitespire:OneForAll","floor":5.0},{"not_picked":["Pommel Strike","Rampage"],"picked":"Clothesline","floor":6.0},{"not_picked":["Fire Breathing","Infernal Blade"],"picked":"Pummel","floor":10.0},{"not_picked":["Carnage","Brutality"],"picked":"Dropkick","floor":13.0},{"not_picked":["Defy Death","infinitespire:OneForAll","Sword Boomerang"],"picked":"SKIP","floor":14.0}],"player_experience":243610,"relics_obtained":[{"floor":6.0,"key":"ReplayTheSpireMod:TigerMarble"},{"floor":9.0,"key":"hubris:ToyBattleship"},{"floor":10.0,"key":"Art of War"},{"floor":13.0,"key":"Matryoshka"}],"event_choices":[{"damage_healed":22.0,"max_hp_gain":0.0,"max_hp_loss":0.0,"gold_gain":0.0,"event_name":"Big Fish","player_choice":"Banana","floor":8.0,"gold_loss":0.0,"damage_taken":0.0},{"cards_removed":["Strike_R"],"damage_healed":0.0,"max_hp_gain":0.0,"max_hp_loss":0.0,"gold_gain":0.0,"event_name":"The Cleric","player_choice":"Card Removal","floor":11.0,"gold_loss":75.0,"damage_taken":0.0}],"is_beta":false,"boss_relics":[],"items_purged_floors":[],"is_endless":false,"potions_floor_spawned":[1,2,6,10,14],"killed_by":"Slime Boss","ascension_level":18}