{"gold_per_floor":[117,117,117,41,51,84,111,111,111,125,156,156,106,130,130,237,237,256,270,295,59,59,59,59,59,59,59,59,0,16,53,53,149,149,196,51,98,210,210,210,0,0,68,68,68,68,68,90,90,90],"floor_reached":50,"playtime":5262,"items_purged":[],"score":562,"play_id":"64849266-da21-421e-9b0e-855bc96a9505","local_time":"20190113015216","is_ascension_mode":false,"campfire_choices":[{"data":"CrunchTime","floor":8.0,"key":"SMITH"},{"data":"BiteCommand","floor":15.0,"key":"SMITH"},{"data":"Apotheosis","floor":23.0,"key":"SMITH"},{"data":"AlternateTimeline","floor":25.0,"key":"SMITH"},{"data":"HandsUp","floor":28.0,"key":"SMITH"},{"floor":32.0,"key":"REST"},{"data":"OldTimer","floor":40.0,"key":"SMITH"},{"data":"LockedPlans","floor":42.0,"key":"SMITH"},{"data":"ExoVibe","floor":45.0,"key":"SMITH"},{"data":"Echoward","floor":47.0,"key":"SMITH"},{"floor":49.0,"key":"REST"}],"neow_cost":"NONE","seed_source_timestamp":0,"circlet_count":0,"master_deck":["Strike_Br","Strike_Br","Defend_Br","Defend_Br","Defend_Br","Defend_Br","SecondHand","PatternShift","LockedBlood","LockedAnchor","CrunchTime+1","DaylightSavings","LockedPlans+1","ReapSow","LockedMawBank","Allegro","BiteCommand+1","Facsimile","LockedAnchor+1","LockedMawBank","LockedOrichalcum","LockedAnchor","AlternateTimeline+1","Apotheosis+1","HandsUp+1","ExoVibe+4","Echoward+1","OldTimer+1","ExoVibe+3","Echoward","Flash of Steel","LockedAnchor+1"],"special_seed":0,"relics":["Chronograph","NeowsBlessing","Hand?","Matryoshka","Bronze Scales","Dodecahedron","SpringShield","Shuriken","Darkstone Periapt","Pear","Potion Belt","Gremlin Horn","Sozu","Pen Nib","WingedGreaves","Red Mask","Meat on the Bone"],"potions_floor_usage":[50],"damage_taken":[{"damage":0.0,"enemies":"Small Slimes","floor":1.0,"turns":1.0},{"damage":0.0,"enemies":"Jaw Worm","floor":5.0,"turns":1.0},{"damage":0.0,"enemies":"Lagavulin","floor":6.0,"turns":1.0},{"damage":0.0,"enemies":"Cultist","floor":10.0,"turns":2.0},{"damage":0.0,"enemies":"Gremlin Nob","floor":11.0,"turns":2.0},{"damage":6.0,"enemies":"Exordium Thugs","floor":14.0,"turns":3.0},{"damage":21.0,"enemies":"The Guardian","floor":16.0,"turns":7.0},{"damage":0.0,"enemies":"Spheric Guardian","floor":18.0,"turns":1.0},{"damage":0.0,"enemies":"Chosen","floor":19.0,"turns":4.0},{"damage":20.0,"enemies":"3 Cultists","floor":20.0,"turns":5.0},{"damage":11.0,"enemies":"Cultist and Chosen","floor":30.0,"turns":6.0},{"damage":35.0,"enemies":"Slavers","floor":31.0,"turns":6.0},{"damage":37.0,"enemies":"Automaton","floor":33.0,"turns":13.0},{"damage":1.0,"enemies":"3 Shapes","floor":35.0,"turns":5.0},{"damage":0.0,"enemies":"3 Darklings","floor":37.0,"turns":6.0},{"damage":0.0,"enemies":"Mind Bloom Boss Battle","floor":38.0,"turns":7.0},{"damage":9.0,"enemies":"Writhing Mass","floor":48.0,"turns":8.0},{"damage":87,"enemies":"Donu and Deca","floor":50,"turns":8}],"seed_played":"475887630819730992","potions_obtained":[{"floor":1.0,"key":"LiquidBronze"},{"floor":5.0,"key":"WardPotion"},{"floor":10.0,"key":"SkillPotion"},{"floor":14.0,"key":"Regen Potion"},{"floor":18.0,"key":"Weak Potion"},{"floor":20.0,"key":"WardPotion"},{"floor":33.0,"key":"AttackPotion"}],"is_trial":false,"path_per_floor":["M","?","T","$","M","E","T","R","T","M","E","?","?","M","R","B",null,"M","M","M","$","?","R","?","R","T","?","R","?","M","E","R","B",null,"M","$","M","?","?","R","?","R","T","?","R","?","R","M","R","B"],"character_chosen":"CHRONO_CLASS","items_purchased":["LockedAnchor","CrunchTime","LockedAnchor","AlternateTimeline","Apotheosis","Pen Nib"],"campfire_rested":2,"item_purchase_floors":[4,4,21,21,21,36],"current_hp_per_floor":[65,65,65,65,65,65,65,65,65,65,75,75,75,71,71,56,75,75,75,59,59,59,59,59,59,59,59,59,59,69,40,62,31,75,74,74,75,75,65,65,65,65,65,65,65,65,65,62,71,0],"gold":90,"neow_bonus":"THREE_ENEMY_KILL","is_prod":false,"is_daily":false,"chose_seed":false,"campfire_upgraded":9,"win_rate":0.0,"timestamp":1547340736,"path_taken":["M","?","?","$","?","E","?","R","T","M","E","?","?","M","R","BOSS","M","M","M","$","?","R","?","R","T","?","R","?","M","E","R","BOSS","M","$","M","?","?","R","?","R","T","?","R","?","R","M","R","BOSS"],"build_version":"2019-01-10","purchased_purges":0,"victory":false,"max_hp_per_floor":[65,65,65,65,65,65,65,65,65,65,75,75,75,75,75,75,75,75,75,75,75,75,75,75,75,75,75,75,75,75,75,75,75,75,75,75,75,75,75,75,75,75,75,71,71,71,71,71,71,71],"card_choices":[{"not_picked":["Stagnate","CrunchTime"],"picked":"LockedBlood","floor":1.0},{"not_picked":["Engulf","Break"],"picked":"DaylightSavings","floor":5.0},{"not_picked":["Echoward","WindUp"],"picked":"LockedPlans","floor":6.0},{"not_picked":["TiringSlam","TickedOff"],"picked":"ReapSow","floor":10.0},{"not_picked":["VestedLegacy","ResonantCall"],"picked":"Tempo","floor":11.0},{"not_picked":["Echoward","HandsUp"],"picked":"BiteCommand","floor":14.0},{"not_picked":["OldTimer","Fragmentalize"],"picked":"Facsimile","floor":16.0},{"not_picked":["Echoward","Recurrance"],"picked":"LockedAnchor+1","floor":18.0},{"not_picked":["Tempo","Engulf"],"picked":"LockedMawBank","floor":19.0},{"not_picked":["Break","TiringSlam"],"picked":"LockedOrichalcum","floor":20.0},{"not_picked":["WindUp","LockedPlans+1"],"picked":"ExoVibe","floor":30.0},{"not_picked":["TiringSlam","LockedOrichalcum"],"picked":"Echoward","floor":31.0},{"not_picked":["LockedAstrolabe","LockedLightning"],"picked":"OldTimer","floor":33.0},{"not_picked":["LockedOrichalcum","ReapSow"],"picked":"ExoVibe+1","floor":35.0},{"not_picked":["PrimeTime+1","LockedBlood"],"picked":"Echoward","floor":37.0},{"not_picked":["Secret Weapon","Swift Strike"],"picked":"Flash of Steel","floor":39.0},{"not_picked":["LockedBlood+1","Cuckoo"],"picked":"LockedAnchor+1","floor":48.0}],"player_experience":456859,"relics_obtained":[{"floor":3.0,"key":"Matryoshka"},{"floor":6.0,"key":"Bronze Scales"},{"floor":7.0,"key":"Dodecahedron"},{"floor":7.0,"key":"SpringShield"},{"floor":9.0,"key":"Shuriken"},{"floor":9.0,"key":"Darkstone Periapt"},{"floor":11.0,"key":"Pear"},{"floor":26.0,"key":"Potion Belt"},{"floor":31.0,"key":"Gremlin Horn"},{"floor":38.0,"key":"WingedGreaves"},{"floor":43.0,"key":"Meat on the Bone"}],"event_choices":[{"damage_healed":0.0,"max_hp_gain":0.0,"max_hp_loss":0.0,"gold_gain":0.0,"cards_transformed":["Strike_Br"],"event_name":"Living Wall","player_choice":"Change","floor":12.0,"gold_loss":0.0,"damage_taken":0.0,"cards_obtained":["LockedMawBank"]},{"cards_removed":["Strike_Br"],"damage_healed":0.0,"max_hp_gain":0.0,"max_hp_loss":0.0,"gold_gain":0.0,"event_name":"The Cleric","player_choice":"Card Removal","floor":13.0,"gold_loss":50.0,"damage_taken":0.0},{"damage_healed":0.0,"max_hp_gain":0.0,"max_hp_loss":0.0,"gold_gain":0.0,"event_name":"Beggar","player_choice":"Ignored","floor":22.0,"gold_loss":0.0,"damage_taken":0.0},{"damage_healed":0.0,"max_hp_gain":0.0,"max_hp_loss":0.0,"gold_gain":0.0,"event_name":"Ghosts","player_choice":"Ignored","floor":24.0,"gold_loss":0.0,"damage_taken":0.0},{"damage_healed":0.0,"max_hp_gain":0.0,"max_hp_loss":0.0,"gold_gain":0.0,"event_name":"The Library","player_choice":"Read","floor":27.0,"gold_loss":0.0,"damage_taken":0.0,"cards_obtained":["HandsUp"]},{"damage_healed":0.0,"max_hp_gain":0.0,"max_hp_loss":0.0,"gold_gain":0.0,"event_name":"Masked Bandits","player_choice":"Paid Fearfully","floor":29.0,"gold_loss":59.0,"damage_taken":0.0},{"damage_healed":0.0,"max_hp_gain":0.0,"max_hp_loss":0.0,"gold_gain":0.0,"event_name":"MindBloom","player_choice":"Fight","floor":38.0,"gold_loss":0.0,"damage_taken":0.0},{"damage_healed":0.0,"max_hp_gain":0.0,"max_hp_loss":0.0,"gold_gain":0.0,"event_name":"SensoryStone","player_choice":"Memory 3","floor":39.0,"gold_loss":0.0,"damage_taken":10.0},{"damage_healed":0.0,"max_hp_gain":0.0,"max_hp_loss":0.0,"gold_gain":0.0,"event_name":"Tomb of Lord Red Mask","player_choice":"Paid","floor":41.0,"gold_loss":210.0,"damage_taken":0.0,"relics_obtained":["Red Mask"]},{"damage_healed":0.0,"max_hp_gain":0.0,"max_hp_loss":4.0,"gold_gain":0.0,"event_name":"Winding Halls","player_choice":"Max HP","floor":44.0,"gold_loss":0.0,"damage_taken":0.0}],"is_beta":false,"boss_relics":[{"not_picked":["White Beast Statue","Coffee Dripper"],"picked":"Chronograph"},{"not_picked":["Cursed Key","Runic Pyramid"],"picked":"Sozu"}],"items_purged_floors":[],"is_endless":false,"potions_floor_spawned":[1,5,10,14,18,20,33,37],"killed_by":"Donu and Deca","ascension_level":0}