{"gold_per_floor":[216,216,232,248,22,22,54,54,101,119,137,8,22,54,54,130,130,140,151,165,184,5,32,42,42,68,99,110,110,139,14,14,88,88,106,106,106,119,139,139,88,119,119,119,144,144,144,162,162,162],"floor_reached":51,"playtime":2353,"items_purged":["Strike_R","Strike_R","Decay"],"score":1347,"play_id":"809c5f4d-9a1d-43ac-9a9b-5871877fa4e4","local_time":"20190416230116","is_ascension_mode":true,"campfire_choices":[{"data":"Bash","floor":6,"key":"SMITH"},{"data":"Clothesline","floor":8,"key":"SMITH"},{"data":"Armaments","floor":15,"key":"SMITH"},{"floor":25,"key":"REST"},{"floor":32,"key":"REST"},{"floor":40,"key":"REST"},{"floor":44,"key":"RECALL"},{"floor":49,"key":"REST"}],"neow_cost":"NONE","seed_source_timestamp":38105414876991,"circlet_count":0,"master_deck":["AscendersBane","Strike_R","Defend_R","Defend_R","Defend_R","Defend_R","Bash+1","Iron Wave","Clothesline+1","Twin Strike","Metallicize","Feed","Pommel Strike","Armaments+1","Shrug It Off","True Grit","Limit Break","Feel No Pain","Whirlwind+1","Warcry+1","Spot Weakness","Fiend Fire","Juggernaut","Shrug It Off","Impervious","Armaments+1","Armaments+1","Corruption","Sword Boomerang+1"],"relics":["Burning Blood","Vajra","Oddly Smooth Stone","Bronze Scales","Orichalcum","Fusion Hammer","Pocketwatch","Bag of Marbles","Pantograph","Blood Vial","Velvet Choker","PreservedInsect","Pen Nib","Magic Flower"],"potions_floor_usage":[7,13,14,23,30,50,50],"damage_taken":[{"damage":13,"enemies":"Jaw Worm","floor":1,"turns":4},{"damage":5,"enemies":"Cultist","floor":3,"turns":4},{"damage":1,"enemies":"2 Louse","floor":4,"turns":4},{"damage":7,"enemies":"Gremlin Nob","floor":7,"turns":4},{"damage":14,"enemies":"Exordium Thugs","floor":10,"turns":5},{"damage":2,"enemies":"3 Louse","floor":11,"turns":3},{"damage":9,"enemies":"Gremlin Gang","floor":13,"turns":5},{"damage":4,"enemies":"Lagavulin","floor":14,"turns":8},{"damage":24,"enemies":"The Guardian","floor":16,"turns":13},{"damage":3,"enemies":"2 Thieves","floor":18,"turns":5},{"damage":0,"enemies":"3 Byrds","floor":19,"turns":3},{"damage":4,"enemies":"Snake Plant","floor":20,"turns":4},{"damage":7,"enemies":"Sentry and Sphere","floor":21,"turns":7},{"damage":24,"enemies":"Slavers","floor":23,"turns":6},{"damage":0,"enemies":"Centurion and Healer","floor":24,"turns":7},{"damage":11,"enemies":"Book of Stabbing","floor":27,"turns":3},{"damage":1,"enemies":"Cultist and Chosen","floor":28,"turns":6},{"damage":30,"enemies":"Gremlin Leader","floor":30,"turns":9},{"damage":14,"enemies":"Champ","floor":33,"turns":10},{"damage":1,"enemies":"3 Darklings","floor":35,"turns":4},{"damage":4,"enemies":"Orb Walker","floor":38,"turns":3},{"damage":11,"enemies":"Jaw Worm Horde","floor":39,"turns":6},{"damage":8,"enemies":"Giant Head","floor":42,"turns":8},{"damage":14,"enemies":"Nemesis","floor":45,"turns":7},{"damage":43,"enemies":"Spire Growth","floor":48,"turns":5},{"damage":20,"enemies":"Time Eater","floor":50,"turns":7}],"seed_played":"4917623522522575383","potions_obtained":[{"floor":4,"key":"Swift Potion"},{"floor":10,"key":"Weak Potion"},{"floor":11,"key":"GamblersBrew"},{"floor":16,"key":"FearPotion"},{"floor":19,"key":"Weak Potion"},{"floor":27,"key":"Swift Potion"},{"floor":30,"key":"SpeedPotion"},{"floor":39,"key":"Dexterity Potion"}],"is_trial":false,"path_per_floor":["M","?","M","M","$","R","E","R","T","M","M","$","M","E","R","B",null,"M","M","M","M","$","E","M","R","T","E","M","?","E","$","R","B",null,"M","?","?","M","M","R","$","E","T","R","E","?","?","M","R","B",null],"character_chosen":"IRONCLAD","items_purchased":["Vajra","Metallicize","Shrug It Off","Spot Weakness","PowerPotion"],"campfire_rested":4,"item_purchase_floors":[5,5,12,22,41],"current_hp_per_floor":[61,61,62,67,67,67,66,66,66,61,65,65,66,72,72,54,78,84,93,93,92,92,74,84,97,97,92,100,100,76,76,100,92,98,100,95,95,95,94,99,99,97,97,97,91,91,91,60,89,88],"gold":162,"neow_bonus":"HUNDRED_GOLD","is_prod":false,"is_daily":false,"chose_seed":false,"campfire_upgraded":3,"win_rate":0,"timestamp":1555480876,"path_taken":["M","?","M","M","$","R","E","R","T","M","M","?","M","E","R","BOSS","M","M","M","M","$","E","M","R","T","E","M","?","E","$","R","BOSS","M","?","?","M","?","R","?","E","T","R","E","?","?","M","R","BOSS"],"build_version":"2019-01-23","purchased_purges":3,"victory":true,"max_hp_per_floor":[75,75,75,75,75,75,75,75,75,78,78,78,82,86,86,86,86,89,93,93,93,93,93,97,97,97,97,100,100,100,100,100,100,100,100,95,95,95,99,99,99,99,99,99,99,99,99,99,99,99],"card_choices":[{"not_picked":["Sentinel","Thunderclap"],"picked":"Iron Wave","floor":1},{"not_picked":["Rampage","Shrug It Off"],"picked":"Clothesline","floor":3},{"not_picked":["Evolve","Shrug It Off"],"picked":"Twin Strike","floor":4},{"not_picked":["Searing Blow","Sentinel"],"picked":"Feed","floor":7},{"not_picked":["Dual Wield","Headbutt"],"picked":"Pommel Strike","floor":10},{"not_picked":["Heavy Blade","Second Wind"],"picked":"Armaments","floor":11},{"not_picked":["Sever Soul","Wild Strike","Perfected Strike"],"picked":"SKIP","floor":13},{"not_picked":["Evolve","Iron Wave"],"picked":"True Grit","floor":14},{"not_picked":["Feed","Demon Form"],"picked":"Limit Break","floor":16},{"not_picked":["Thunderclap","Heavy Blade"],"picked":"Feel No Pain","floor":18},{"not_picked":["True Grit","Sever Soul+1"],"picked":"Whirlwind+1","floor":19},{"not_picked":["Flex","Berserk"],"picked":"Warcry+1","floor":20},{"not_picked":["Cleave","Clothesline","Dropkick"],"picked":"SKIP","floor":21},{"not_picked":["Flex","Iron Wave"],"picked":"Fiend Fire","floor":23},{"not_picked":["Perfected Strike","Evolve","Warcry"],"picked":"SKIP","floor":24},{"not_picked":["Pommel Strike","Wild Strike"],"picked":"Juggernaut","floor":27},{"not_picked":["Uppercut","Body Slam"],"picked":"Shrug It Off","floor":28},{"not_picked":["Carnage","Havoc+1","Rage"],"picked":"SKIP","floor":30},{"not_picked":["Brutality","Demon Form"],"picked":"Impervious","floor":33},{"not_picked":["Combust+1","Wild Strike","Cleave"],"picked":"SKIP","floor":35},{"not_picked":["Blood for Blood+1","Combust+1"],"picked":"Armaments+1","floor":38},{"not_picked":["Clash","Anger","Rupture"],"picked":"SKIP","floor":39},{"not_picked":["Heavy Blade","Perfected Strike"],"picked":"Corruption","floor":42},{"not_picked":["Wild Strike+1","Iron Wave"],"picked":"Sword Boomerang+1","floor":45},{"not_picked":["Clash","Infernal Blade+1","Clothesline"],"picked":"SKIP","floor":48}],"player_experience":2451683,"relics_obtained":[{"floor":7,"key":"Oddly Smooth Stone"},{"floor":9,"key":"Bronze Scales"},{"floor":14,"key":"Orichalcum"},{"floor":23,"key":"Pocketwatch"},{"floor":26,"key":"Bag of Marbles"},{"floor":27,"key":"Pantograph"},{"floor":30,"key":"Blood Vial"},{"floor":42,"key":"PreservedInsect"},{"floor":43,"key":"Pen Nib"},{"floor":45,"key":"Magic Flower"}],"event_choices":[{"cards_removed":["Strike_R"],"damage_healed":0,"gold_gain":0,"player_choice":"Purged","damage_taken":0,"max_hp_gain":0,"max_hp_loss":0,"event_name":"Purifier","floor":2,"gold_loss":0},{"damage_healed":0,"gold_gain":0,"player_choice":"Smashed Altar","damage_taken":0,"max_hp_gain":0,"max_hp_loss":0,"event_name":"Forgotten Altar","floor":29,"gold_loss":0,"cards_obtained":["Decay"]},{"damage_healed":0,"gold_gain":0,"player_choice":"Max HP","damage_taken":0,"max_hp_gain":0,"max_hp_loss":5,"event_name":"Winding Halls","floor":36,"gold_loss":0},{"damage_healed":0,"gold_gain":0,"player_choice":"Copied","damage_taken":0,"max_hp_gain":0,"max_hp_loss":0,"event_name":"Duplicator","floor":37,"gold_loss":0,"cards_obtained":["Armaments"]},{"cards_removed":["Strike_R"],"damage_healed":0,"gold_gain":0,"player_choice":"Removed Attack","damage_taken":0,"max_hp_gain":0,"max_hp_loss":0,"event_name":"Falling","floor":46,"gold_loss":0},{"damage_healed":0,"gold_gain":0,"player_choice":"Got Potions","damage_taken":0,"max_hp_gain":0,"max_hp_loss":0,"event_name":"Lab","floor":47,"gold_loss":0}],"is_beta":false,"boss_relics":[{"not_picked":["Runic Cube","Orrery"],"picked":"Fusion Hammer"},{"not_picked":["White Beast Statue","Runic Dome"],"picked":"Velvet Choker"}],"items_purged_floors":[12,22,31],"is_endless":false,"potions_floor_spawned":[4,10,11,16,19,20,21,27,30,35,39,42,45,48],"ascension_level":15}