{"path_per_floor":["M","M","M","$","M","R","?","M","T","R","E","M","E","?","R","B",null,"M","?","M","M","$","E","R","E","T","R","M","$","M","M","R","B",null,"M","?","M","M","$","R","?","M","T","M","M","$","R","M","R","B"],"character_chosen":"THE_SILENT","items_purchased":["Footwork","Bottled Lightning"],"gold_per_floor":[214,225,235,160,176,176,176,194,194,194,225,238,271,346,346,447,447,463,463,480,491,391,422,422,448,448,448,461,256,273,289,289,389,389,408,408,420,433,31,31,31,45,45,62,78,78,78,94,94,94],"floor_reached":51,"campfire_rested":2,"playtime":4281,"item_purchase_floors":[29,39],"current_hp_per_floor":[67,66,60,60,53,53,70,68,68,68,65,56,56,45,45,31,70,63,47,47,47,47,47,47,47,47,47,47,47,45,45,66,56,70,63,63,63,63,63,63,54,54,54,54,54,54,54,54,70,47],"items_purged":["Strike_G","Strike_G","Strike_G","Defend_G"],"gold":94,"score":753,"play_id":"462e9fc8-6662-41ef-bc56-b8bd4d763007","local_time":"20180531092156","is_prod":false,"is_daily":false,"chose_seed":false,"is_ascension_mode":false,"campfire_upgraded":7,"win_rate":0,"timestamp":1527783716,"campfire_choices":[{"data":"Dagger Spray","floor":6,"key":"SMITH"},{"data":"Dagger Spray","floor":10,"key":"SMITH"},{"data":"A Thousand Cuts","floor":15,"key":"SMITH"},{"data":"Leg Sweep","floor":24,"key":"SMITH"},{"data":"Cloak And Dagger","floor":27,"key":"SMITH"},{"floor":32,"key":"REST"},{"data":"Tools of the Trade","floor":40,"key":"SMITH"},{"data":"Footwork","floor":47,"key":"SMITH"},{"floor":49,"key":"REST"}],"path_taken":["M","M","M","$","M","R","?","M","T","R","E","?","E","?","R","BOSS","M","?","M","M","$","E","R","E","T","R","?","$","M","M","R","BOSS","M","?","M","M","?","R","?","M","T","M","M","$","R","M","R","BOSS"],"build_version":"2018-05-24","seed_source_timestamp":2123489243358,"purchased_purges":4,"victory":true,"master_deck":["Defend_G","Defend_G","Survivor","Neutralize","Dagger Spray+1","Dagger Spray+1","Sucker Punch","Leg Sweep+1","A Thousand Cuts+1","Adrenaline","Deflect+1","Cloak And Dagger+1","PiercingWail","Backstab","Dash+1","Footwork+1","PiercingWail","Tools of the Trade+1","Doppelganger+1","Adrenaline+1","Endless Agony+1","All Out Attack","Prepared+1","Madness","Madness","Crippling Poison+1","Backflip+1","Well Laid Plans"],"max_hp_per_floor":[70,70,70,70,70,70,70,70,70,70,70,70,70,70,70,70,70,70,70,70,70,70,70,70,70,70,70,70,70,70,70,70,70,70,70,70,70,70,70,70,70,70,70,70,70,70,70,70,70,70],"relics":["Ring of the Snake","Prayer Wheel","Gremlin Horn","Dead Branch","Cursed Key","Enchiridion","Snake Skull","Bag of Preparation","Astrolabe","Bottled Lightning"],"card_choices":[{"not_picked":["Cloak And Dagger","Sucker Punch"],"picked":"Dagger Spray","floor":1},{"not_picked":["Blade Dance","Skewer"],"picked":"Dagger Spray","floor":2},{"not_picked":["Dagger Spray","Deadly Poison"],"picked":"Sucker Punch","floor":3},{"not_picked":["Quick Slash","Acrobatics","Dagger Spray"],"picked":"SKIP","floor":5},{"not_picked":["Blade Dance","Sucker Punch","Dagger Spray"],"picked":"SKIP","floor":8},{"not_picked":["Reflex","Finisher","Sucker Punch"],"picked":"SKIP","floor":11},{"not_picked":["Dodge and Roll","Dash"],"picked":"Leg Sweep","floor":12},{"not_picked":["Sucker Punch","Deadly Poison"],"picked":"A Thousand Cuts","floor":12},{"not_picked":["Bane","Heel Hook","Deflect"],"picked":"SKIP","floor":13},{"not_picked":["Grand Finale","Corpse Explosion"],"picked":"Adrenaline","floor":16},{"not_picked":["Eviscerate","Poisoned Stab"],"picked":"Deflect+1","floor":18},{"not_picked":["Calculated Gamble+1","Skewer","Deflect"],"picked":"SKIP","floor":18},{"not_picked":["Poisoned Stab","Eviscerate"],"picked":"Cloak And Dagger","floor":20},{"not_picked":["Catalyst","Dagger Throw"],"picked":"PiercingWail","floor":20},{"not_picked":["Quick Slash","Escape Plan","Setup"],"picked":"SKIP","floor":21},{"not_picked":["Eviscerate","Dagger Throw","Flying Knee"],"picked":"SKIP","floor":21},{"not_picked":["Quick Slash","Accuracy+1","Flechettes"],"picked":"SKIP","floor":23},{"not_picked":["Noxious Fumes","Bouncing Flask"],"picked":"Backstab","floor":25},{"not_picked":["Infinite Blades","Expertise+1"],"picked":"Dash+1","floor":28},{"not_picked":["Corpse Explosion","Prepared+1","Noxious Fumes"],"picked":"SKIP","floor":28},{"not_picked":["Eviscerate","Dagger Spray"],"picked":"PiercingWail","floor":30},{"not_picked":["Flying Knee","Slice+1","Dodge and Roll"],"picked":"SKIP","floor":30},{"not_picked":["Dagger Throw","Bane","Deflect"],"picked":"SKIP","floor":31},{"not_picked":["Infinite Blades","Sucker Punch","Terror"],"picked":"SKIP","floor":31},{"not_picked":["Die Die Die","Envenom"],"picked":"Tools of the Trade","floor":33},{"not_picked":["PiercingWail+1","Underhanded Strike+1","Cloak And Dagger"],"picked":"SKIP","floor":35},{"not_picked":["Endless Agony","Accuracy","Dagger Throw+1"],"picked":"SKIP","floor":35},{"not_picked":["Reflex","Heel Hook+1"],"picked":"Prepared+1","floor":37},{"not_picked":["Underhanded Strike","Poisoned Stab","Quick Slash"],"picked":"SKIP","floor":37},{"not_picked":["Skewer","Underhanded Strike","Corpse Explosion"],"picked":"SKIP","floor":38},{"not_picked":["Cloak And Dagger","Deflect","Terror"],"picked":"SKIP","floor":38},{"not_picked":["Prepared","Dagger Throw"],"picked":"Crippling Poison+1","floor":42},{"not_picked":["Dodge and Roll","Distraction","Accuracy"],"picked":"SKIP","floor":42},{"not_picked":["Quick Slash+1","Bouncing Flask","Doppelganger"],"picked":"SKIP","floor":44},{"not_picked":["Choke","Caltrops+1","Masterful Stab+1"],"picked":"SKIP","floor":44},{"not_picked":["Finisher+1","Expertise+1"],"picked":"Backflip+1","floor":45},{"not_picked":["Outmaneuver","Dagger Throw","Heel Hook"],"picked":"SKIP","floor":45},{"not_picked":["Crippling Poison","Finisher"],"picked":"Well Laid Plans","floor":48},{"not_picked":["Dodge and Roll","Underhanded Strike+1","Prepared"],"picked":"SKIP","floor":48}],"player_experience":384264,"potions_floor_usage":[13,25,25,50,50,50],"damage_taken":[{"damage":3,"enemies":"Jaw Worm","floor":1,"turns":5},{"damage":1,"enemies":"Small Slimes","floor":2,"turns":2},{"damage":6,"enemies":"Cultist","floor":3,"turns":5},{"damage":7,"enemies":"Exordium Wildlife","floor":5,"turns":5},{"damage":2,"enemies":"2 Fungi Beasts","floor":8,"turns":2},{"damage":3,"enemies":"3 Sentries","floor":11,"turns":3},{"damage":9,"enemies":"Red Slaver","floor":12,"turns":4},{"damage":0,"enemies":"Gremlin Nob","floor":13,"turns":5},{"damage":14,"enemies":"Slime Boss","floor":16,"turns":8},{"damage":7,"enemies":"Spheric Guardian","floor":18,"turns":4},{"damage":0,"enemies":"3 Byrds","floor":20,"turns":2},{"damage":0,"enemies":"3 Cultists","floor":21,"turns":4},{"damage":0,"enemies":"Gremlin Leader","floor":23,"turns":5},{"damage":0,"enemies":"Slavers","floor":25,"turns":2},{"damage":0,"enemies":"Centurion and Healer","floor":28,"turns":4},{"damage":2,"enemies":"Snecko","floor":30,"turns":4},{"damage":0,"enemies":"Sentry and Sphere","floor":31,"turns":2},{"damage":10,"enemies":"Champ","floor":33,"turns":13},{"damage":7,"enemies":"3 Shapes","floor":35,"turns":3},{"damage":0,"enemies":"3 Darklings","floor":37,"turns":2},{"damage":0,"enemies":"Sphere and 2 Shapes","floor":38,"turns":2},{"damage":0,"enemies":"4 Shapes","floor":42,"turns":4},{"damage":0,"enemies":"Maw","floor":44,"turns":6},{"damage":0,"enemies":"3 Darklings","floor":45,"turns":2},{"damage":0,"enemies":"4 Shapes","floor":48,"turns":2},{"damage":23,"enemies":"Time Eater","floor":50,"turns":10}],"relics_obtained":[{"floor":9,"key":"Prayer Wheel"},{"floor":11,"key":"Gremlin Horn"},{"floor":13,"key":"Dead Branch"},{"floor":19,"key":"Enchiridion"},{"floor":23,"key":"Snake Skull"},{"floor":25,"key":"Bag of Preparation"}],"event_choices":[{"event_name":"Big Fish","player_choice":"Banana","floor":7,"damage_taken":0},{"event_name":"World of Goop","player_choice":"Gather Gold","floor":14,"damage_taken":0},{"event_name":"Cursed Tome","player_choice":"Obtained Book","floor":19,"damage_taken":0},{"event_name":"Transmorgrifier","player_choice":"Transform","floor":36,"damage_taken":0},{"event_name":"Winding Halls","player_choice":"Embrace Madness","floor":41,"damage_taken":0}],"boss_relics":[{"not_picked":["Lizard Tail","Runic Pyramid"],"picked":"Cursed Key"},{"not_picked":["Philosopher\u0027s Stone","Black Star"],"picked":"Astrolabe"}],"items_purged_floors":[4,22,29,39],"potions_floor_spawned":[2,5,12,18,30,31,44,45,48],"seed_played":"-4764693995078709796","ascension_level":0,"potions_obtained":[{"floor":2,"key":"Block Potion"},{"floor":5,"key":"GamblersBrew"},{"floor":12,"key":"Strength Potion"},{"floor":18,"key":"PowerPotion"},{"floor":30,"key":"PowerPotion"},{"floor":31,"key":"Ancient Potion"},{"floor":44,"key":"Strength Potion"}],"is_trial":false}