{"gold_per_floor":[110,110,126,136,45,76,76,76,103,103,127,147,168,201,201,320,320,333,349,372,287,44,44,88,88,88,102,123,148,148,148,148,148],"floor_reached":33,"playtime":3757,"items_purged":[],"score":329,"play_id":"e4f1ba1e-7b0f-448a-a6c7-916df3a30712","local_time":"20190507102558","is_ascension_mode":false,"campfire_choices":[{"data":"Feed","floor":7,"key":"SMITH"},{"data":"True Grit","floor":15,"key":"SMITH"},{"data":"Spot Weakness","floor":23,"key":"SMITH"},{"data":"Heavy Blade","floor":25,"key":"SMITH"},{"floor":30,"key":"REST"},{"floor":32,"key":"REST"}],"neow_cost":"NONE","seed_source_timestamp":65719479810355,"circlet_count":0,"master_deck":["Strike_R","Strike_R","Strike_R","Strike_R","Strike_R","Defend_R","Defend_R","Bash","True Grit+1","Inflame","Inflame","Seeing Red","Sword Boomerang","Feed+1","Spot Weakness+1","Sword Boomerang","Clothesline","Inflame","Fiend Fire","Headbutt","Metallicize","Heavy Blade+1","Barricade","Hemokinesis+1","True Grit","True Grit+1","RitualDagger"],"relics":["Burning Blood","Oddly Smooth Stone","Pen Nib","Golden Idol","Vajra","Empty Cage","Potion Belt","Bottled Lightning","Strawberry","Shuriken"],"potions_floor_usage":[6,11,14,19,20,27,33],"damage_taken":[{"damage":3,"enemies":"Small Slimes","floor":1,"turns":4},{"damage":8,"enemies":"Jaw Worm","floor":3,"turns":4},{"damage":5,"enemies":"2 Louse","floor":4,"turns":3},{"damage":6,"enemies":"Gremlin Nob","floor":6,"turns":3},{"damage":0,"enemies":"Exordium Wildlife","floor":11,"turns":3},{"damage":4,"enemies":"Looter","floor":12,"turns":3},{"damage":12,"enemies":"2 Fungi Beasts","floor":13,"turns":3},{"damage":30,"enemies":"3 Sentries","floor":14,"turns":5},{"damage":9,"enemies":"Slime Boss","floor":16,"turns":8},{"damage":11,"enemies":"Chosen","floor":18,"turns":4},{"damage":7,"enemies":"3 Byrds","floor":19,"turns":3},{"damage":12,"enemies":"Snecko","floor":20,"turns":4},{"damage":47,"enemies":"Slavers","floor":24,"turns":6},{"damage":13,"enemies":"Chosen and Byrds","floor":27,"turns":3},{"damage":40,"enemies":"Centurion and Healer","floor":28,"turns":5},{"damage":13,"enemies":"3 Cultists","floor":29,"turns":4},{"damage":102,"enemies":"Collector","floor":33,"turns":9}],"seed_played":"4277798485693715477","potions_obtained":[{"floor":1,"key":"Explosive Potion"},{"floor":3,"key":"Strength Potion"},{"floor":4,"key":"SpeedPotion"},{"floor":18,"key":"Poison Potion"},{"floor":19,"key":"Regen Potion"},{"floor":24,"key":"SkillPotion"},{"floor":29,"key":"LiquidBronze"}],"is_trial":false,"path_per_floor":["M","?","M","M","$","E","R","?","T","?","M","M","M","E","R","B",null,"M","M","M","?","$","R","E","R","T","M","M","M","R","?","R","B"],"character_chosen":"IRONCLAD","items_purchased":["Seeing Red","Sword Boomerang","Bottled Lightning"],"campfire_rested":2,"item_purchase_floors":[5,5,22],"current_hp_per_floor":[88,81,79,80,80,80,80,85,85,85,95,101,99,79,79,80,113,108,111,118,118,118,118,84,84,84,77,43,36,74,68,106,4],"gold":148,"neow_bonus":"TEN_PERCENT_HP_BONUS","is_prod":false,"is_daily":false,"chose_seed":false,"campfire_upgraded":4,"win_rate":0.0,"timestamp":1557192358,"path_taken":["M","?","M","M","$","E","R","?","T","?","M","M","M","E","R","BOSS","M","M","M","?","$","R","E","R","T","M","M","M","R","?","R","BOSS"],"build_version":"2019-01-23","purchased_purges":0,"victory":false,"max_hp_per_floor":[88,88,88,88,88,88,88,93,93,93,97,101,105,109,109,113,113,113,117,121,121,121,121,128,128,128,128,128,128,128,128,128,128],"card_choices":[{"not_picked":["Dual Wield","Whirlwind"],"picked":"True Grit","floor":1},{"not_picked":["Feel No Pain","Disarm"],"picked":"Inflame","floor":3},{"not_picked":["Anger","Twin Strike"],"picked":"Inflame","floor":4},{"not_picked":["Twin Strike","Shockwave"],"picked":"Feed","floor":6},{"not_picked":["Searing Blow","Pommel Strike"],"picked":"Spot Weakness","floor":11},{"not_picked":["Sever Soul","True Grit"],"picked":"Sword Boomerang","floor":12},{"not_picked":["Anger","Flame Barrier"],"picked":"Clothesline","floor":13},{"not_picked":["Rage","Bloodletting"],"picked":"Inflame","floor":14},{"not_picked":["Berserk","Juggernaut"],"picked":"Fiend Fire","floor":16},{"not_picked":["Pommel Strike","Clash"],"picked":"Headbutt","floor":18},{"not_picked":["Anger","Hemokinesis"],"picked":"Metallicize","floor":19},{"not_picked":["Rupture+1","Sentinel"],"picked":"Heavy Blade","floor":20},{"not_picked":["Searing Blow","Fire Breathing"],"picked":"Barricade","floor":24},{"not_picked":["Anger","Armaments"],"picked":"Hemokinesis+1","floor":27},{"not_picked":["Armaments","Sentinel"],"picked":"True Grit","floor":28},{"not_picked":["Warcry+1","Pommel Strike+1"],"picked":"True Grit+1","floor":29}],"player_experience":35643,"relics_obtained":[{"floor":6,"key":"Oddly Smooth Stone"},{"floor":9,"key":"Pen Nib"},{"floor":14,"key":"Vajra"},{"floor":24,"key":"Strawberry"},{"floor":26,"key":"Shuriken"}],"event_choices":[{"cards_removed":["Defend_R"],"damage_healed":0,"gold_gain":0,"player_choice":"Card Removal","damage_taken":7,"max_hp_gain":0,"max_hp_loss":0,"event_name":"Golden Wing","floor":2,"gold_loss":0},{"damage_healed":0,"gold_gain":0,"player_choice":"Donut","damage_taken":0,"max_hp_gain":5,"max_hp_loss":0,"event_name":"Big Fish","floor":8,"gold_loss":0},{"damage_healed":0,"gold_gain":0,"player_choice":"Take Wound","damage_taken":0,"relics_obtained":["Golden Idol"],"max_hp_gain":0,"max_hp_loss":0,"event_name":"Golden Idol","floor":10,"gold_loss":0,"cards_obtained":["Injury"]},{"damage_healed":0,"gold_gain":0,"player_choice":"Obtained Relic","damage_taken":0,"relics_obtained":["Potion Belt"],"max_hp_gain":0,"max_hp_loss":0,"event_name":"Addict","floor":21,"gold_loss":85},{"damage_healed":0,"gold_gain":0,"player_choice":"Joined the Cult","damage_taken":6,"max_hp_gain":0,"max_hp_loss":0,"event_name":"Nest","floor":31,"gold_loss":0,"cards_obtained":["RitualDagger"]}],"is_beta":false,"boss_relics":[{"not_picked":["Cursed Key","Lizard Tail"],"picked":"Empty Cage"}],"items_purged_floors":[],"is_endless":false,"potions_floor_spawned":[1,3,4,18,19,24,29],"killed_by":"Collector","ascension_level":0}