{"gold_per_floor":[117,64,239,259,259,259,290,240,240,258,8,38,5,19,19,122,122,135,135,7,22,33,33,68,68,142,142,142,161,173,200,200,305,305,322,165,177,197,197,197,213,213,237,237],"floor_reached":44,"playtime":1363,"items_purged":["Strike_B"],"score":820,"play_id":"15250e3d-ce4b-4eef-a400-1b98d0bf10c3","local_time":"25620228203516","is_ascension_mode":true,"campfire_choices":[{"data":"Defragment","floor":6.0,"key":"SMITH"},{"data":"Consume","floor":15.0,"key":"SMITH"},{"data":"Capacitor","floor":23,"key":"SMITH"},{"data":"Zap","floor":25,"key":"SMITH"},{"data":"Dualcast","floor":27,"key":"SMITH"},{"data":"Self Repair","floor":32,"key":"SMITH"},{"data":"Ball Lightning","floor":40,"key":"SMITH"}],"neow_cost":"NONE","seed_source_timestamp":15703782493058,"circlet_count":0,"master_deck":["AscendersBane","Strike_B","Strike_B","Defend_B+1","Defend_B+1","Defend_B","Defend_B","Zap+1","Dualcast+1","Defragment+1","Streamline+1","Consume+1","Ball Lightning+1","Self Repair+1","Ball Lightning+1","Hologram+1","All For One+1","Steam+1","Ghostly+1","Ghostly+1","Ghostly+1","Ghostly+1","Ghostly+1","Capacitor+1","Conserve Battery+1","Tempest+1","BootSequence+1","Barrage+1","Capacitor+1","Reinforced Body+1","Core Surge+1","FTL+1","Thunder Strike+1","Steam Power+1","Consume+1","Chaos+1","Leap+1","Parasite","Skim+1","Madness+1","Madness+1","Go for the Eyes+1"],"special_seed":0,"relics":["FrozenCore","NeowsBlessing","Smiling Mask","Bottled Flame","Molten Egg 2","Toxic Egg 2","Darkstone Periapt","Cables","Boot","Inserter","War Paint"],"potions_floor_usage":[22,37],"damage_taken":[{"damage":0.0,"enemies":"Small Slimes","floor":1.0,"turns":1.0},{"damage":0.0,"enemies":"2 Louse","floor":4.0,"turns":1.0},{"damage":0.0,"enemies":"Lagavulin","floor":7.0,"turns":1.0},{"damage":7.0,"enemies":"Jaw Worm","floor":10.0,"turns":2.0},{"damage":22.0,"enemies":"Gremlin Nob","floor":12.0,"turns":4.0},{"damage":7.0,"enemies":"Looter","floor":14.0,"turns":3.0},{"damage":26.0,"enemies":"Slime Boss","floor":16.0,"turns":7.0},{"damage":11.0,"enemies":"Spheric Guardian","floor":18.0,"turns":4.0},{"damage":5,"enemies":"Shell Parasite","floor":21,"turns":9},{"damage":2,"enemies":"Centurion and Healer","floor":22,"turns":7},{"damage":4,"enemies":"Slavers","floor":24,"turns":7},{"damage":0,"enemies":"Snecko","floor":29,"turns":6},{"damage":0,"enemies":"Shelled Parasite and Fungi","floor":30,"turns":7},{"damage":4,"enemies":"Gremlin Leader","floor":31,"turns":9},{"damage":9,"enemies":"Champ","floor":33,"turns":9},{"damage":0,"enemies":"Orb Walker","floor":35,"turns":4},{"damage":0,"enemies":"3 Darklings","floor":37,"turns":6},{"damage":12,"enemies":"Writhing Mass","floor":38,"turns":8},{"damage":0,"enemies":"Jaw Worm Horde","floor":41,"turns":6},{"damage":55,"enemies":"Reptomancer","floor":44,"turns":2}],"seed_played":"2726862041552020865","potions_obtained":[{"floor":1.0,"key":"Block Potion"},{"floor":7.0,"key":"SkillPotion"},{"floor":10.0,"key":"PowerPotion"},{"floor":21,"key":"AttackPotion"},{"floor":24,"key":"SpeedPotion"},{"floor":29,"key":"Block Potion"},{"floor":35,"key":"Energy Potion"},{"floor":37,"key":"SteroidPotion"}],"is_trial":false,"path_per_floor":["M","$","?","M","?","R","E","?","T","M","$","E","?","M","R","B",null,"M","?","$","M","M","R","E","R","T","R","?","M","M","E","R","B",null,"M","$","M","M","?","R","M","?","T","E"],"character_chosen":"DEFECT","items_purchased":["Streamline","Molten Egg 2","Capacitor","Conserve Battery+1","Consume+1","Chaos+1"],"campfire_rested":0,"item_purchase_floors":[2,11,20,20,36,36],"current_hp_per_floor":[68,68,68,68,68,68,68,68,68,61,61,39,39,39,39,13,60,56,37,37,37,37,37,33,33,33,33,33,37,37,37,37,37,37,37,37,37,41,36,36,36,36,36,0],"gold":237,"neow_bonus":"THREE_ENEMY_KILL","is_prod":false,"is_daily":false,"chose_seed":false,"campfire_upgraded":7,"win_rate":0,"timestamp":1551360916,"path_taken":["M","$","?","M","?","R","E","?","T","?","$","E","?","M","R","BOSS","M","?","$","M","M","R","E","R","T","R","?","?","?","E","R","BOSS","M","$","M","?","?","R","M","?","T","E"],"build_version":"2019-01-23","purchased_purges":1,"victory":false,"max_hp_per_floor":[75,75,75,75,75,75,75,75,75,75,75,75,75,75,75,75,75,75,37,37,37,37,37,37,37,37,37,37,37,37,37,37,37,37,37,37,37,43,43,43,43,43,43,43],"card_choices":[{"not_picked":["Steam","Sweeping Beam"],"picked":"Defragment","floor":1.0},{"not_picked":["Undo","Recycle"],"picked":"Consume","floor":4.0},{"not_picked":["Redo","FTL"],"picked":"Ball Lightning","floor":7.0},{"not_picked":["Genetic Algorithm","Leap"],"picked":"Self Repair","floor":10.0},{"not_picked":["Lockon+1","Reprogram"],"picked":"Ball Lightning+1","floor":12.0},{"not_picked":["Reprogram+1","Leap+1"],"picked":"Hologram+1","floor":14.0},{"not_picked":["Machine Learning","Seek+1"],"picked":"All For One+1","floor":16.0},{"not_picked":["Streamline+1","Storm"],"picked":"Steam+1","floor":18.0},{"not_picked":["Storm","Rebound+1"],"picked":"Tempest+1","floor":21},{"not_picked":["Compile Driver+1","Doom and Gloom+1"],"picked":"BootSequence+1","floor":22},{"not_picked":["Conserve Battery+1","BootSequence+1"],"picked":"Barrage+1","floor":24},{"not_picked":["Leap+1","Fusion+1"],"picked":"Reinforced Body+1","floor":29},{"not_picked":["Hologram+1","Leap+1"],"picked":"Core Surge+1","floor":30},{"not_picked":["Fusion+1","Stack+1"],"picked":"FTL+1","floor":31},{"not_picked":["Machine Learning","Meteor Strike+1"],"picked":"Thunder Strike+1","floor":33},{"not_picked":["Ball Lightning+1","Sweeping Beam+1"],"picked":"Steam Power+1","floor":35},{"not_picked":["Ball Lightning+1","Darkness+1"],"picked":"Leap+1","floor":37},{"not_picked":["Hologram+1","Rip and Tear+1"],"picked":"Skim+1","floor":38},{"not_picked":["Doom and Gloom+1","Ball Lightning+1"],"picked":"Go for the Eyes+1","floor":41}],"player_experience":269959,"relics_obtained":[{"floor":7.0,"key":"Smiling Mask"},{"floor":9.0,"key":"Bottled Flame"},{"floor":12.0,"key":"Toxic Egg 2"},{"floor":24,"key":"Darkstone Periapt"},{"floor":26,"key":"Cables"},{"floor":31,"key":"Boot"},{"floor":43,"key":"War Paint"}],"event_choices":[{"damage_healed":0.0,"max_hp_gain":0.0,"max_hp_loss":0.0,"gold_gain":175.0,"event_name":"Liars Game","player_choice":"AGREE","floor":3.0,"gold_loss":0.0,"damage_taken":0.0,"cards_obtained":["Doubt"]},{"damage_healed":0.0,"max_hp_gain":0.0,"max_hp_loss":0.0,"gold_gain":0.0,"event_name":"Living Wall","player_choice":"Grow","floor":5.0,"gold_loss":0.0,"damage_taken":0.0,"cards_upgraded":["Streamline"]},{"cards_removed":["Doubt"],"damage_healed":0.0,"max_hp_gain":0.0,"max_hp_loss":0.0,"gold_gain":0.0,"event_name":"The Cleric","player_choice":"Card Removal","floor":8.0,"gold_loss":50.0,"damage_taken":0.0},{"damage_healed":0.0,"max_hp_gain":0.0,"max_hp_loss":0.0,"gold_gain":0.0,"event_name":"World of Goop","player_choice":"Left Gold","floor":13.0,"gold_loss":33.0,"damage_taken":0.0},{"damage_healed":0,"gold_gain":0,"player_choice":"Became a Ghost","damage_taken":0,"max_hp_gain":0,"max_hp_loss":38,"event_name":"Ghosts","floor":19,"gold_loss":0,"cards_obtained":["Ghostly","Ghostly","Ghostly","Ghostly","Ghostly"]},{"damage_healed":0,"gold_gain":0,"player_choice":"Copied","damage_taken":0,"max_hp_gain":0,"max_hp_loss":0,"event_name":"Duplicator","floor":28,"gold_loss":0,"cards_obtained":["Capacitor"]},{"damage_healed":0,"gold_gain":0,"player_choice":"Embrace Madness","damage_taken":5,"max_hp_gain":0,"max_hp_loss":0,"event_name":"Winding Halls","floor":39,"gold_loss":0,"cards_obtained":["Madness","Madness"]},{"cards_removed":["Strike_B"],"damage_healed":0,"gold_gain":0,"player_choice":"Removed Attack","damage_taken":0,"max_hp_gain":0,"max_hp_loss":0,"event_name":"Falling","floor":42,"gold_loss":0}],"is_beta":false,"boss_relics":[{"not_picked":["Calling Bell","Snecko Eye"],"picked":"FrozenCore"},{"not_picked":["Tiny House","Runic Pyramid"],"picked":"Inserter"}],"items_purged_floors":[36],"is_endless":false,"potions_floor_spawned":[1,7,10,21,24,29,31,35,37],"killed_by":"Reptomancer","ascension_level":12}