{"gold_per_floor":[112,132,144,157,168,203,233,233,233,39,39,39,73,84,84,84],"floor_reached":16,"playtime":1214,"items_purged":[],"score":112,"play_id":"18225172-d130-4fdf-abdd-747aad13ee4c","local_time":"20190322184234","is_ascension_mode":false,"campfire_choices":[{"floor":8,"key":"REST"},{"floor":11,"key":"REST"},{"floor":15,"key":"REST"}],"neow_cost":"NONE","seed_source_timestamp":641071452766900,"circlet_count":0,"master_deck":["Defend_G","Defend_G","Defend_G","Defend_G","Defend_G","Strike_G","Strike_G","Strike_G","Strike_G","Strike_G","Survivor","Neutralize","Caltrops","Finisher","Dagger Spray","Sucker Punch+1","Skewer+1","Choke+1"],"relics":["Ring of the Snake","Dead Branch","Centennial Puzzle","Molten Egg 2","Bag of Preparation","Unceasing Top"],"potions_floor_usage":[6,13,13],"damage_taken":[{"damage":5,"enemies":"Jaw Worm","floor":1,"turns":6},{"damage":8,"enemies":"2 Louse","floor":2,"turns":3},{"damage":0,"enemies":"Cultist","floor":3,"turns":5},{"damage":8,"enemies":"Red Slaver","floor":4,"turns":6},{"damage":12,"enemies":"3 Louse","floor":5,"turns":3},{"damage":35,"enemies":"3 Sentries","floor":6,"turns":10},{"damage":10,"enemies":"Gremlin Nob","floor":13,"turns":3},{"damage":10,"enemies":"2 Fungi Beasts","floor":14,"turns":3},{"damage":58,"enemies":"Slime Boss","floor":16,"turns":10}],"seed_played":"-2435245692862565","potions_obtained":[{"floor":2,"key":"Ancient Potion"},{"floor":5,"key":"LiquidBronze"},{"floor":6,"key":"Explosive Potion"}],"is_trial":false,"path_per_floor":["M","M","M","M","M","E","?","R","T","$","R","$","E","M","R","B"],"character_chosen":"THE_SILENT","items_purchased":["Bag of Preparation","Sucker Punch+1"],"campfire_rested":3,"item_purchase_floors":[10,10],"current_hp_per_floor":[72,64,64,56,44,9,9,32,32,32,55,55,45,35,58,0],"gold":84,"neow_bonus":"TEN_PERCENT_HP_BONUS","is_prod":false,"is_daily":false,"chose_seed":false,"campfire_upgraded":0,"win_rate":0.0,"timestamp":1553272954,"path_taken":["M","M","M","M","M","E","?","R","T","$","R","$","E","M","R","BOSS"],"build_version":"2019-01-23","purchased_purges":0,"victory":false,"max_hp_per_floor":[77,77,77,77,77,77,77,77,77,77,77,77,77,77,77,77],"card_choices":[{"not_picked":["Flying Knee","Slice","Dodge and Roll"],"picked":"SKIP","floor":1},{"not_picked":["Reflex","Flying Knee","Poisoned Stab"],"picked":"SKIP","floor":2},{"not_picked":["Deflect","Prepared"],"picked":"Caltrops","floor":3},{"not_picked":["PiercingWail","Predator"],"picked":"Finisher","floor":4},{"not_picked":["Dodge and Roll","Outmaneuver","Well Laid Plans"],"picked":"SKIP","floor":5},{"not_picked":["Distraction","Sucker Punch"],"picked":"Dagger Spray","floor":6},{"not_picked":["Escape Plan","Deflect"],"picked":"Skewer+1","floor":13},{"not_picked":["All Out Attack+1","Noxious Fumes"],"picked":"Choke+1","floor":14}],"player_experience":48087,"relics_obtained":[{"floor":6,"key":"Dead Branch"},{"floor":9,"key":"Molten Egg 2"},{"floor":13,"key":"Unceasing Top"}],"event_choices":[{"damage_healed":0,"gold_gain":30,"player_choice":"Searched \u00273\u0027 times","damage_taken":0,"relics_obtained":["Centennial Puzzle"],"max_hp_gain":0,"max_hp_loss":0,"event_name":"Dead Adventurer","floor":7,"gold_loss":0}],"is_beta":false,"boss_relics":[],"items_purged_floors":[],"is_endless":false,"potions_floor_spawned":[2,5,6],"killed_by":"Slime Boss","ascension_level":0}