{"gold_per_floor":[110,110,75,87,101,101,135,145,145,176,193,206,231,243,243,322,322,333,159,159,173,193,193,167,167,167,92,103,117,117,144,144,215,215,230,42,57,70,170,170,196,66,66,66,83,83,83,116,116,116],"floor_reached":50,"playtime":2455,"items_purged":["Strike_B"],"score":1017,"play_id":"5a34c155-ab95-4e6a-a887-495c79596c7f","local_time":"20190102164928","is_ascension_mode":true,"campfire_choices":[{"data":"Zap","floor":6.0,"key":"SMITH"},{"data":"Go for the Eyes","floor":15.0,"key":"SMITH"},{"floor":23.0,"key":"REST"},{"data":"Hologram","floor":25.0,"key":"SMITH"},{"floor":30.0,"key":"REST"},{"floor":32.0,"key":"REST"},{"floor":40.0,"key":"REST"},{"floor":44.0,"key":"REST"},{"floor":47.0,"key":"REST"},{"data":"Buffer","floor":49.0,"key":"SMITH"}],"neow_cost":"NONE","seed_source_timestamp":26604427167225,"circlet_count":0,"master_deck":["AscendersBane","Strike_B","Strike_B+1","Defend_B","Defend_B","Defend_B","Defend_B","Zap+1","Dualcast","Gash+1","Go for the Eyes+1","Ball Lightning","All For One","Hologram+1","Rip and Tear","Beam Cell","Reinforced Body","Steam","Buffer+1","Storm","Ghostly","Ghostly","Ghostly","Steam","FTL","Turbo","Go for the Eyes","Seek","Redo+1","Auto Shields","Self Repair","Cold Snap+1","Glacier","Madness","Madness"],"special_seed":0,"relics":["Cracked Core","Shuriken","Matryoshka","Du-Vu Doll","Mummified Hand","Lizard Tail","Bronze Scales","Ornamental Fan","Strawberry","Nuclear Battery","Oddly Smooth Stone","Shovel","Blood Vial","Boot","Gremlin Horn","Calipers"],"potions_floor_usage":[50,50],"damage_taken":[{"damage":0.0,"enemies":"2 Louse","floor":1.0,"turns":3.0},{"damage":3.0,"enemies":"Small Slimes","floor":4.0,"turns":3.0},{"damage":0.0,"enemies":"Jaw Worm","floor":5.0,"turns":3.0},{"damage":20.0,"enemies":"3 Sentries","floor":7.0,"turns":5.0},{"damage":2.0,"enemies":"Large Slime","floor":8.0,"turns":4.0},{"damage":8.0,"enemies":"Gremlin Nob","floor":10.0,"turns":3.0},{"damage":0.0,"enemies":"2 Fungi Beasts","floor":11.0,"turns":2.0},{"damage":5.0,"enemies":"Looter","floor":12.0,"turns":2.0},{"damage":17.0,"enemies":"3 Sentries","floor":13.0,"turns":6.0},{"damage":0.0,"enemies":"Large Slime","floor":14.0,"turns":3.0},{"damage":19.0,"enemies":"The Guardian","floor":16.0,"turns":9.0},{"damage":28.0,"enemies":"2 Thieves","floor":18.0,"turns":4.0},{"damage":0.0,"enemies":"3 Byrds","floor":21.0,"turns":4.0},{"damage":1.0,"enemies":"Snecko","floor":22.0,"turns":6.0},{"damage":2.0,"enemies":"Cultist and Chosen","floor":28.0,"turns":5.0},{"damage":15.0,"enemies":"Centurion and Healer","floor":29.0,"turns":6.0},{"damage":21.0,"enemies":"Slavers","floor":31.0,"turns":6.0},{"damage":45.0,"enemies":"Champ","floor":33.0,"turns":11.0},{"damage":18.0,"enemies":"3 Darklings","floor":35.0,"turns":7.0},{"damage":0.0,"enemies":"3 Shapes","floor":37.0,"turns":8.0},{"damage":18.0,"enemies":"Maw","floor":38.0,"turns":8.0},{"damage":0.0,"enemies":"Mind Bloom Boss Battle","floor":39.0,"turns":7.0},{"damage":22.0,"enemies":"Giant Head","floor":41.0,"turns":8.0},{"damage":0.0,"enemies":"4 Shapes","floor":45.0,"turns":7.0},{"damage":0.0,"enemies":"Reptomancer","floor":48.0,"turns":8.0},{"damage":57,"enemies":"Donu and Deca","floor":50,"turns":9}],"seed_played":"7403692808415764776","potions_obtained":[{"floor":0.0,"key":"FocusPotion"},{"floor":0.0,"key":"EntropicBrew"},{"floor":10.0,"key":"SpeedPotion"},{"floor":11.0,"key":"Regen Potion"},{"floor":31.0,"key":"Weak Potion"},{"floor":33.0,"key":"SteroidPotion"},{"floor":35.0,"key":"FearPotion"},{"floor":41.0,"key":"Energy Potion"},{"floor":48.0,"key":"Block Potion"}],"is_trial":false,"path_per_floor":["M","?","?","M","M","R","E","M","T","E","M","M","E","M","R","B",null,"M","$","?","M","M","R","$","R","T","?","M","M","R","E","R","B",null,"M","$","M","M","?","R","E","$","T","R","M","?","R","E","R","B"],"character_chosen":"DEFECT","items_purchased":["EntropicBrew","Steam","Oddly Smooth Stone","Auto Shields","Glacier","Block Potion"],"campfire_rested":6,"item_purchase_floors":[19,24,36,36,42,42],"current_hp_per_floor":[64,43,60,57,57,57,37,35,35,27,27,22,20,20,20,1,54,26,26,26,26,25,35,35,35,35,35,33,18,28,14,26,21,37,19,19,19,8,15,27,12,12,12,24,33,25,37,42,42,0],"gold":116,"neow_bonus":"THREE_SMALL_POTIONS","is_prod":false,"is_daily":false,"chose_seed":false,"campfire_upgraded":4,"win_rate":0,"timestamp":1546476568,"path_taken":["M","?","?","M","M","R","E","M","T","E","M","M","E","M","R","BOSS","M","$","?","M","M","R","$","R","T","?","?","M","R","E","R","BOSS","M","$","M","M","?","R","E","$","T","R","M","?","R","E","R","BOSS"],"build_version":"2018-12-20","purchased_purges":1,"victory":false,"max_hp_per_floor":[71,71,71,71,71,71,71,71,71,71,71,71,71,71,71,71,71,71,71,35,35,35,35,35,35,35,35,35,35,35,42,42,42,42,42,42,42,42,42,42,42,42,42,42,42,42,42,42,42,42],"card_choices":[{"not_picked":["Scrape","Beam Cell"],"picked":"Gash","floor":1.0},{"not_picked":["Steam","Leap"],"picked":"Go for the Eyes","floor":4.0},{"not_picked":["Leap","Streamline"],"picked":"Ball Lightning","floor":5.0},{"not_picked":["Go for the Eyes","Chaos"],"picked":"All For One","floor":7.0},{"not_picked":["White Noise","Heatsinks"],"picked":"Hologram","floor":8.0},{"not_picked":["Consume","Redo"],"picked":"Rip and Tear","floor":10.0},{"not_picked":["Consume","Gash"],"picked":"Beam Cell","floor":11.0},{"not_picked":["Cold Snap","Compile Driver"],"picked":"Reinforced Body","floor":12.0},{"not_picked":["Gash","Meteor Strike"],"picked":"Steam","floor":13.0},{"not_picked":["Beam Cell","Barrage","Streamline"],"picked":"SKIP","floor":14.0},{"not_picked":["Hyperbeam","Reboot"],"picked":"Buffer","floor":16.0},{"not_picked":["Barrage","Sweeping Beam"],"picked":"Storm","floor":18.0},{"not_picked":["Hologram","Consume","Ball Lightning"],"picked":"SKIP","floor":21.0},{"not_picked":["Ball Lightning","Compile Driver","Rip and Tear"],"picked":"SKIP","floor":22.0},{"not_picked":["Redo","Defragment+1"],"picked":"FTL","floor":28.0},{"not_picked":["Lockon+1","Sweeping Beam"],"picked":"Turbo","floor":29.0},{"not_picked":["Scrape","Skim"],"picked":"Go for the Eyes","floor":31.0},{"not_picked":["Machine Learning","Amplify"],"picked":"Seek","floor":33.0},{"not_picked":["Consume+1","Rebound"],"picked":"Redo+1","floor":35.0},{"not_picked":["Ball Lightning+1","Static Discharge"],"picked":"Self Repair","floor":37.0},{"not_picked":["Redo","Steam"],"picked":"Cold Snap+1","floor":38.0},{"not_picked":["Static Discharge","Turbo","Beam Cell"],"picked":"SKIP","floor":41.0},{"not_picked":["Ball Lightning+1","Go for the Eyes+1","Darkness"],"picked":"SKIP","floor":45.0},{"not_picked":["Genetic Algorithm","Core Surge","Auto Shields"],"picked":"SKIP","floor":48.0}],"player_experience":1929284,"relics_obtained":[{"floor":7.0,"key":"Shuriken"},{"floor":9.0,"key":"Matryoshka"},{"floor":10.0,"key":"Du-Vu Doll"},{"floor":13.0,"key":"Mummified Hand"},{"floor":26.0,"key":"Bronze Scales"},{"floor":26.0,"key":"Ornamental Fan"},{"floor":31.0,"key":"Strawberry"},{"floor":39.0,"key":"Shovel"},{"floor":41.0,"key":"Blood Vial"},{"floor":43.0,"key":"Boot"},{"floor":43.0,"key":"Gremlin Horn"},{"floor":48.0,"key":"Calipers"}],"event_choices":[{"damage_healed":0.0,"max_hp_gain":0.0,"max_hp_loss":0.0,"gold_gain":0.0,"event_name":"Shining Light","player_choice":"Entered Light","floor":2.0,"gold_loss":0.0,"damage_taken":21.0,"cards_upgraded":["Strike_B","Gash"]},{"damage_healed":17.0,"max_hp_gain":0.0,"max_hp_loss":0.0,"gold_gain":0.0,"event_name":"The Cleric","player_choice":"Healed","floor":3.0,"gold_loss":35.0,"damage_taken":0.0},{"damage_healed":0.0,"max_hp_gain":0.0,"max_hp_loss":36.0,"gold_gain":0.0,"event_name":"Ghosts","player_choice":"Became a Ghost","floor":20.0,"gold_loss":0.0,"damage_taken":0.0,"cards_obtained":["Ghostly","Ghostly","Ghostly"]},{"cards_removed":["Strike_B"],"damage_healed":0.0,"max_hp_gain":0.0,"max_hp_loss":0.0,"gold_gain":0.0,"event_name":"Beggar","player_choice":"Gave Gold","floor":27.0,"gold_loss":75.0,"damage_taken":0.0},{"damage_healed":0.0,"max_hp_gain":0.0,"max_hp_loss":0.0,"gold_gain":0.0,"event_name":"MindBloom","player_choice":"Fight","floor":39.0,"gold_loss":0.0,"damage_taken":0.0},{"damage_healed":0.0,"max_hp_gain":0.0,"max_hp_loss":0.0,"gold_gain":0.0,"event_name":"Winding Halls","player_choice":"Embrace Madness","floor":46.0,"gold_loss":0.0,"damage_taken":8.0,"cards_obtained":["Madness","Madness"]}],"is_beta":false,"boss_relics":[{"not_picked":["Inserter","Coffee Dripper"],"picked":"Lizard Tail"},{"not_picked":["Snecko Eye","Velvet Choker"],"picked":"Nuclear Battery"}],"items_purged_floors":[19],"is_endless":false,"potions_floor_spawned":[4,10,11,22,31,33,35,39,41,48],"killed_by":"Donu and Deca","ascension_level":15}