{"gold_per_floor":[210,54,64,74,90,90,107,107,132,148,179,179,214,214,214,291,341,354,374,374,384,400,400],"floor_reached":23,"playtime":1570,"items_purged":[],"score":359,"play_id":"11f01273-7a6a-42b1-b775-f83f72e9017c","local_time":"20180728162459","is_ascension_mode":true,"campfire_choices":[{"data":"Zap","floor":6,"key":"SMITH"},{"data":"Sunder","floor":8,"key":"SMITH"},{"floor":12,"key":"REST"},{"data":"Go for the Eyes","floor":15,"key":"SMITH"}],"neow_cost":"NONE","seed_source_timestamp":32167805937025,"circlet_count":0,"master_deck":["Strike_B","Strike_B","Strike_B","Strike_B","Defend_B","Defend_B","Defend_B","Defend_B","Zap+1","Dualcast+1","AscendersBane","Ball Lightning","Cold Snap","Go for the Eyes+1","Coolheaded","Compile Driver","Auto Shields","Hologram","Sunder+1","Reinforced Body","Ball Lightning","Biased Cognition","Leap","Go for the Eyes","Stack"],"relics":["Cracked Core","Pen Nib","Centennial Puzzle","Juzu Bracelet","Tiny House","NlothsMask"],"potions_floor_usage":[11,11,22],"damage_taken":[{"damage":0,"enemies":"Small Slimes","floor":1,"turns":3},{"damage":0,"enemies":"Cultist","floor":3,"turns":3},{"damage":7,"enemies":"Jaw Worm","floor":4,"turns":3},{"damage":23,"enemies":"Lots of Slimes","floor":5,"turns":5},{"damage":11,"enemies":"Large Slime","floor":7,"turns":4},{"damage":0,"enemies":"2 Fungi Beasts","floor":10,"turns":2},{"damage":13,"enemies":"Lagavulin","floor":11,"turns":4},{"damage":1,"enemies":"3 Sentries","floor":13,"turns":5},{"damage":22,"enemies":"The Guardian","floor":16,"turns":12},{"damage":20,"enemies":"2 Thieves","floor":18,"turns":4},{"damage":3,"enemies":"Shell Parasite","floor":19,"turns":6},{"damage":11,"enemies":"Snake Plant","floor":21,"turns":4},{"damage":6,"enemies":"3 Cultists","floor":22,"turns":5},{"damage":35,"enemies":"Gremlin Leader","floor":23,"turns":2}],"seed_played":"-7061636184203479590","potions_obtained":[{"floor":4,"key":"SneckoOil"},{"floor":7,"key":"Energy Potion"},{"floor":11,"key":"Energy Potion"},{"floor":17,"key":"Fire Potion"}],"is_trial":false,"path_per_floor":["M","$","M","M","M","R","M","R","T","M","E","R","E","?","R","B",null,"M","M","?","M","M"],"character_chosen":"DEFECT","items_purchased":["Cold Snap","Go for the Eyes","Coolheaded"],"campfire_rested":1,"item_purchase_floors":[2,2,2],"current_hp_per_floor":[64,64,64,57,34,34,23,23,23,23,10,31,30,53,53,31,66,46,43,43,32,26,0],"gold":400,"neow_bonus":"HUNDRED_GOLD","is_prod":false,"is_daily":false,"chose_seed":false,"campfire_upgraded":3,"win_rate":0,"timestamp":1532820299,"path_taken":["M","$","M","M","M","R","M","R","T","M","E","R","E","?","R","BOSS","M","M","?","M","M","E"],"build_version":"2018-07-26","purchased_purges":0,"victory":false,"max_hp_per_floor":[71,71,71,71,71,71,71,71,71,71,71,71,71,71,71,71,76,76,76,76,76,76,76],"card_choices":[{"not_picked":["Redo","Fusion"],"picked":"Ball Lightning","floor":1},{"not_picked":["Melter","Chaos"],"picked":"Compile Driver","floor":3},{"not_picked":["Recycle","Redo"],"picked":"Auto Shields","floor":4},{"not_picked":["Go for the Eyes","Cold Snap"],"picked":"Hologram","floor":5},{"not_picked":["Rebound","Conserve Battery"],"picked":"Sunder","floor":7},{"not_picked":["Beam Cell","Consume"],"picked":"Reinforced Body","floor":10},{"not_picked":["Amplify","Skim","Beam Cell"],"picked":"SKIP","floor":11},{"not_picked":["Redo","Heatsinks"],"picked":"Ball Lightning","floor":13},{"not_picked":["Hyperbeam","Creative AI"],"picked":"Biased Cognition","floor":16},{"not_picked":["Stack","Self Repair"],"picked":"Leap","floor":18},{"not_picked":["Rip and Tear+1","Leap+1"],"picked":"Go for the Eyes","floor":19},{"not_picked":["Tempest","Reprogram","Gash"],"picked":"SKIP","floor":21},{"not_picked":["Darkness","Cold Snap"],"picked":"Stack","floor":22}],"player_experience":922126,"relics_obtained":[{"floor":9,"key":"Pen Nib"},{"floor":11,"key":"Centennial Puzzle"},{"floor":13,"key":"Juzu Bracelet"}],"event_choices":[{"event_name":"Big Fish","player_choice":"Banana","floor":14,"damage_taken":0},{"event_name":"FaceTrader","player_choice":"Trade","floor":20,"damage_taken":0}],"is_beta":false,"boss_relics":[{"not_picked":["Runic Pyramid","Orrery"],"picked":"Tiny House"}],"items_purged_floors":[],"is_endless":false,"potions_floor_spawned":[4,7,10,11,19,21],"killed_by":"Gremlin Leader","ascension_level":15}