{"gold_per_floor":[116,132,207,17,17,72,72,103,176,202,202,234,253,270,270,270],"floor_reached":16,"playtime":896,"items_purged":[],"score":191,"play_id":"e9507236-21bb-4620-9353-70268b957f7e","local_time":"20181126203822","is_ascension_mode":true,"campfire_choices":[{"floor":15,"key":"REST"}],"neow_cost":"NONE","seed_source_timestamp":173115634702528,"circlet_count":0,"master_deck":["Strike_R","Strike_R","Strike_R","Strike_R","Strike_R","Defend_R","Defend_R","Defend_R","Defend_R","Bash","Iron Wave","Whirlwind","Headbutt","Heavy Blade","Intimidate","Uppercut","Seeing Red"],"relics":["Burning Blood","NeowsBlessing","ClockworkSouvenir","Tiny Chest","Dream Catcher","Sundial","Ornamental Fan","Juzu Bracelet"],"potions_floor_usage":[8,12,14,16],"damage_taken":[{"damage":0,"enemies":"Jaw Worm","floor":1,"turns":1},{"damage":0,"enemies":"Small Slimes","floor":2,"turns":1},{"damage":0,"enemies":"Lagavulin","floor":6,"turns":1},{"damage":16,"enemies":"Gremlin Nob","floor":8,"turns":5},{"damage":45,"enemies":"3 Sentries","floor":10,"turns":7},{"damage":13,"enemies":"Gremlin Nob","floor":12,"turns":4},{"damage":2,"enemies":"2 Louse","floor":13,"turns":3},{"damage":17,"enemies":"Large Slime","floor":14,"turns":4},{"damage":64,"enemies":"Hexaghost","floor":16,"turns":9}],"seed_played":"8989191122332713143","potions_obtained":[{"floor":2,"key":"Block Potion"},{"floor":10,"key":"FearPotion"},{"floor":13,"key":"Energy Potion"},{"floor":14,"key":"AttackPotion"}],"is_trial":false,"path_per_floor":["M","M","?","$","?","E","?","E","T","E","?","E","M","M","R","B"],"character_chosen":"IRONCLAD","items_purchased":["ClockworkSouvenir"],"campfire_rested":1,"item_purchase_floors":[4],"current_hp_per_floor":[80,80,69,69,69,75,75,65,65,26,52,45,49,38,62,0],"gold":270,"neow_bonus":"THREE_ENEMY_KILL","is_prod":false,"is_daily":false,"chose_seed":false,"campfire_upgraded":0,"win_rate":0,"timestamp":1543282702,"path_taken":["M","M","?","$","?","E","?","E","T","E","?","E","M","M","R","BOSS"],"build_version":"2018-11-15","purchased_purges":0,"victory":false,"max_hp_per_floor":[80,80,80,80,80,80,80,80,80,80,80,80,80,80,80,80],"card_choices":[{"not_picked":["Clash","Armaments"],"picked":"Iron Wave","floor":1},{"not_picked":["Clash","Armaments","Havoc"],"picked":"SKIP","floor":2},{"not_picked":["Exhume","Warcry","Wild Strike"],"picked":"SKIP","floor":6},{"not_picked":["Thunderclap","Headbutt"],"picked":"Whirlwind","floor":8},{"not_picked":["Twin Strike","Ghostly Armor"],"picked":"Headbutt","floor":10},{"not_picked":["Corruption","Sword Boomerang"],"picked":"Heavy Blade","floor":12},{"not_picked":["Cleave","Fire Breathing"],"picked":"Intimidate","floor":13},{"not_picked":["Clash","Thunderclap"],"picked":"Uppercut","floor":14},{"not_picked":["Clothesline","True Grit"],"picked":"Seeing Red","floor":15}],"player_experience":175255,"relics_obtained":[{"floor":6,"key":"Tiny Chest"},{"floor":8,"key":"Dream Catcher"},{"floor":9,"key":"Sundial"},{"floor":10,"key":"Ornamental Fan"},{"floor":12,"key":"Juzu Bracelet"}],"event_choices":[{"damage_healed":0,"gold_gain":75,"player_choice":"Gather Gold","damage_taken":11,"max_hp_gain":0,"max_hp_loss":0,"event_name":"World of Goop","floor":3,"gold_loss":0},{"damage_healed":0,"gold_gain":0,"player_choice":"Leave","damage_taken":0,"max_hp_gain":0,"max_hp_loss":0,"event_name":"The Cleric","floor":5,"gold_loss":0},{"damage_healed":0,"gold_gain":0,"player_choice":"Ignored","damage_taken":0,"max_hp_gain":0,"max_hp_loss":0,"event_name":"Golden Wing","floor":7,"gold_loss":0},{"damage_healed":26,"gold_gain":0,"player_choice":"Banana","damage_taken":0,"max_hp_gain":0,"max_hp_loss":0,"event_name":"Big Fish","floor":11,"gold_loss":0}],"is_beta":false,"boss_relics":[],"items_purged_floors":[],"is_endless":false,"potions_floor_spawned":[2,10,13,14],"killed_by":"Hexaghost","ascension_level":5}