{"gold_per_floor":[113,113,89,89,103,103,134,153,153,166,341,22,35,61,61,158,158,132,132,145,158,168,168,168],"floor_reached":24,"playtime":3359,"items_purged":[],"score":270,"play_id":"a9da0d26-ec64-489b-949b-5b4c7e4bdbde","local_time":"20181025014806","is_ascension_mode":true,"campfire_choices":[{"data":"White Noise","floor":6.0,"key":"SMITH"},{"floor":15.0,"key":"REST"},{"floor":23,"key":"DIG"}],"neow_cost":"NONE","seed_source_timestamp":0,"circlet_count":0,"master_deck":["Strike_B","Strike_B","Strike_B","Defend_B","Defend_B","Defend_B","Defend_B","Zap","Dualcast","Leap","Conserve Battery","White Noise+1","Redo","Go for the Eyes","Hello World","Doubt","Storm","Bandage Up","Multi-Cast","Genetic Algorithm","Cold Snap","Hyperbeam","Glacier","Glacier","All For One","BootSequence","Go for the Eyes","Loop","Storm+1","Turbo","Defragment"],"special_seed":0,"relics":["Cracked Core","Shovel","Dodecahedron","Happy Flower","Orrery","Kunai"],"potions_floor_usage":[21,21,24],"damage_taken":[{"damage":0.0,"enemies":"Small Slimes","floor":1.0,"turns":2.0},{"damage":1.0,"enemies":"2 Louse","floor":5.0,"turns":2.0},{"damage":25.0,"enemies":"3 Sentries","floor":7.0,"turns":9.0},{"damage":0.0,"enemies":"Jaw Worm","floor":8.0,"turns":3.0},{"damage":6.0,"enemies":"2 Fungi Beasts","floor":10.0,"turns":4.0},{"damage":11.0,"enemies":"Looter","floor":13.0,"turns":3.0},{"damage":27.0,"enemies":"Lagavulin","floor":14.0,"turns":8.0},{"damage":37.0,"enemies":"The Guardian","floor":16.0,"turns":12.0},{"damage":17,"enemies":"2 Thieves","floor":18,"turns":5},{"damage":13,"enemies":"Spheric Guardian","floor":20,"turns":10},{"damage":5,"enemies":"Snake Plant","floor":21,"turns":7},{"damage":19,"enemies":"Shelled Parasite and Fungi","floor":22,"turns":9},{"damage":39,"enemies":"3 Cultists","floor":24,"turns":3}],"seed_played":"898919091865029983","potions_obtained":[{"floor":5.0,"key":"SneckoOil"},{"floor":8.0,"key":"EntropicBrew"},{"floor":10.0,"key":"AttackPotion"},{"floor":13.0,"key":"Dexterity Potion"},{"floor":14.0,"key":"PowerPotion"},{"floor":16.0,"key":"SteroidPotion"},{"floor":18,"key":"FocusPotion"},{"floor":21,"key":"SteroidPotion"},{"floor":22,"key":"Dexterity Potion"}],"is_trial":false,"path_per_floor":["M","?","$","?","M","R","E","M","T","M","?","$","M","E","R","B",null,"M","?","M","M","M","R"],"character_chosen":"DEFECT","items_purchased":["Conserve Battery","Storm","Bandage Up","Multi-Cast"],"campfire_rested":1,"item_purchase_floors":[3,12,12,12],"current_hp_per_floor":[75,80,80,73,72,72,47,47,47,41,41,41,34,11,37,13,69,56,56,47,46,31,31,0],"gold":168,"neow_bonus":"TEN_PERCENT_HP_BONUS","is_prod":false,"is_daily":false,"chose_seed":false,"campfire_upgraded":1,"win_rate":0,"timestamp":1540424886,"path_taken":["M","?","$","?","M","R","E","?","T","M","?","$","?","E","R","BOSS","M","?","M","M","?","R","M"],"build_version":"2018-10-23","purchased_purges":0,"victory":false,"max_hp_per_floor":[82,87,87,87,87,87,87,87,87,87,87,87,87,87,87,87,87,87,87,87,87,87,87,87],"card_choices":[{"not_picked":["Ball Lightning","Steam"],"picked":"Leap","floor":1.0},{"not_picked":["Sweeping Beam","Chill"],"picked":"White Noise","floor":5.0},{"not_picked":["Fusion","Force Field"],"picked":"Redo","floor":7.0},{"not_picked":["Undo","Stack"],"picked":"Go for the Eyes","floor":8.0},{"not_picked":["Beam Cell","Compile Driver"],"picked":"Hello World","floor":10.0},{"not_picked":["Conserve Battery","Redo"],"picked":"Genetic Algorithm","floor":13.0},{"not_picked":["Scrape","Steam"],"picked":"Cold Snap","floor":14.0},{"not_picked":["Biased Cognition","Reboot"],"picked":"Hyperbeam","floor":16.0},{"not_picked":["Steam","Beam Cell"],"picked":"Glacier","floor":17.0},{"not_picked":["Coolheaded","Genetic Algorithm"],"picked":"Glacier","floor":17.0},{"not_picked":["Redo","Compile Driver"],"picked":"All For One","floor":17.0},{"not_picked":["Doom and Gloom","Turbo"],"picked":"BootSequence","floor":17.0},{"not_picked":["Beam Cell","Reinforced Body"],"picked":"Go for the Eyes","floor":17.0},{"not_picked":["Sweeping Beam","Gash"],"picked":"Loop","floor":18},{"not_picked":["Rebound","Genetic Algorithm"],"picked":"Storm+1","floor":20},{"not_picked":["Stack","Hologram"],"picked":"Turbo","floor":21},{"not_picked":["Go for the Eyes","Steam+1"],"picked":"Defragment","floor":22}],"player_experience":189909,"relics_obtained":[{"floor":7.0,"key":"Shovel"},{"floor":9.0,"key":"Dodecahedron"},{"floor":14.0,"key":"Happy Flower"},{"floor":23,"key":"Kunai"}],"event_choices":[{"damage_healed":0.0,"max_hp_gain":5.0,"max_hp_loss":0.0,"gold_gain":0.0,"event_name":"Big Fish","player_choice":"Donut","floor":2.0,"gold_loss":0.0,"damage_taken":0.0},{"cards_removed":["Strike_B"],"damage_healed":0.0,"max_hp_gain":0.0,"max_hp_loss":0.0,"gold_gain":0.0,"event_name":"Golden Wing","player_choice":"Card Removal","floor":4.0,"gold_loss":0.0,"damage_taken":7.0},{"damage_healed":0.0,"max_hp_gain":0.0,"max_hp_loss":0.0,"gold_gain":175.0,"event_name":"Liars Game","player_choice":"AGREE","floor":11.0,"gold_loss":0.0,"damage_taken":0.0,"cards_obtained":["Doubt"]},{"damage_healed":0,"gold_gain":0,"player_choice":"Ignored","damage_taken":0,"max_hp_gain":0,"max_hp_loss":0,"event_name":"Vampires","floor":19,"gold_loss":0}],"is_beta":true,"boss_relics":[{"not_picked":["Black Star","Ectoplasm"],"picked":"Orrery"}],"items_purged_floors":[],"is_endless":false,"potions_floor_spawned":[5,8,10,13,14,16,18,21,22],"killed_by":"3 Cultists","ascension_level":6}