{"gold_per_floor":[14,27,27,27,37,37,37,63,90,90,109,144,159,177,177,253,253,267,285,215,228,245,245,265,278,354,269,9,29,64,79,79,79],"floor_reached":33,"playtime":1645,"items_purged":[],"score":566,"play_id":"5e88ab87-aec8-4e6c-b88e-6bcd00a22cd4","local_time":"20190309233709","is_ascension_mode":true,"campfire_choices":[{"data":"Electrodynamics","floor":6.0,"key":"SMITH"},{"floor":10.0,"key":"REST"},{"floor":15.0,"key":"REST"},{"floor":23.0,"key":"REST"},{"data":"Multi-Cast","floor":32.0,"key":"SMITH"}],"neow_cost":"NO_GOLD","seed_source_timestamp":0,"circlet_count":0,"master_deck":["AscendersBane","Strike_B","Strike_B","Strike_B","Strike_B","Defend_B","Defend_B","Defend_B","Defend_B","Zap+1","Dualcast","Electrodynamics+1","Auto Shields","Hologram","FTL","Conserve Battery","Leap","Multi-Cast+1","Tempest+1","White Noise","Clumsy","Heatsinks","Stack","Ball Lightning","Conserve Battery","Stack"],"special_seed":0,"relics":["Cracked Core","Boot","Lantern","Letter Opener","Cursed Key","Mummified Hand","Bottled Tornado","Oddly Smooth Stone","Lee\u0027s Waffle","Prayer Wheel"],"potions_floor_usage":[33],"damage_taken":[{"damage":6.0,"enemies":"Cultist","floor":1.0,"turns":3.0},{"damage":8.0,"enemies":"Small Slimes","floor":2.0,"turns":3.0},{"damage":1.0,"enemies":"Jaw Worm","floor":5.0,"turns":3.0},{"damage":29.0,"enemies":"Lagavulin","floor":8.0,"turns":6.0},{"damage":16.0,"enemies":"Gremlin Gang","floor":11.0,"turns":3.0},{"damage":29.0,"enemies":"Gremlin Nob","floor":12.0,"turns":4.0},{"damage":1.0,"enemies":"3 Louse","floor":13.0,"turns":2.0},{"damage":0.0,"enemies":"Exordium Wildlife","floor":14.0,"turns":1.0},{"damage":7.0,"enemies":"The Guardian","floor":16.0,"turns":11.0},{"damage":27.0,"enemies":"Shell Parasite","floor":18.0,"turns":5.0},{"damage":4.0,"enemies":"Spheric Guardian","floor":19.0,"turns":4.0},{"damage":17.0,"enemies":"Centurion and Healer","floor":21.0,"turns":5.0},{"damage":12.0,"enemies":"Snake Plant","floor":22.0,"turns":3.0},{"damage":0.0,"enemies":"3 Cultists","floor":24.0,"turns":3.0},{"damage":5.0,"enemies":"Centurion and Healer","floor":25.0,"turns":4.0},{"damage":0.0,"enemies":"Cultist and Chosen","floor":29.0,"turns":3.0},{"damage":32.0,"enemies":"Book of Stabbing","floor":30.0,"turns":4.0},{"damage":8.0,"enemies":"Snecko","floor":31.0,"turns":3.0},{"damage":50,"enemies":"Automaton","floor":33,"turns":8}],"seed_played":"8753901870340028661","potions_obtained":[{"floor":1.0,"key":"Fruit Juice"},{"floor":11.0,"key":"GamblersBrew"},{"floor":12.0,"key":"LiquidBronze"},{"floor":18.0,"key":"Block Potion"},{"floor":21.0,"key":"Fire Potion"},{"floor":24.0,"key":"FairyPotion"},{"floor":25.0,"key":"EntropicBrew"}],"is_trial":false,"path_per_floor":["M","M","?","$","M","R","?","E","T","R","M","E","M","M","R","B",null,"M","M","?","M","M","R","M","M","T","?","$","M","E","M","R","B"],"character_chosen":"DEFECT","items_purchased":["Lee\u0027s Waffle","Heatsinks"],"campfire_rested":3,"item_purchase_floors":[28,28],"current_hp_per_floor":[63,55,55,55,54,54,54,25,25,47,31,2,1,1,23,16,61,34,30,30,13,1,23,23,18,18,18,83,83,51,43,43,0],"gold":79,"neow_bonus":"THREE_RARE_CARDS","is_prod":false,"is_daily":false,"chose_seed":true,"campfire_upgraded":2,"win_rate":0,"timestamp":1552145829,"path_taken":["M","?","?","$","M","R","?","E","T","R","M","E","?","M","R","BOSS","M","M","?","M","M","R","?","M","T","?","$","M","E","M","R","BOSS"],"build_version":"2019-01-23","purchased_purges":0,"victory":false,"max_hp_per_floor":[76,76,76,76,76,76,76,76,76,76,76,76,76,76,76,76,76,76,76,76,76,76,76,76,76,76,76,83,83,83,83,83,83],"card_choices":[{"not_picked":["All For One","Hyperbeam"],"picked":"Electrodynamics","floor":0.0},{"not_picked":["Skim","Blizzard"],"picked":"Auto Shields","floor":1.0},{"not_picked":["Leap","Stack"],"picked":"Hologram","floor":2.0},{"not_picked":["Cold Snap","Steam"],"picked":"FTL","floor":5.0},{"not_picked":["Force Field","Barrage","Hologram"],"picked":"SKIP","floor":8.0},{"not_picked":["Sunder","Redo"],"picked":"Conserve Battery","floor":11.0},{"not_picked":["Hyperbeam","Darkness","Beam Cell"],"picked":"SKIP","floor":12.0},{"not_picked":["Compile Driver","Steam"],"picked":"Leap","floor":13.0},{"not_picked":["Skim","Melter","Redo"],"picked":"SKIP","floor":14.0},{"not_picked":["Rainbow","Machine Learning"],"picked":"Multi-Cast","floor":16.0},{"not_picked":["Hello World","Go for the Eyes","Gash"],"picked":"SKIP","floor":18.0},{"not_picked":["Redo","Genetic Algorithm","Beam Cell"],"picked":"SKIP","floor":19.0},{"not_picked":["Skim","Leap+1"],"picked":"Tempest+1","floor":21.0},{"not_picked":["Beam Cell","Redo+1","Hologram"],"picked":"SKIP","floor":22.0},{"not_picked":["Melter","Rebound"],"picked":"White Noise","floor":24.0},{"not_picked":["Tempest","Scrape+1","Leap"],"picked":"SKIP","floor":25.0},{"not_picked":["Beam Cell","Hologram"],"picked":"Stack","floor":29.0},{"not_picked":["All For One","Sunder"],"picked":"Ball Lightning","floor":30.0},{"not_picked":["Multi-Cast","Leap"],"picked":"Conserve Battery","floor":31.0},{"not_picked":["Gash+1","Compile Driver"],"picked":"Stack","floor":31.0}],"player_experience":2771965,"relics_obtained":[{"floor":8.0,"key":"Boot"},{"floor":9.0,"key":"Lantern"},{"floor":12.0,"key":"Letter Opener"},{"floor":26.0,"key":"Bottled Tornado"},{"floor":30.0,"key":"Prayer Wheel"}],"event_choices":[{"damage_healed":0.0,"max_hp_gain":0.0,"max_hp_loss":0.0,"gold_gain":0.0,"event_name":"Shining Light","player_choice":"Ignored","floor":3.0,"gold_loss":0.0,"damage_taken":0.0},{"damage_healed":0.0,"max_hp_gain":0.0,"max_hp_loss":0.0,"gold_gain":0.0,"event_name":"Upgrade Shrine","player_choice":"Upgraded","floor":7.0,"gold_loss":0.0,"damage_taken":0.0,"cards_upgraded":["Zap"]},{"damage_healed":0.0,"max_hp_gain":0.0,"max_hp_loss":0.0,"gold_gain":0.0,"event_name":"WeMeetAgain","player_choice":"Paid Gold","floor":20.0,"gold_loss":70.0,"damage_taken":0.0,"relics_obtained":["Mummified Hand"]},{"damage_healed":0.0,"max_hp_gain":0.0,"max_hp_loss":0.0,"gold_gain":0.0,"event_name":"Addict","player_choice":"Obtained Relic","floor":27.0,"gold_loss":85.0,"damage_taken":0.0,"relics_obtained":["Oddly Smooth Stone"]}],"is_beta":false,"boss_relics":[{"not_picked":["Black Star","Velvet Choker"],"picked":"Cursed Key"}],"items_purged_floors":[],"is_endless":false,"potions_floor_spawned":[1,11,12,18,21,24,25],"killed_by":"Automaton","ascension_level":20}