{"gold_per_floor":[15,28,28,28,52,52,95,95,121,156,231,255,270,26,26,26],"floor_reached":16,"playtime":409,"items_purged":["Strike_R"],"score":220,"play_id":"5946ac59-918d-4b4c-96c6-ba8cba34d09c","local_time":"20181201191825","is_ascension_mode":true,"campfire_choices":[{"data":"Heavy Blade","floor":6,"key":"SMITH"},{"data":"Demon Form","floor":8,"key":"SMITH"},{"data":"Entrench","floor":15,"key":"SMITH"}],"neow_cost":"NO_GOLD","seed_source_timestamp":9400728328323,"circlet_count":0,"master_deck":["AscendersBane","Strike_R","Strike_R","Strike_R","Strike_R","Defend_R","Defend_R","Defend_R","Defend_R","Bash","Demon Form+1","Heavy Blade+1","Entrench+1","Whirlwind","Double Tap"],"relics":["Burning Blood","Golden Idol","Regal Pillow","Orichalcum","Happy Flower"],"potions_floor_usage":[5,7,12,13],"damage_taken":[{"damage":9,"enemies":"Jaw Worm","floor":1,"turns":5},{"damage":16,"enemies":"Small Slimes","floor":2,"turns":6},{"damage":1,"enemies":"Cultist","floor":5,"turns":3},{"damage":17,"enemies":"3 Sentries","floor":7,"turns":5},{"damage":20,"enemies":"Gremlin Nob","floor":10,"turns":4},{"damage":14,"enemies":"Large Slime","floor":12,"turns":8},{"damage":7,"enemies":"Exordium Wildlife","floor":13,"turns":4},{"damage":30,"enemies":"The Guardian","floor":16,"turns":2}],"seed_played":"-150003166316471196","potions_obtained":[{"floor":1,"key":"Strength Potion"},{"floor":2,"key":"SpeedPotion"},{"floor":4,"key":"SkillPotion"},{"floor":5,"key":"SpeedPotion"},{"floor":10,"key":"Poison Potion"}],"is_trial":false,"path_per_floor":["M","M","?","?","M","R","E","R","T","E","?","M","M","$","R","B"],"character_chosen":"IRONCLAD","items_purchased":["Double Tap"],"campfire_rested":0,"item_purchase_floors":[14],"current_hp_per_floor":[65,55,55,55,60,60,49,49,49,35,24,16,15,15,15,0],"gold":26,"neow_bonus":"THREE_RARE_CARDS","is_prod":false,"is_daily":false,"chose_seed":false,"campfire_upgraded":3,"win_rate":0,"timestamp":1543663105,"path_taken":["M","M","?","?","?","R","E","R","T","E","?","M","M","$","R","BOSS"],"build_version":"2018-11-15","purchased_purges":1,"victory":false,"max_hp_per_floor":[75,75,68,68,68,68,68,68,68,68,68,68,68,68,68,68],"card_choices":[{"not_picked":["Berserk","Fiend Fire"],"picked":"Demon Form","floor":0},{"not_picked":["Intimidate","Clothesline","Blood for Blood"],"picked":"SKIP","floor":1},{"not_picked":["Rage","Thunderclap"],"picked":"Heavy Blade","floor":2},{"not_picked":["Anger","Corruption"],"picked":"Entrench","floor":5},{"not_picked":["Warcry","Havoc"],"picked":"Whirlwind","floor":7},{"not_picked":["Entrench","Perfected Strike","Armaments"],"picked":"SKIP","floor":10},{"not_picked":["Carnage","Warcry","Dual Wield"],"picked":"SKIP","floor":12},{"not_picked":["Hemokinesis","Dropkick","Havoc"],"picked":"SKIP","floor":13}],"player_experience":2240122,"relics_obtained":[{"floor":7,"key":"Regal Pillow"},{"floor":9,"key":"Orichalcum"},{"floor":10,"key":"Happy Flower"}],"event_choices":[{"damage_healed":0,"gold_gain":0,"player_choice":"Lose Max HP","damage_taken":0,"relics_obtained":["Golden Idol"],"max_hp_gain":0,"max_hp_loss":7,"event_name":"Golden Idol","floor":3,"gold_loss":0},{"damage_healed":0,"gold_gain":0,"player_choice":"Got Potions","damage_taken":0,"max_hp_gain":0,"max_hp_loss":0,"event_name":"Lab","floor":4,"gold_loss":0},{"damage_healed":0,"gold_gain":75,"player_choice":"Gather Gold","damage_taken":11,"max_hp_gain":0,"max_hp_loss":0,"event_name":"World of Goop","floor":11,"gold_loss":0}],"is_beta":false,"boss_relics":[],"items_purged_floors":[14],"is_endless":false,"potions_floor_spawned":[1,2,5,10],"killed_by":"The Guardian","ascension_level":20}