{"gold_per_floor":[219,235,0,10,29,57,57,67,115,115,35,35,35,35,35,135,135,148,167,167,178,188,188,201,53,79,98,98,197,0,27,27,131,131,144,144,164,0,0,0,45,64,142,152,152,0,0,0,0,0],"floor_reached":50,"playtime":2182,"items_purged":[],"score":646,"play_id":"486861c8-7da9-43e7-92c8-49a74e579593","local_time":"20181021160007","is_ascension_mode":true,"campfire_choices":[{"data":"Mayhem","floor":7,"key":"SMITH"},{"data":"Turbo","floor":10,"key":"SMITH"},{"data":"Double Energy","floor":15,"key":"SMITH"},{"floor":23,"key":"REST"},{"data":"Creative AI","floor":28,"key":"SMITH"},{"data":"Buffer","floor":32,"key":"SMITH"},{"floor":40,"key":"REST"},{"floor":45,"key":"REST"},{"floor":49,"key":"REST"}],"neow_cost":"NONE","seed_source_timestamp":39645172007057,"circlet_count":0,"master_deck":["Strike_B+1","Strike_B+1","Strike_B+1","Strike_B+1","Defend_B+1","Defend_B+1","Defend_B+1","Defend_B+1","Zap+1","Dualcast+1","Redo+1","Sunder+1","Mayhem+1","Doom and Gloom+1","FTL+1","Reinforced Body+1","Ball Lightning+1","Turbo+1","Echo Form+1","Double Energy+1","Zap+1","Echo Form+1","Turbo+1","Glacier+1","Leap+1","Steam Power+1","Turbo+1","Consume+1","Buffer+1","Tempest+1","Go for the Eyes+1","Amplify+1","Hello World+1","Creative AI+1","Steam+1","Static Discharge+1","Machine Learning+1","White Noise+1","Finesse+1","Stack+1","Defragment+1","Reinforced Body+1","Defragment+1","Stack+1"],"relics":["Cracked Core","Prayer Wheel","Bag of Marbles","Mummified Hand","Sozu","Lantern","Lee\u0027s Waffle","Bronze Scales","Eternal Feather","Red Mask","Nunchaku","Mercury Hourglass","Strawberry","Mark of the Bloom"],"potions_floor_usage":[6,16,18,33],"damage_taken":[{"damage":0,"enemies":"Small Slimes","floor":1,"turns":3},{"damage":0,"enemies":"Jaw Worm","floor":2,"turns":3},{"damage":1,"enemies":"Cultist","floor":4,"turns":3},{"damage":12,"enemies":"Looter","floor":5,"turns":3},{"damage":25,"enemies":"3 Sentries","floor":6,"turns":4},{"damage":0,"enemies":"2 Fungi Beasts","floor":8,"turns":2},{"damage":27,"enemies":"The Guardian","floor":16,"turns":7},{"damage":7,"enemies":"3 Byrds","floor":18,"turns":2},{"damage":19,"enemies":"Spheric Guardian","floor":19,"turns":4},{"damage":2,"enemies":"3 Cultists","floor":21,"turns":5},{"damage":24,"enemies":"Snake Plant","floor":22,"turns":3},{"damage":2,"enemies":"Centurion and Healer","floor":24,"turns":6},{"damage":0,"enemies":"3 Cultists","floor":27,"turns":3},{"damage":19,"enemies":"Slavers","floor":31,"turns":4},{"damage":55,"enemies":"Collector","floor":33,"turns":9},{"damage":23,"enemies":"3 Shapes","floor":35,"turns":3},{"damage":14,"enemies":"Orb Walker","floor":37,"turns":3},{"damage":30,"enemies":"2 Orb Walkers","floor":41,"turns":4},{"damage":12,"enemies":"4 Shapes","floor":42,"turns":6},{"damage":13,"enemies":"Spire Growth","floor":44,"turns":5},{"damage":80,"enemies":"Time Eater","floor":50,"turns":6}],"seed_played":"-784096215911545161","potions_obtained":[{"floor":5,"key":"PowerPotion"},{"floor":6,"key":"Dexterity Potion"},{"floor":8,"key":"LiquidBronze"},{"floor":16,"key":"LiquidBronze"}],"is_trial":false,"path_per_floor":["M","M","$","M","M","E","R","M","T","R","$","?","?","?","R","B",null,"M","M","?","M","M","R","M","$","T","M","R","?","$","E","R","B",null,"M","?","M","?","$","R","?","M","T","M","R","$","?","$","R"],"character_chosen":"DEFECT","items_purchased":["Mayhem","Doom and Gloom","Double Energy","Amplify","Hello World","Lee\u0027s Waffle","Strawberry"],"campfire_rested":4,"item_purchase_floors":[3,3,11,25,25,30,46],"current_hp_per_floor":[68,68,68,67,55,30,30,30,30,30,30,55,55,30,30,3,57,50,31,31,29,5,27,25,25,25,25,25,25,82,63,63,8,64,41,41,27,27,27,75,45,33,33,20,68,75,75,75,75,0],"gold":0,"neow_bonus":"HUNDRED_GOLD","is_prod":false,"is_daily":false,"chose_seed":false,"campfire_upgraded":5,"win_rate":0,"timestamp":1540130407,"path_taken":["M","M","$","M","M","E","R","M","T","R","$","?","?","?","R","BOSS","M","M","?","M","M","R","M","$","T","M","R","?","$","E","R","BOSS","M","?","?","?","$","R","?","M","T","?","R","$","?","$","R","BOSS"],"build_version":"2018-10-18","purchased_purges":0,"victory":false,"max_hp_per_floor":[75,75,75,75,75,75,75,75,75,75,75,75,75,75,75,75,75,75,75,75,75,75,75,75,75,75,75,75,75,82,82,82,82,82,82,82,82,82,82,82,82,82,82,82,82,89,89,89,89,89],"card_choices":[{"not_picked":["Beam Cell","Compile Driver"],"picked":"Redo","floor":1},{"not_picked":["Streamline","Steam"],"picked":"Sunder","floor":2},{"not_picked":["Steam","Doom and Gloom"],"picked":"FTL","floor":4},{"not_picked":["Sweeping Beam","Steam"],"picked":"Reinforced Body","floor":5},{"not_picked":["Melter","Sunder"],"picked":"Ball Lightning","floor":6},{"not_picked":["Conserve Battery","Force Field"],"picked":"Turbo","floor":8},{"not_picked":["Ball Lightning","Turbo"],"picked":"Echo Form","floor":8},{"not_picked":["Multi-Cast","Machine Learning"],"picked":"Echo Form","floor":16},{"not_picked":["Go for the Eyes","Gash"],"picked":"Turbo","floor":18},{"not_picked":["Chill","Gash+1"],"picked":"Glacier","floor":18},{"not_picked":["Conserve Battery","Genetic Algorithm"],"picked":"Leap","floor":19},{"not_picked":["Melter","Hologram","Rebound"],"picked":"SKIP","floor":19},{"not_picked":["Coolheaded+1","Turbo"],"picked":"Steam Power+1","floor":21},{"not_picked":["Beam Cell+1","Cold Snap"],"picked":"Turbo+1","floor":21},{"not_picked":["Steam Power+1","Doom and Gloom"],"picked":"Consume+1","floor":22},{"not_picked":["Chill","Compile Driver"],"picked":"Buffer","floor":22},{"not_picked":["Glacier","Stack"],"picked":"Tempest","floor":24},{"not_picked":["Turbo","Doom and Gloom"],"picked":"Go for the Eyes","floor":24},{"not_picked":["Genetic Algorithm+1","Compile Driver"],"picked":"Creative AI","floor":27},{"not_picked":["Ball Lightning+1","Coolheaded"],"picked":"Steam","floor":27},{"not_picked":["Force Field","Rainbow"],"picked":"Static Discharge+1","floor":31},{"not_picked":["Fission","Reboot"],"picked":"Machine Learning","floor":33},{"not_picked":["Undo+1","Compile Driver"],"picked":"White Noise+1","floor":35},{"not_picked":["Chaos","Compile Driver","Aggregate+1"],"picked":"SKIP","floor":35},{"not_picked":["Discovery","Bandage Up"],"picked":"Finesse","floor":36},{"not_picked":["Conserve Battery+1","Rip and Tear"],"picked":"Stack+1","floor":37},{"not_picked":["Beam Cell","Turbo+1"],"picked":"Defragment+1","floor":37},{"not_picked":["Reprogram+1","Rebound"],"picked":"Reinforced Body+1","floor":41},{"not_picked":["Ball Lightning","Hologram+1","Multi-Cast"],"picked":"SKIP","floor":42},{"not_picked":["Scrape+1","Melter","Redo"],"picked":"SKIP","floor":42},{"not_picked":["Hologram+1","Beam Cell+1"],"picked":"Defragment","floor":44},{"not_picked":["Ball Lightning","Gash"],"picked":"Stack","floor":44}],"player_experience":286311,"relics_obtained":[{"floor":6,"key":"Prayer Wheel"},{"floor":9,"key":"Bag of Marbles"},{"floor":26,"key":"Lantern"},{"floor":31,"key":"Bronze Scales"},{"floor":41,"key":"Nunchaku"},{"floor":43,"key":"Mercury Hourglass"}],"event_choices":[{"damage_healed":25,"gold_gain":0,"player_choice":"Banana","damage_taken":0,"max_hp_gain":0,"max_hp_loss":0,"event_name":"Big Fish","floor":12,"gold_loss":0},{"damage_healed":0,"gold_gain":0,"player_choice":"1 cards matched","damage_taken":0,"max_hp_gain":0,"max_hp_loss":0,"event_name":"Match and Keep!","floor":13,"gold_loss":0,"cards_obtained":["Zap"]},{"damage_healed":0,"gold_gain":0,"player_choice":"Success","damage_taken":25,"relics_obtained":["Mummified Hand"],"max_hp_gain":0,"max_hp_loss":0,"event_name":"Scrap Ooze","floor":14,"gold_loss":0},{"damage_healed":0,"gold_gain":0,"player_choice":"Ignored","damage_taken":0,"max_hp_gain":0,"max_hp_loss":0,"event_name":"Ghosts","floor":20,"gold_loss":0},{"damage_healed":0,"gold_gain":99,"player_choice":"Stole From Cult","damage_taken":0,"max_hp_gain":0,"max_hp_loss":0,"event_name":"Nest","floor":29,"gold_loss":0},{"damage_healed":0,"gold_gain":0,"player_choice":"Memory 1","damage_taken":0,"max_hp_gain":0,"max_hp_loss":0,"event_name":"SensoryStone","floor":36,"gold_loss":0},{"damage_healed":0,"gold_gain":0,"player_choice":"Paid","damage_taken":0,"relics_obtained":["Red Mask"],"max_hp_gain":0,"max_hp_loss":0,"event_name":"Tomb of Lord Red Mask","floor":38,"gold_loss":164},{"damage_healed":0,"gold_gain":0,"player_choice":"Fight","damage_taken":0,"max_hp_gain":0,"max_hp_loss":0,"event_name":"Mysterious Sphere","floor":41,"gold_loss":0},{"damage_healed":0,"gold_gain":0,"player_choice":"Upgrade","damage_taken":0,"relics_obtained":["Mark of the Bloom"],"max_hp_gain":0,"max_hp_loss":0,"event_name":"MindBloom","floor":47,"gold_loss":0,"cards_upgraded":["Strike_B","Strike_B","Strike_B","Strike_B","Defend_B","Defend_B","Defend_B","Defend_B","Zap","Dualcast","Redo","Sunder","Doom and Gloom","FTL","Reinforced Body","Ball Lightning","Echo Form","Zap","Echo Form","Turbo","Glacier","Leap","Tempest","Go for the Eyes","Amplify","Hello World","Steam","Machine Learning","Finesse","Defragment","Stack"]}],"is_beta":false,"boss_relics":[{"not_picked":["Runic Pyramid","Orrery"],"picked":"Sozu"},{"not_picked":["Calling Bell","Black Star"],"picked":"Eternal Feather"}],"items_purged_floors":[],"is_endless":false,"potions_floor_spawned":[5,6,8,16,18,22,31,41,42,44],"killed_by":"Time Eater","ascension_level":7}