{"gold_per_floor":[114,114,44,57,57,57,88,88,88,122,122,142,152,180,180,276,276,290,290,324,324,344,375,375,375,455,490,510,435,1,36,36,139,139,155,155,255,308,308,308,343,356,356,578,608,608,628,657,657,657,657,657,31,66,66],"floor_reached":56,"playtime":2493,"items_purged":["Strike_B","Defend_B"],"score":1776,"play_id":"440258b2-eb11-4598-a234-d010e4566c14","local_time":"20181206182417","is_ascension_mode":true,"campfire_choices":[{"data":"Sunder","floor":6.0,"key":"SMITH"},{"data":"Zap","floor":8.0,"key":"SMITH"},{"data":"Dualcast","floor":11.0,"key":"SMITH"},{"data":"Hologram","floor":15,"key":"SMITH"},{"data":"Seek","floor":25,"key":"SMITH"},{"data":"Loop","floor":32,"key":"SMITH"},{"data":"Auto Shields","floor":40,"key":"SMITH"},{"data":"Defragment","floor":46,"key":"SMITH"},{"floor":49,"key":"RECALL"},{"data":"Recycle","floor":52,"key":"SMITH"}],"neow_cost":"NONE","seed_source_timestamp":0,"circlet_count":0,"master_deck":["Defend_B","Defend_B","Zap+1","Dualcast+1","Sunder+1","Gash","Gash","Hologram+1","Auto Shields+1","Conserve Battery","Seek+1","Glacier+1","Steam+1","Coolheaded+1","Beam Cell+1","Self Repair","Capacitor+1","Recycle+1","Compile Driver","All For One","Loop+1","Gash","Skim+1","Defragment+1","Turbo+1","Cold Snap+1","Gash","Good Instincts","Defragment+1"],"special_seed":0,"relics":["Cracked Core","NeowsBlessing","Cables","Shuriken","Prayer Wheel","Ginger","DataDisk","Bag of Marbles","Astrolabe","Red Mask","Letter Opener","Juzu Bracelet","Nilry\u0027s Codex","Happy Flower","Ornamental Fan","Lantern","Runic Dome","Gambling Chip","Bag of Preparation","Vajra","Pear","Emotion Chip","Smiling Mask","Incense Burner","OrangePellets","Blood Vial"],"potions_floor_usage":[16,16,31,33,55,55],"damage_taken":[{"damage":0.0,"enemies":"Small Slimes","floor":1.0,"turns":1.0},{"damage":0.0,"enemies":"Cultist","floor":4.0,"turns":1.0},{"damage":0.0,"enemies":"Gremlin Nob","floor":7.0,"turns":1.0},{"damage":20.0,"enemies":"3 Sentries","floor":10.0,"turns":6.0},{"damage":6.0,"enemies":"Jaw Worm","floor":12.0,"turns":2.0},{"damage":10.0,"enemies":"Looter","floor":13.0,"turns":2.0},{"damage":17,"enemies":"Lagavulin","floor":14,"turns":4},{"damage":0,"enemies":"Slime Boss","floor":16,"turns":6},{"damage":0,"enemies":"Spheric Guardian","floor":18,"turns":6},{"damage":13,"enemies":"Masked Bandits","floor":20,"turns":4},{"damage":0,"enemies":"2 Thieves","floor":22,"turns":2},{"damage":0,"enemies":"Slavers","floor":23,"turns":4},{"damage":0,"enemies":"Gremlin Leader","floor":27,"turns":4},{"damage":0,"enemies":"3 Cultists","floor":28,"turns":5},{"damage":0,"enemies":"Slavers","floor":31,"turns":3},{"damage":1,"enemies":"Collector","floor":33,"turns":6},{"damage":11,"enemies":"3 Darklings","floor":35,"turns":5},{"damage":20,"enemies":"Mind Bloom Boss Battle","floor":37,"turns":5},{"damage":0,"enemies":"Giant Head","floor":41,"turns":5},{"damage":0,"enemies":"Orb Walker","floor":42,"turns":3},{"damage":0,"enemies":"Nemesis","floor":45,"turns":5},{"damage":0,"enemies":"Maw","floor":47,"turns":4},{"damage":0,"enemies":"Giant Head","floor":48,"turns":5},{"damage":22,"enemies":"Awakened One","floor":50,"turns":11},{"damage":0,"enemies":"Shield and Spear","floor":54,"turns":2},{"damage":15,"enemies":"The Heart","floor":55,"turns":7}],"seed_played":"3224798932589454082","potions_obtained":[{"floor":1.0,"key":"GamblersBrew"},{"floor":7.0,"key":"GamblersBrew"},{"floor":13.0,"key":"Dexterity Potion"},{"floor":14,"key":"Block Potion"},{"floor":18,"key":"GamblersBrew"},{"floor":23,"key":"Dexterity Potion"},{"floor":31,"key":"Fire Potion"},{"floor":37,"key":"Poison Potion"},{"floor":48,"key":"Weak Potion"}],"is_trial":false,"path_per_floor":["M","?","$","M","T","R","E","R","T","E","R","M","M","E","R","B",null,"M","?","?","?","M","E","?","R","T","E","M","$","$","E","R","B",null,"M","?","?","T","?","R","E","M","T","?","E","R","M","E","R","B",null,"R","$","E","B",null],"character_chosen":"DEFECT","items_purchased":["Sunder","Ornamental Fan","All For One","Loop","Incense Burner","Good Instincts","OrangePellets"],"campfire_rested":0,"item_purchase_floors":[3,30,30,30,53,53,53],"current_hp_per_floor":[75,75,75,75,75,75,75,75,75,55,55,49,39,22,22,22,75,75,75,62,62,69,75,59,59,59,66,73,73,73,75,75,75,75,71,71,58,58,58,58,58,65,75,75,81,81,81,81,81,66,81,81,81,81,73],"gold":66,"neow_bonus":"THREE_ENEMY_KILL","is_prod":false,"is_daily":false,"chose_seed":true,"campfire_upgraded":9,"win_rate":0,"timestamp":1544091857,"path_taken":["M","?","$","?","?","R","E","R","T","E","R","M","M","E","R","BOSS","M","?","?","?","?","E","?","R","T","E","M","?","$","E","R","BOSS","M","?","?","?","?","R","E","M","T","?","E","R","M","E","R","BOSS","R","$","E","BOSS"],"build_version":"2018-11-15","purchased_purges":2,"victory":true,"max_hp_per_floor":[75,75,75,75,75,75,75,75,75,75,75,75,75,75,75,75,75,75,75,75,75,75,75,75,75,75,75,75,75,75,75,75,75,75,75,75,75,75,71,71,71,71,81,81,81,81,81,81,81,81,81,81,81,81,81],"card_choices":[{"not_picked":["Loop","Cold Snap"],"picked":"Barrage","floor":1.0},{"not_picked":["Stack","Sweeping Beam","Fusion"],"picked":"SKIP","floor":4.0},{"not_picked":["Loop","Double Energy"],"picked":"Gash","floor":7.0},{"not_picked":["Conserve Battery","Sweeping Beam"],"picked":"Rainbow","floor":10.0},{"not_picked":["Barrage","Recycle"],"picked":"Gash","floor":12.0},{"not_picked":["Rebound","Steam","Genetic Algorithm"],"picked":"SKIP","floor":12.0},{"not_picked":["Rebound","Steam","Genetic Algorithm"],"picked":"SKIP","floor":12.0},{"not_picked":["Steam","Chill"],"picked":"Hologram","floor":13.0},{"not_picked":["Conserve Battery","Doom and Gloom"],"picked":"Auto Shields","floor":13.0},{"not_picked":["Go for the Eyes","Hello World"],"picked":"Conserve Battery","floor":14},{"not_picked":["Reboot","Hyperbeam"],"picked":"Seek","floor":16},{"not_picked":["Genetic Algorithm","Sunder"],"picked":"Beam Cell+1","floor":18},{"not_picked":["Rebound","Conserve Battery","Steam"],"picked":"SKIP","floor":18},{"not_picked":["Redo","Go for the Eyes"],"picked":"Self Repair","floor":20},{"not_picked":["Coolheaded","Steam Power","Go for the Eyes"],"picked":"SKIP","floor":22},{"not_picked":["Undo","Darkness+1","Redo"],"picked":"SKIP","floor":22},{"not_picked":["Beam Cell","Melter+1"],"picked":"Capacitor+1","floor":23},{"not_picked":["Steam Power","Turbo"],"picked":"Recycle","floor":27},{"not_picked":["BootSequence","Hologram"],"picked":"Compile Driver","floor":28},{"not_picked":["Amplify","Self Repair","Cold Snap"],"picked":"SKIP","floor":28},{"not_picked":["Conserve Battery","Doom and Gloom"],"picked":"Gash","floor":31},{"not_picked":["Rebound+1","Hologram+1","Go for the Eyes+1"],"picked":"SKIP","floor":35},{"not_picked":["Double Energy+1","Sweeping Beam","Cold Snap"],"picked":"SKIP","floor":35},{"not_picked":["Cold Snap+1","Beam Cell+1"],"picked":"Skim+1","floor":41},{"not_picked":["Go for the Eyes+1","Barrage","Compile Driver"],"picked":"SKIP","floor":42},{"not_picked":["Sweeping Beam+1","Self Repair+1","Coolheaded"],"picked":"SKIP","floor":42},{"not_picked":["Go for the Eyes+1","Barrage","Compile Driver"],"picked":"SKIP","floor":42},{"not_picked":["Sweeping Beam+1","Self Repair+1","Coolheaded"],"picked":"SKIP","floor":42},{"not_picked":["Multi-Cast","Fission"],"picked":"Defragment","floor":45},{"not_picked":["Ball Lightning","Go for the Eyes+1"],"picked":"Turbo+1","floor":47},{"not_picked":["Steam+1","Lockon"],"picked":"Cold Snap+1","floor":47},{"not_picked":["Steam+1","Rebound+1"],"picked":"Gash","floor":48},{"not_picked":["Undo+1","Heatsinks+1"],"picked":"Defragment+1","floor":54}],"player_experience":2273510,"relics_obtained":[{"floor":5.0,"key":"Shuriken"},{"floor":7.0,"key":"Prayer Wheel"},{"floor":9.0,"key":"Ginger"},{"floor":10.0,"key":"DataDisk"},{"floor":14,"key":"Bag of Marbles"},{"floor":20,"key":"Red Mask"},{"floor":23,"key":"Juzu Bracelet"},{"floor":24,"key":"Nilry\u0027s Codex"},{"floor":27,"key":"Happy Flower"},{"floor":31,"key":"Lantern"},{"floor":37,"key":"Gambling Chip"},{"floor":38,"key":"Bag of Preparation"},{"floor":41,"key":"Vajra"},{"floor":43,"key":"Pear"},{"floor":45,"key":"Emotion Chip"},{"floor":48,"key":"Smiling Mask"},{"floor":54,"key":"Blood Vial"}],"event_choices":[{"cards_removed":["Barrage"],"damage_healed":0.0,"max_hp_gain":0.0,"max_hp_loss":0.0,"gold_gain":0.0,"event_name":"WeMeetAgain","player_choice":"Gave Card","floor":2.0,"gold_loss":0.0,"damage_taken":0.0,"relics_obtained":["Cables"]},{"cards_removed":["Defend_B"],"damage_healed":0,"gold_gain":0,"player_choice":"Elegance","damage_taken":0,"max_hp_gain":0,"max_hp_loss":0,"event_name":"Back to Basics","floor":19,"gold_loss":0},{"damage_healed":0,"gold_gain":0,"player_choice":"Fought Bandits","damage_taken":0,"max_hp_gain":0,"max_hp_loss":0,"event_name":"Masked Bandits","floor":20,"gold_loss":0},{"damage_healed":0,"gold_gain":0,"player_choice":"Opened","damage_taken":0,"relics_obtained":["Letter Opener"],"max_hp_gain":0,"max_hp_loss":0,"event_name":"The Mausoleum","floor":21,"gold_loss":0},{"damage_healed":0,"gold_gain":0,"player_choice":"Obtained Book","damage_taken":16,"max_hp_gain":0,"max_hp_loss":0,"event_name":"Cursed Tome","floor":24,"gold_loss":0},{"cards_removed":["Rainbow"],"damage_healed":0,"gold_gain":0,"player_choice":"Removed Skill","damage_taken":0,"max_hp_gain":0,"max_hp_loss":0,"event_name":"Falling","floor":36,"gold_loss":0},{"damage_healed":0,"gold_gain":0,"player_choice":"Fight","damage_taken":0,"max_hp_gain":0,"max_hp_loss":0,"event_name":"MindBloom","floor":37,"gold_loss":0},{"damage_healed":0,"gold_gain":0,"player_choice":"Max HP","damage_taken":0,"max_hp_gain":0,"max_hp_loss":4,"event_name":"Winding Halls","floor":39,"gold_loss":0},{"damage_healed":0,"gold_gain":222,"player_choice":"Wore Mask","damage_taken":0,"max_hp_gain":0,"max_hp_loss":0,"event_name":"Tomb of Lord Red Mask","floor":44,"gold_loss":0}],"is_beta":false,"boss_relics":[{"not_picked":["White Beast Statue","FrozenCore"],"picked":"Astrolabe"},{"not_picked":["Pandora\u0027s Box","Fusion Hammer"],"picked":"Runic Dome"}],"items_purged_floors":[29,53],"is_endless":false,"potions_floor_spawned":[1,7,13,14,18,23,27,31,37,48],"ascension_level":1}