{"gold_per_floor":[112,127,141,160,171,204,204,221,221,248,248,259,259,276,276,379,379,389,33,44,44,63,89,99,99,126,141,171,171,181,181,181,277,277,289,339,358,377,439,439,467,517,517,542,8,58,153,173,173,173],"floor_reached":51,"playtime":3477,"items_purged":["Strike_R","Strike_R"],"score":838,"play_id":"e0f7a1b9-d859-4ef3-b046-22e18c2f41ea","local_time":"20180720122854","is_ascension_mode":false,"campfire_choices":[{"data":"Armaments","floor":7.0,"key":"SMITH"},{"data":"Anger","floor":15.0,"key":"SMITH"},{"floor":25,"key":"REST"},{"data":"1","floor":29,"key":"LIFT"},{"data":"2","floor":32,"key":"LIFT"},{"data":"3","floor":40,"key":"LIFT"},{"floor":49,"key":"REST"}],"neow_cost":"NONE","seed_source_timestamp":14400694706335,"circlet_count":0,"master_deck":["Strike_R","Strike_R","Strike_R","Defend_R","Defend_R","Defend_R","Defend_R","Bash","Anger+1","Armaments+1","Feed","True Grit","Pommel Strike","Offering","Battle Trance","Flex","Twin Strike","Ghostly Armor","Shrug It Off+1","Feel No Pain+1","Headbutt","Sword Boomerang+1","Double Tap","Shrug It Off+1","Whirlwind","Iron Wave+1","Feel No Pain","Madness","Madness"],"special_seed":0,"relics":["Burning Blood","Boot","Meat on the Bone","Omamori","Unceasing Top","Red Skull","Fusion Hammer","ClockworkSouvenir","Enchiridion","Kunai","Regal Pillow","Girya","SsserpentHead","Busted Crown","Pen Nib","Bottled Lightning","Bronze Scales","Medical Kit","Happy Flower","Calipers"],"potions_floor_usage":[23,28,38,41,50,50],"damage_taken":[{"damage":6.0,"enemies":"Cultist","floor":1.0,"turns":3.0},{"damage":3.0,"enemies":"Jaw Worm","floor":2.0,"turns":4.0},{"damage":5.0,"enemies":"Small Slimes","floor":3.0,"turns":3.0},{"damage":31.0,"enemies":"Gremlin Gang","floor":4.0,"turns":4.0},{"damage":7.0,"enemies":"Exordium Wildlife","floor":5.0,"turns":7.0},{"damage":28.0,"enemies":"Gremlin Nob","floor":6.0,"turns":5.0},{"damage":17.0,"enemies":"Looter","floor":8.0,"turns":4.0},{"damage":0.0,"enemies":"Lagavulin","floor":10.0,"turns":7.0},{"damage":8.0,"enemies":"Red Slaver","floor":12.0,"turns":4.0},{"damage":3.0,"enemies":"3 Louse","floor":14.0,"turns":4.0},{"damage":17.0,"enemies":"Slime Boss","floor":16.0,"turns":11.0},{"damage":13.0,"enemies":"2 Thieves","floor":18.0,"turns":4.0},{"damage":5.0,"enemies":"Shell Parasite","floor":20.0,"turns":4.0},{"damage":18.0,"enemies":"Centurion and Healer","floor":22.0,"turns":5.0},{"damage":11,"enemies":"Slavers","floor":23,"turns":8},{"damage":19,"enemies":"Snake Plant","floor":24,"turns":3},{"damage":5,"enemies":"Cultist and Chosen","floor":27,"turns":4},{"damage":22,"enemies":"Gremlin Leader","floor":28,"turns":7},{"damage":7,"enemies":"Slaver and Parasite","floor":30,"turns":4},{"damage":51,"enemies":"Automaton","floor":33,"turns":8},{"damage":3,"enemies":"Orb Walker","floor":35,"turns":2},{"damage":8,"enemies":"Flame Bruiser 1 Orb","floor":37,"turns":3},{"damage":10,"enemies":"Transient","floor":38,"turns":5},{"damage":0,"enemies":"4 Shapes","floor":39,"turns":4},{"damage":12,"enemies":"Giant Head","floor":41,"turns":5},{"damage":23,"enemies":"Nemesis","floor":44,"turns":5},{"damage":8,"floor":47,"turns":4},{"damage":5,"enemies":"Maw","floor":48,"turns":6},{"damage":31,"enemies":"Donu and Deca","floor":50,"turns":7}],"seed_played":"6389058716700382020","potions_obtained":[{"floor":2.0,"key":"Dexterity Potion"},{"floor":4.0,"key":"Swift Potion"},{"floor":8.0,"key":"Block Potion"},{"floor":12.0,"key":"LiquidBronze"},{"floor":16.0,"key":"Poison Potion"},{"floor":23,"key":"Ancient Potion"},{"floor":24,"key":"BloodPotion"},{"floor":28,"key":"Poison Potion"},{"floor":33,"key":"Regen Potion"},{"floor":39,"key":"SpeedPotion"}],"is_trial":false,"path_per_floor":["M","M","M","M","M","E","R","M","T","E","?","M","T","M","R","B",null,"M","$","M","?","M","E","M","R","T","M","E","R","M","?","R","B",null,"M","?","M","M","M","R","E","?","T","E","$","?","?","M","R","B"],"character_chosen":"IRONCLAD","items_purchased":["Flex","Twin Strike","ClockworkSouvenir","Medical Kit","Happy Flower","Feel No Pain"],"campfire_rested":2,"item_purchase_floors":[19,19,19,45,45,45],"current_hp_per_floor":[88,88,88,63,62,40,40,32,32,53,50,64,64,70,70,59,101,98,98,99,83,74,72,71,104,104,109,93,93,95,95,95,66,122,122,122,120,116,125,125,125,125,125,112,112,96,97,98,132,107],"gold":173,"neow_bonus":"TEN_PERCENT_HP_BONUS","is_prod":false,"is_daily":false,"chose_seed":false,"campfire_upgraded":2,"win_rate":0,"timestamp":1532114934,"path_taken":["M","M","M","?","M","E","R","M","T","E","?","M","?","M","R","BOSS","M","$","M","?","M","E","M","R","T","M","E","R","M","?","R","BOSS","M","?","M","M","?","R","E","?","T","E","$","?","?","M","R","BOSS"],"build_version":"2018-07-19v2","purchased_purges":2,"victory":true,"max_hp_per_floor":[88,88,88,88,88,88,88,91,91,94,94,98,98,101,101,101,101,105,105,105,105,108,111,111,111,111,115,115,115,118,118,118,122,122,122,122,122,122,125,125,125,125,125,129,129,129,132,132,132,132],"card_choices":[{"not_picked":["Warcry","Fire Breathing"],"picked":"Anger","floor":1.0},{"not_picked":["Thunderclap","Dropkick","Heavy Blade"],"picked":"SKIP","floor":2.0},{"not_picked":["Anger","Warcry"],"picked":"Armaments","floor":3.0},{"not_picked":["Entrench","Blood for Blood","Perfected Strike"],"picked":"SKIP","floor":4.0},{"not_picked":["Perfected Strike","Blood for Blood","Evolve"],"picked":"SKIP","floor":5.0},{"not_picked":["Iron Wave","Dual Wield"],"picked":"Feed","floor":6.0},{"not_picked":["Pummel","Thunderclap"],"picked":"True Grit","floor":8.0},{"not_picked":["Havoc","Dropkick"],"picked":"Pommel Strike","floor":10.0},{"not_picked":["Havoc","Armaments","Pummel"],"picked":"SKIP","floor":12.0},{"not_picked":["Pommel Strike","True Grit","Iron Wave"],"picked":"SKIP","floor":14.0},{"not_picked":["Feed","Brutality"],"picked":"Offering","floor":16.0},{"not_picked":["Cleave","Perfected Strike"],"picked":"Battle Trance","floor":18.0},{"not_picked":["Bloodletting","Dual Wield","Sword Boomerang"],"picked":"SKIP","floor":20.0},{"not_picked":["Entrench+1","Rupture"],"picked":"Ghostly Armor","floor":22.0},{"not_picked":["Hemokinesis+1","Perfected Strike","Pommel Strike"],"picked":"SKIP","floor":23},{"not_picked":["Feel No Pain+1","Cleave"],"picked":"Shrug It Off+1","floor":24},{"not_picked":["Warcry+1","Seeing Red"],"picked":"Feel No Pain+1","floor":27},{"not_picked":["Warcry","Feed"],"picked":"Headbutt","floor":28},{"not_picked":["Fire Breathing+1","Thunderclap+1"],"picked":"Sword Boomerang+1","floor":30},{"not_picked":["Dark Embrace","Juggernaut"],"picked":"Double Tap","floor":33},{"not_picked":["Searing Blow"],"picked":"SKIP","floor":35},{"not_picked":["Cleave"],"picked":"SKIP","floor":37},{"not_picked":[],"picked":"Whirlwind","floor":38},{"not_picked":["True Grit"],"picked":"SKIP","floor":39},{"not_picked":["Carnage"],"picked":"SKIP","floor":41},{"not_picked":[],"picked":"Iron Wave+1","floor":44},{"not_picked":["Warcry"],"picked":"SKIP","floor":48}],"player_experience":809228,"relics_obtained":[{"floor":6.0,"key":"Boot"},{"floor":9.0,"key":"Meat on the Bone"},{"floor":10.0,"key":"Omamori"},{"floor":13.0,"key":"Red Skull"},{"floor":21.0,"key":"Enchiridion"},{"floor":23,"key":"Kunai"},{"floor":26,"key":"Regal Pillow"},{"floor":28,"key":"Girya"},{"floor":41,"key":"Pen Nib"},{"floor":43,"key":"Bottled Lightning"},{"floor":44,"key":"Bronze Scales"},{"floor":47,"key":"Calipers"}],"event_choices":[{"event_name":"Scrap Ooze","player_choice":"success","floor":11.0,"damage_taken":3.0},{"event_name":"Cursed Tome","player_choice":"Obtained Book","floor":21.0,"damage_taken":0.0},{"event_name":"FaceTrader","player_choice":"Trade","floor":31,"damage_taken":0},{"event_name":"Duplicator","player_choice":"One dupe","floor":36,"damage_taken":0},{"event_name":"Tomb of Lord Red Mask","player_choice":"Ignored","floor":42,"damage_taken":0},{"event_name":"Winding Halls","player_choice":"Embrace Madness","floor":46,"damage_taken":0},{"event_name":"Mysterious Sphere","player_choice":"Fight","floor":47,"damage_taken":0}],"is_beta":false,"boss_relics":[{"not_picked":["Eternal Feather","Pandora\u0027s Box"],"picked":"Fusion Hammer"},{"not_picked":["Philosopher\u0027s Stone","Runic Dome"],"picked":"Busted Crown"}],"items_purged_floors":[19,45],"is_endless":false,"potions_floor_spawned":[2,4,8,12,16,23,24,28,33,35,37,39],"ascension_level":0}