{"gold_per_floor":[116,116,134,134,154,154,185,204,227,253,271,271,236,270,270,345,345,359,138,148,158,158,158,191,191,262,262,362,382,382,416,416,493,493,512,523,134,149,149,149,149,149,149,183,28,38,63,86,86,86,86,86,86,33,62,62],"floor_reached":56,"playtime":2501,"items_purged":["Strike_R","Strike_R","Armaments+1"],"score":2022,"play_id":"c81790a6-1100-4ab4-8c1c-ef1b9d5d6426","local_time":"20190115105805","is_ascension_mode":true,"campfire_choices":[{"data":"Inflame","floor":6.0,"key":"SMITH"},{"data":"Sword Boomerang","floor":12.0,"key":"SMITH"},{"data":"Sword Boomerang","floor":15.0,"key":"SMITH"},{"data":"Armaments","floor":23.0,"key":"SMITH"},{"data":"Burning Pact","floor":25.0,"key":"SMITH"},{"data":"Feed","floor":27.0,"key":"SMITH"},{"floor":30.0,"key":"REST"},{"data":"Bash","floor":32.0,"key":"SMITH"},{"floor":40.0,"key":"RECALL"},{"data":"Disarm","floor":42.0,"key":"SMITH"},{"data":"Panacea","floor":49.0,"key":"SMITH"},{"data":"Impervious","floor":53.0,"key":"SMITH"}],"neow_cost":"PERCENT_DAMAGE","seed_source_timestamp":244037748000,"circlet_count":0,"master_deck":["AscendersBane","Defend_R","Defend_R","Defend_R","Defend_R","Bash+1","Sword Boomerang+1","Seeing Red","Inflame+1","Sword Boomerang+1","Flame Barrier+1","Feed+1","Shrug It Off+1","Flash of Steel","Disarm+1","Burning Pact+1","Impervious+1","Whirlwind+1","Disarm+1","Panacea+1"],"special_seed":0,"relics":["Burning Blood","Incense Burner","Red Skull","Juzu Bracelet","Oddly Smooth Stone","Bag of Marbles","Runic Dome","Smiling Mask","Mercury Hourglass","Torii","Paper Frog","Anchor","Coffee Dripper","Ginger","Pantograph","Ornamental Fan","Vajra","Nunchaku"],"potions_floor_usage":[56,56],"damage_taken":[{"damage":2.0,"enemies":"2 Louse","floor":1.0,"turns":4.0},{"damage":0.0,"enemies":"Cultist","floor":3.0,"turns":3.0},{"damage":3.0,"enemies":"Jaw Worm","floor":5.0,"turns":6.0},{"damage":35.0,"enemies":"3 Sentries","floor":7.0,"turns":10.0},{"damage":0.0,"enemies":"Red Slaver","floor":8.0,"turns":1.0},{"damage":8.0,"enemies":"Gremlin Nob","floor":10.0,"turns":3.0},{"damage":30.0,"enemies":"Exordium Thugs","floor":11.0,"turns":6.0},{"damage":20.0,"enemies":"Lagavulin","floor":14.0,"turns":5.0},{"damage":0.0,"enemies":"Hexaghost","floor":16.0,"turns":5.0},{"damage":33.0,"enemies":"3 Byrds","floor":18.0,"turns":8.0},{"damage":0.0,"enemies":"Spheric Guardian","floor":20.0,"turns":4.0},{"damage":11.0,"enemies":"Centurion and Healer","floor":21.0,"turns":5.0},{"damage":31.0,"enemies":"Slavers","floor":24.0,"turns":6.0},{"damage":9.0,"enemies":"Colosseum Slavers","floor":28.0,"turns":3.0},{"damage":14.0,"enemies":"Colosseum Nobs","floor":28.0,"turns":4.0},{"damage":9.0,"enemies":"Snake Plant","floor":29.0,"turns":4.0},{"damage":5.0,"enemies":"Book of Stabbing","floor":31.0,"turns":7.0},{"damage":29.0,"enemies":"Automaton","floor":33.0,"turns":9.0},{"damage":0.0,"enemies":"Orb Walker","floor":35.0,"turns":2.0},{"damage":0.0,"enemies":"3 Darklings","floor":36.0,"turns":4.0},{"damage":0.0,"enemies":"Writhing Mass","floor":38.0,"turns":5.0},{"damage":62.0,"enemies":"Giant Head","floor":44.0,"turns":9.0},{"damage":21.0,"enemies":"4 Shapes","floor":46.0,"turns":6.0},{"damage":33.0,"enemies":"Nemesis","floor":47.0,"turns":5.0},{"damage":6.0,"enemies":"Time Eater","floor":50.0,"turns":4.0},{"damage":4.0,"enemies":"Awakened One","floor":51.0,"turns":14.0},{"damage":96,"enemies":"Shield and Spear","floor":55,"turns":6},{"damage":37,"enemies":"The Heart","floor":56,"turns":5}],"seed_played":"277347931292539260","potions_obtained":[{"floor":1.0,"key":"PowerPotion"},{"floor":5.0,"key":"Block Potion"},{"floor":14.0,"key":"Energy Potion"},{"floor":18.0,"key":"Energy Potion"},{"floor":24.0,"key":"BloodPotion"},{"floor":29.0,"key":"PowerPotion"},{"floor":33.0,"key":"Fire Potion"},{"floor":35.0,"key":"SteroidPotion"}],"is_trial":false,"path_per_floor":["M","?","M","?","M","R","E","M","T","E","M","R","?","E","R","B",null,"M","$","M","M","?","R","E","R","T","R","?","M","R","E","R","B",null,"M","M","$","M","?","R","?","R","T","E","$","M","E","T","R","B","B",null,"R","$","E","B"],"character_chosen":"IRONCLAD","items_purchased":["Flash of Steel","Block Potion","Ginger","Panacea","Strength Potion"],"campfire_rested":1,"item_purchase_floors":[19,19,37,45,54],"current_hp_per_floor":[54,54,60,60,63,63,34,40,40,38,14,14,32,18,18,24,62,38,38,47,45,45,45,23,23,23,23,28,25,53,54,54,31,79,89,95,95,99,99,99,99,99,99,47,47,36,9,9,9,34,65,100,100,100,10,0],"gold":62,"neow_bonus":"ONE_RARE_RELIC","is_prod":false,"is_daily":false,"chose_seed":false,"campfire_upgraded":10,"win_rate":0,"timestamp":1547521085,"path_taken":["M","?","M","?","M","R","E","?","T","E","M","R","?","E","R","BOSS","M","$","M","M","?","R","E","R","T","R","?","M","R","E","R","BOSS","M","M","$","M","?","R","?","R","T","E","$","M","E","?","R","BOSS","BOSS","R","$","E","BOSS"],"build_version":"2019-01-10","purchased_purges":3,"victory":false,"max_hp_per_floor":[75,75,75,75,75,75,75,75,75,75,75,75,75,75,75,75,75,78,78,81,84,84,84,87,87,87,87,95,95,95,95,95,95,95,99,99,99,99,99,99,99,99,99,103,103,107,107,107,107,107,111,111,111,111,111,111],"card_choices":[{"not_picked":["Iron Wave","Cleave"],"picked":"Sword Boomerang","floor":1.0},{"not_picked":["Infernal Blade","Wild Strike","True Grit"],"picked":"SKIP","floor":3.0},{"not_picked":["Infernal Blade","Wild Strike","True Grit"],"picked":"SKIP","floor":3.0},{"not_picked":["Reckless Charge","Clash"],"picked":"Inflame","floor":5.0},{"not_picked":["Body Slam","Sever Soul","Sword Boomerang"],"picked":"SKIP","floor":7.0},{"not_picked":["Body Slam","Sever Soul"],"picked":"Sword Boomerang","floor":7.0},{"not_picked":["Barricade","Bloodletting","Heavy Blade"],"picked":"SKIP","floor":8.0},{"not_picked":["Berserk","Perfected Strike","Thunderclap"],"picked":"SKIP","floor":10.0},{"not_picked":["Berserk","Perfected Strike","Thunderclap"],"picked":"SKIP","floor":10.0},{"not_picked":["Feel No Pain","Inflame"],"picked":"Flame Barrier","floor":11.0},{"not_picked":["Inflame","Flex","Headbutt"],"picked":"SKIP","floor":14.0},{"not_picked":["Immolate","Fiend Fire"],"picked":"Feed","floor":16.0},{"not_picked":["Body Slam+1","Carnage"],"picked":"Shrug It Off+1","floor":18.0},{"not_picked":["Entrench+1","Seeing Red"],"picked":"Disarm","floor":20.0},{"not_picked":["Intimidate","Clothesline"],"picked":"Burning Pact","floor":21.0},{"not_picked":["Combust","Infernal Blade","Havoc"],"picked":"SKIP","floor":24.0},{"not_picked":["Uppercut","Corruption","Headbutt+1"],"picked":"SKIP","floor":29.0},{"not_picked":["Wild Strike","Rage","Pummel"],"picked":"SKIP","floor":31.0},{"not_picked":["Immolate","Juggernaut"],"picked":"Impervious","floor":33.0},{"not_picked":["Uppercut","Cleave"],"picked":"Whirlwind+1","floor":35.0},{"not_picked":["Shrug It Off+1","Dropkick","Disarm+1"],"picked":"SKIP","floor":36.0},{"not_picked":["Shrug It Off+1","Dropkick"],"picked":"Disarm+1","floor":36.0},{"not_picked":["Havoc","Sword Boomerang","Carnage+1"],"picked":"SKIP","floor":38.0},{"not_picked":["Shrug It Off","Blood for Blood","Intimidate"],"picked":"SKIP","floor":44.0},{"not_picked":["Disarm","Pommel Strike","Second Wind"],"picked":"SKIP","floor":46.0},{"not_picked":["Disarm","Pommel Strike","Second Wind"],"picked":"SKIP","floor":46.0},{"not_picked":["Disarm","Pommel Strike","Second Wind"],"picked":"SKIP","floor":46.0},{"not_picked":["Disarm","Pommel Strike","Second Wind"],"picked":"SKIP","floor":46.0},{"not_picked":["Armaments","Fire Breathing","Havoc"],"picked":"SKIP","floor":47.0},{"not_picked":["Entrench","Body Slam","Iron Wave"],"picked":"SKIP","floor":55}],"player_experience":2531857,"relics_obtained":[{"floor":7.0,"key":"Red Skull"},{"floor":9.0,"key":"Juzu Bracelet"},{"floor":10.0,"key":"Oddly Smooth Stone"},{"floor":14.0,"key":"Bag of Marbles"},{"floor":24.0,"key":"Smiling Mask"},{"floor":26.0,"key":"Mercury Hourglass"},{"floor":28.0,"key":"Torii"},{"floor":28.0,"key":"Paper Frog"},{"floor":31.0,"key":"Anchor"},{"floor":44.0,"key":"Pantograph"},{"floor":47.0,"key":"Ornamental Fan"},{"floor":48.0,"key":"Vajra"},{"floor":55,"key":"Nunchaku"}],"event_choices":[{"damage_healed":0.0,"max_hp_gain":0.0,"max_hp_loss":0.0,"gold_gain":0.0,"cards_transformed":["Strike_R"],"event_name":"Living Wall","player_choice":"Change","floor":2.0,"gold_loss":0.0,"damage_taken":0.0,"cards_obtained":["Seeing Red"]},{"cards_removed":["Strike_R"],"damage_healed":0.0,"max_hp_gain":0.0,"max_hp_loss":0.0,"gold_gain":0.0,"event_name":"Purifier","player_choice":"Purged","floor":4.0,"gold_loss":0.0,"damage_taken":0.0},{"damage_healed":18.0,"max_hp_gain":0.0,"max_hp_loss":0.0,"gold_gain":0.0,"event_name":"The Cleric","player_choice":"Healed","floor":13.0,"gold_loss":35.0,"damage_taken":0.0},{"damage_healed":0.0,"max_hp_gain":0.0,"max_hp_loss":0.0,"gold_gain":0.0,"event_name":"Match and Keep!","player_choice":"1 cards matched","floor":22.0,"gold_loss":0.0,"damage_taken":0.0,"cards_obtained":["Armaments"]},{"damage_healed":0.0,"max_hp_gain":0.0,"max_hp_loss":0.0,"gold_gain":0.0,"event_name":"Colosseum","player_choice":"Fight","floor":28.0,"gold_loss":0.0,"damage_taken":0.0},{"damage_healed":0.0,"max_hp_gain":0.0,"max_hp_loss":0.0,"gold_gain":0.0,"event_name":"Colosseum","player_choice":"Fought Nobs","floor":28.0,"gold_loss":0.0,"damage_taken":0.0},{"cards_removed":["Strike_R"],"damage_healed":0.0,"max_hp_gain":0.0,"max_hp_loss":0.0,"gold_gain":0.0,"event_name":"Purifier","player_choice":"Purged","floor":39.0,"gold_loss":0.0,"damage_taken":0.0},{"damage_healed":0.0,"max_hp_gain":0.0,"max_hp_loss":0.0,"gold_gain":0.0,"event_name":"Upgrade Shrine","player_choice":"Upgraded","floor":41.0,"gold_loss":0.0,"damage_taken":0.0,"cards_upgraded":["Flame Barrier"]}],"is_beta":false,"boss_relics":[{"not_picked":["Calling Bell","Empty Cage"],"picked":"Runic Dome"},{"not_picked":["Black Blood","Sozu"],"picked":"Coffee Dripper"}],"items_purged_floors":[19,37,45],"is_endless":false,"potions_floor_spawned":[1,5,14,18,24,28,29,33,35,36,38],"killed_by":"The Heart","ascension_level":20}