{"gold_per_floor":[112,89,12,32,32,60,77,95,121,131,131,142,155,155,155,253,253,265,365,382,382,400,432,186,13,37,53,53,73,90,90,90,191,191,211,226,242,258,268,296,296,310,310,336,354,354,380,390,390,390],"floor_reached":51,"playtime":6064,"items_purged":[],"score":767,"play_id":"4e3900e3-1bf9-426a-bd5c-aeec09eac420","local_time":"20181002135905","is_ascension_mode":false,"campfire_choices":[{"floor":11,"key":"REST"},{"data":"Rampage","floor":15,"key":"SMITH"},{"data":"Bludgeon","floor":28,"key":"SMITH"},{"data":"Double Tap","floor":32,"key":"SMITH"},{"data":"Limit Break","floor":41,"key":"SMITH"},{"floor":49,"key":"REST"}],"neow_cost":"NONE","seed_source_timestamp":1351070470256058,"circlet_count":0,"master_deck":["Strike_R","Strike_R+1","Strike_R","Strike_R","Strike_R+1","Defend_R+1","Defend_R","Defend_R","Defend_R","Bash+1","Bludgeon+1","Rampage+1","Intimidate+1","Ghostly Armor","Uppercut","Anger","Dropkick","Power Through+1","Iron Wave","Double Tap+1","Reaper","Ghostly Armor+1","Pommel Strike","Heavy Blade","Necronomicurse","Shrug It Off+1","Reaper","Mind Blast","Battle Trance","Sever Soul","Seeing Red+1","Shrug It Off","Limit Break+1","Iron Wave+1","Clothesline+1","Shrug It Off","Clash","Bloodletting+1","Searing Blow+1","Blood for Blood","Heavy Blade+1","Magnetism","Magnetism","Jack Of All Trades","Feel No Pain","Clothesline+1"],"relics":["Burning Blood","Regal Pillow","Centennial Puzzle","Vajra","Velvet Choker","Torii","Matryoshka","Necronomicon","Whetstone","Meat on the Bone","Boot","Happy Flower","Sozu","Ancient Tea Set","Red Skull","War Paint","Bottled Lightning","Question Card"],"potions_floor_usage":[16,16,16,22,33,33],"damage_taken":[{"damage":1,"enemies":"Jaw Worm","floor":1,"turns":3},{"damage":4,"enemies":"2 Louse","floor":4,"turns":3},{"damage":20,"enemies":"3 Sentries","floor":6,"turns":10},{"damage":0,"enemies":"Cultist","floor":7,"turns":2},{"damage":16,"enemies":"Gremlin Gang","floor":8,"turns":5},{"damage":3,"enemies":"2 Fungi Beasts","floor":10,"turns":4},{"damage":7,"enemies":"Blue Slaver","floor":12,"turns":3},{"damage":0,"enemies":"Large Slime","floor":13,"turns":5},{"damage":51,"enemies":"Hexaghost","floor":16,"turns":11},{"damage":8,"enemies":"Shell Parasite","floor":18,"turns":6},{"damage":10,"enemies":"Colosseum Slavers","floor":19,"turns":7},{"damage":50,"enemies":"Colosseum Nobs","floor":19,"turns":6},{"damage":11,"enemies":"3 Byrds","floor":20,"turns":7},{"damage":8,"enemies":"Centurion and Healer","floor":22,"turns":4},{"damage":1,"enemies":"Gremlin Leader","floor":23,"turns":4},{"damage":14,"enemies":"Snake Plant","floor":27,"turns":3},{"damage":1,"enemies":"Snecko","floor":29,"turns":3},{"damage":0,"enemies":"3 Cultists","floor":30,"turns":5},{"damage":41,"enemies":"Automaton","floor":33,"turns":8},{"damage":0,"enemies":"Orb Walker","floor":35,"turns":1},{"damage":0,"enemies":"3 Darklings","floor":36,"turns":5},{"damage":6,"enemies":"Transient","floor":37,"turns":5},{"damage":23,"enemies":"Reptomancer","floor":38,"turns":6},{"damage":8,"enemies":"4 Shapes","floor":39,"turns":3},{"damage":3,"enemies":"Giant Head","floor":40,"turns":6},{"damage":9,"enemies":"Transient","floor":42,"turns":5},{"damage":56,"enemies":"Nemesis","floor":44,"turns":5},{"damage":6,"enemies":"Sphere and 2 Shapes","floor":45,"turns":3},{"damage":14,"enemies":"Giant Head","floor":47,"turns":6},{"damage":0,"enemies":"Maw","floor":48,"turns":4},{"damage":68,"enemies":"Awakened One","floor":50,"turns":11}],"seed_played":"-9163371983599314806","potions_obtained":[{"floor":1,"key":"Swift Potion"},{"floor":10,"key":"SkillPotion"},{"floor":12,"key":"Poison Potion"},{"floor":16,"key":"Dexterity Potion"},{"floor":19,"key":"SkillPotion"},{"floor":20,"key":"FearPotion"},{"floor":27,"key":"AttackPotion"}],"is_trial":false,"path_per_floor":["M","?","$","M","?","E","M","M","T","M","R","M","M","?","R","B",null,"M","?","M","?","M","E","$","$","T","M","R","M","M","?","R","B",null,"M","M","M","M","M","E","R","M","T","E","M","?","E","M","R","B"],"character_chosen":"IRONCLAD","items_purchased":["Intimidate","Meat on the Bone","Mind Blast","Battle Trance"],"campfire_rested":2,"item_purchase_floors":[3,24,25,25],"current_hp_per_floor":[80,80,80,80,64,50,56,46,46,49,80,79,80,77,77,32,80,78,41,48,32,30,49,49,49,49,49,49,54,80,80,80,57,80,80,80,80,80,78,80,80,77,77,42,55,45,56,62,80,46],"gold":390,"neow_bonus":"ONE_RANDOM_RARE_CARD","is_prod":false,"is_daily":false,"chose_seed":false,"campfire_upgraded":4,"win_rate":0.0,"timestamp":1538481545,"path_taken":["M","?","?","?","?","E","M","M","T","M","R","M","M","?","R","BOSS","M","?","?","?","M","E","?","$","T","M","R","M","?","?","R","BOSS","M","M","M","M","M","E","R","M","T","E","M","?","E","M","R","BOSS"],"build_version":"2018-09-27","purchased_purges":0,"victory":true,"max_hp_per_floor":[80,80,80,80,80,80,80,80,80,80,80,80,80,80,80,80,80,80,80,80,80,80,80,80,80,80,80,80,80,80,80,80,80,80,80,80,80,80,80,80,80,80,80,80,80,80,80,80,80,80],"card_choices":[{"not_picked":["Body Slam","Flex"],"picked":"Rampage","floor":1},{"not_picked":["Thunderclap","Clash"],"picked":"Ghostly Armor","floor":4},{"not_picked":["Twin Strike","Warcry"],"picked":"Uppercut","floor":6},{"not_picked":["Shrug It Off","Body Slam"],"picked":"Anger","floor":7},{"not_picked":["Headbutt","Iron Wave"],"picked":"Dropkick","floor":8},{"not_picked":["Clash","Intimidate"],"picked":"Power Through","floor":10},{"not_picked":["Cleave","Body Slam"],"picked":"Iron Wave","floor":12},{"not_picked":["Thunderclap","Burning Pact"],"picked":"Double Tap","floor":13},{"not_picked":["Brutality","Offering"],"picked":"Reaper","floor":16},{"not_picked":["Whirlwind","Heavy Blade"],"picked":"Ghostly Armor+1","floor":18},{"not_picked":["Entrench","Bloodletting"],"picked":"Pommel Strike","floor":19},{"not_picked":["Sword Boomerang","Intimidate"],"picked":"Heavy Blade","floor":20},{"not_picked":["Headbutt+1","Perfected Strike"],"picked":"Shrug It Off+1","floor":22},{"not_picked":["Twin Strike","Iron Wave+1"],"picked":"Reaper","floor":23},{"not_picked":["Perfected Strike","Headbutt"],"picked":"Sever Soul","floor":27},{"not_picked":["Armaments+1","Second Wind"],"picked":"Seeing Red+1","floor":29},{"not_picked":["Anger","Twin Strike+1"],"picked":"Shrug It Off","floor":30},{"not_picked":["Barricade","Offering"],"picked":"Limit Break","floor":33},{"not_picked":["Fire Breathing","Reckless Charge"],"picked":"Iron Wave+1","floor":35},{"not_picked":["Cleave","Flex"],"picked":"Clothesline+1","floor":36},{"not_picked":["Perfected Strike","Warcry"],"picked":"Shrug It Off","floor":37},{"not_picked":["Perfected Strike+1","Flame Barrier+1"],"picked":"Clash","floor":38},{"not_picked":["Uppercut","Iron Wave+1"],"picked":"Bloodletting+1","floor":39},{"not_picked":["Body Slam","Iron Wave+1"],"picked":"Searing Blow+1","floor":40},{"not_picked":["Dark Embrace","Clash"],"picked":"Blood for Blood","floor":42},{"not_picked":["Burning Pact+1","Rupture+1","Uppercut+1"],"picked":"SKIP","floor":44},{"not_picked":["Flame Barrier+1","Reckless Charge+1"],"picked":"Heavy Blade+1","floor":45},{"not_picked":["Mayhem","Trip"],"picked":"Magnetism","floor":46},{"not_picked":["Flash of Steel","The Bomb"],"picked":"Magnetism","floor":46},{"not_picked":["Deep Breath","Trip"],"picked":"Jack Of All Trades","floor":46},{"not_picked":["Perfected Strike+1","Entrench+1"],"picked":"Feel No Pain","floor":47},{"not_picked":["True Grit","Blood for Blood","Perfected Strike+1"],"picked":"Clothesline+1","floor":48}],"player_experience":6551,"relics_obtained":[{"floor":6,"key":"Regal Pillow"},{"floor":9,"key":"Centennial Puzzle"},{"floor":19,"key":"Torii"},{"floor":19,"key":"Matryoshka"},{"floor":21,"key":"Necronomicon"},{"floor":23,"key":"Whetstone"},{"floor":26,"key":"Boot"},{"floor":26,"key":"Happy Flower"},{"floor":40,"key":"Ancient Tea Set"},{"floor":43,"key":"Red Skull"},{"floor":43,"key":"War Paint"},{"floor":44,"key":"Bottled Lightning"},{"floor":47,"key":"Question Card"}],"event_choices":[{"event_name":"World of Goop","player_choice":"Left","floor":2,"damage_taken":0},{"event_name":"Shining Light","player_choice":"Entered Light","floor":5,"damage_taken":0},{"event_name":"Scrap Ooze","player_choice":"success","floor":14,"damage_taken":3},{"event_name":"Colosseum","player_choice":"Fight","floor":19,"damage_taken":0},{"event_name":"Colosseum","player_choice":"Fought Nobs","floor":19,"damage_taken":0},{"event_name":"Cursed Tome","player_choice":"Obtained Book","floor":21,"damage_taken":0},{"event_name":"Ghosts","player_choice":"Ignored","floor":31,"damage_taken":0},{"event_name":"SensoryStone","player_choice":"Memory 3","floor":46,"damage_taken":0}],"is_beta":false,"boss_relics":[{"not_picked":["Empty Cage","Cursed Key"],"picked":"Velvet Choker"},{"not_picked":["Lizard Tail","Black Star"],"picked":"Sozu"}],"items_purged_floors":[],"is_endless":false,"potions_floor_spawned":[1,10,12,16,19,20,27,35,36,37,40,44],"ascension_level":0}