{"gold_per_floor":[109,109,6,22,22,22,55,75,75,89,20,35,35],"floor_reached":13,"playtime":322,"items_purged":[],"score":170,"play_id":"73ad6aab-b85b-4dd4-9771-1e32840c9754","local_time":"20181201205409","is_ascension_mode":true,"campfire_choices":[{"data":"Bash","floor":6,"key":"SMITH"}],"neow_cost":"NONE","seed_source_timestamp":15232809583026,"circlet_count":0,"master_deck":["AscendersBane","Strike_R","Strike_R","Strike_R","Strike_R","Strike_R","Defend_R","Defend_R","Defend_R","Defend_R","Bash+1","Feel No Pain","Body Slam+1","Thunderclap","Evolve","Burning Pact"],"relics":["Burning Blood","Happy Flower","Golden Idol","The Courier","Letter Opener"],"potions_floor_usage":[7,7,13],"damage_taken":[{"damage":10,"enemies":"Small Slimes","floor":1,"turns":3},{"damage":6,"enemies":"Cultist","floor":4,"turns":3},{"damage":40,"enemies":"Lagavulin","floor":7,"turns":8},{"damage":6,"enemies":"Jaw Worm","floor":8,"turns":4},{"damage":13,"enemies":"Exordium Wildlife","floor":10,"turns":4},{"damage":21,"enemies":"Blue Slaver","floor":12,"turns":4},{"damage":35,"enemies":"Gremlin Nob","floor":13,"turns":3}],"seed_played":"4275777896217237679","potions_obtained":[{"floor":1,"key":"BloodPotion"},{"floor":4,"key":"Fire Potion"},{"floor":12,"key":"SteroidPotion"}],"is_trial":false,"path_per_floor":["M","?","$","M","?","R","E","M","T","M","$","M","E"],"character_chosen":"IRONCLAD","items_purchased":["Feel No Pain","Body Slam","Evolve"],"campfire_rested":0,"item_purchase_floors":[3,3,11],"current_hp_per_floor":[64,64,64,64,64,64,36,36,36,29,29,14,0],"gold":35,"neow_bonus":"RANDOM_COMMON_RELIC","is_prod":false,"is_daily":false,"chose_seed":false,"campfire_upgraded":1,"win_rate":0,"timestamp":1543668849,"path_taken":["M","?","$","M","?","R","E","M","T","?","$","M","E"],"build_version":"2018-11-15","purchased_purges":0,"victory":false,"max_hp_per_floor":[75,68,68,68,68,68,68,68,68,68,68,68,68],"card_choices":[{"not_picked":["Dual Wield","Warcry","Clash"],"picked":"SKIP","floor":1},{"not_picked":["Cleave","Twin Strike"],"picked":"Thunderclap","floor":4},{"not_picked":["Heavy Blade","Pommel Strike","Exhume"],"picked":"SKIP","floor":7},{"not_picked":["Body Slam","Wild Strike","Perfected Strike"],"picked":"SKIP","floor":8},{"not_picked":["Searing Blow","Thunderclap","Perfected Strike"],"picked":"SKIP","floor":10},{"not_picked":["Blood for Blood","Dropkick"],"picked":"Burning Pact","floor":12}],"player_experience":2245600,"relics_obtained":[{"floor":7,"key":"The Courier"},{"floor":9,"key":"Letter Opener"}],"event_choices":[{"damage_healed":0,"gold_gain":0,"player_choice":"Lose Max HP","damage_taken":0,"relics_obtained":["Golden Idol"],"max_hp_gain":0,"max_hp_loss":7,"event_name":"Golden Idol","floor":2,"gold_loss":0},{"damage_healed":0,"gold_gain":0,"player_choice":"Forge","damage_taken":0,"max_hp_gain":0,"max_hp_loss":0,"event_name":"Accursed Blacksmith","floor":5,"gold_loss":0,"cards_upgraded":["Body Slam"]}],"is_beta":false,"boss_relics":[],"items_purged_floors":[],"is_endless":false,"potions_floor_spawned":[1,4,12],"killed_by":"Gremlin Nob","ascension_level":20}