{"gold_per_floor":[115,130,130,8,20,54,54,80,134,167,167,185,210,230,230,230],"floor_reached":16,"playtime":928,"items_purged":["Strike_R"],"score":144,"play_id":"6cdf912e-4bbb-4961-b447-7e82198cfafa","local_time":"20190329160256","is_ascension_mode":true,"campfire_choices":[{"floor":7,"key":"REST"},{"floor":11,"key":"REST"},{"data":"Flex","floor":15,"key":"SMITH"}],"neow_cost":"NONE","seed_source_timestamp":1232978837185100,"circlet_count":0,"master_deck":["Strike_R","Strike_R","Strike_R","Defend_R","Defend_R+1","Defend_R+1","Defend_R","Bash","Flex+1","Bandage Up","Reaper","Heavy Blade","Headbutt","Pummel","Battle Trance"],"relics":["Burning Blood","War Paint","PreservedInsect","Tiny Chest","Smiling Mask","Centennial Puzzle"],"potions_floor_usage":[6,10,12],"damage_taken":[{"damage":10,"enemies":"Jaw Worm","floor":1,"turns":7},{"damage":6,"enemies":"Cultist","floor":2,"turns":4},{"damage":15,"enemies":"Small Slimes","floor":5,"turns":5},{"damage":65,"enemies":"3 Sentries","floor":6,"turns":13},{"damage":45,"enemies":"Gremlin Nob","floor":8,"turns":5},{"damage":14,"enemies":"Lagavulin","floor":10,"turns":6},{"damage":2,"enemies":"3 Louse","floor":12,"turns":3},{"damage":10,"enemies":"Red Slaver","floor":14,"turns":3},{"damage":67,"enemies":"Hexaghost","floor":16,"turns":9}],"seed_played":"-7633712928858092052","potions_obtained":[{"floor":5,"key":"Strength Potion"},{"floor":8,"key":"Weak Potion"},{"floor":10,"key":"Block Potion"}],"is_trial":false,"path_per_floor":["M","M","?","$","M","E","R","E","T","E","R","M","T","M","R","B"],"character_chosen":"IRONCLAD","items_purchased":["Heavy Blade"],"campfire_rested":2,"item_purchase_floors":[4],"current_hp_per_floor":[76,76,76,76,77,33,57,22,22,18,42,50,50,54,54,0],"gold":230,"neow_bonus":"REMOVE_CARD","is_prod":false,"is_daily":false,"chose_seed":false,"campfire_upgraded":1,"win_rate":0,"timestamp":1553864576,"path_taken":["M","M","?","?","M","E","R","E","T","E","R","?","?","M","R","BOSS"],"build_version":"2019-01-23","purchased_purges":1,"victory":false,"max_hp_per_floor":[80,80,80,80,80,80,80,80,80,80,80,80,80,80,80,80],"card_choices":[{"not_picked":["Thunderclap","Blood for Blood","Iron Wave"],"picked":"SKIP","floor":1},{"not_picked":["Searing Blow","Infernal Blade"],"picked":"Flex","floor":2},{"not_picked":["Wild Strike","Searing Blow","Heavy Blade"],"picked":"SKIP","floor":5},{"not_picked":["Juggernaut","Sentinel","Clash"],"picked":"SKIP","floor":6},{"not_picked":["Clash","Twin Strike"],"picked":"Headbutt","floor":8},{"not_picked":["Shrug It Off","Fire Breathing"],"picked":"Pummel","floor":10},{"not_picked":["Sever Soul","Thunderclap"],"picked":"Battle Trance","floor":12},{"not_picked":["True Grit","Thunderclap","Intimidate"],"picked":"SKIP","floor":14}],"player_experience":122736,"relics_obtained":[{"floor":6,"key":"War Paint"},{"floor":8,"key":"PreservedInsect"},{"floor":9,"key":"Tiny Chest"},{"floor":10,"key":"Smiling Mask"},{"floor":13,"key":"Centennial Puzzle"}],"event_choices":[{"damage_healed":0,"gold_gain":0,"player_choice":"2 cards matched","damage_taken":0,"max_hp_gain":0,"max_hp_loss":0,"event_name":"Match and Keep!","floor":3,"gold_loss":0,"cards_obtained":["Bandage Up","Reaper"]}],"is_beta":false,"boss_relics":[],"items_purged_floors":[4],"is_endless":false,"potions_floor_spawned":[5,8,10],"killed_by":"Hexaghost","ascension_level":4}