{"gold_per_floor":[115,115,190,202,134,134,146,146,193,193,193,206,281,294,294,391,391],"floor_reached":17,"playtime":1172,"items_purged":[],"score":210,"play_id":"35c9703e-80fb-48f2-a04f-365ce4801a95","local_time":"20181227135056","is_ascension_mode":true,"campfire_choices":[{"data":"Defragment","floor":6.0,"key":"SMITH"},{"floor":8.0,"key":"REST"},{"data":"Fusion","floor":10.0,"key":"SMITH"},{"data":"Dualcast","floor":15.0,"key":"SMITH"}],"neow_cost":"NONE","seed_source_timestamp":0,"circlet_count":0,"master_deck":["Strike_B","Strike_B","Strike_B","Defend_B+1","Defend_B","Defend_B+1","Defend_B","Zap+1","Dualcast+1","Fusion+1","Steam","Defragment+1","BootSequence","Leap","Coolheaded","Electrodynamics"],"special_seed":0,"relics":["Cracked Core","Dream Catcher","Shuriken"],"potions_floor_usage":[],"damage_taken":[{"damage":0.0,"enemies":"2 Louse","floor":1.0,"turns":2.0},{"damage":0.0,"enemies":"Jaw Worm","floor":4.0,"turns":3.0},{"damage":6.0,"enemies":"Cultist","floor":7.0,"turns":3.0},{"damage":4.0,"enemies":"Exordium Thugs","floor":12.0,"turns":5.0},{"damage":0.0,"enemies":"Large Slime","floor":14.0,"turns":5.0},{"damage":53.0,"enemies":"Slime Boss","floor":16.0,"turns":19.0}],"seed_played":"4976405512286916991","potions_obtained":[{"floor":14.0,"key":"FairyPotion"},{"floor":16.0,"key":"Weak Potion"}],"is_trial":false,"path_per_floor":["M","?","?","M","$","R","M","R","T","R","?","M","T","M","R"],"character_chosen":"DEFECT","items_purchased":["Defragment"],"campfire_rested":1,"item_purchase_floors":[5],"current_hp_per_floor":[68,53,42,42,42,42,36,58,58,58,58,54,54,54,54,1,1],"gold":391,"neow_bonus":"UPGRADE_CARD","is_prod":false,"is_daily":false,"chose_seed":false,"campfire_upgraded":3,"win_rate":0,"timestamp":1545915056,"path_taken":["M","?","?","M","?","R","M","R","T","R","?","?","?","M","R","BOSS"],"build_version":"2018-12-25","purchased_purges":0,"victory":false,"max_hp_per_floor":[75,75,75,75,75,75,75,75,75,75,75,75,75,75,75,75,75],"card_choices":[{"not_picked":["Beam Cell","Cold Snap"],"picked":"Fusion","floor":1.0},{"not_picked":["Skim","Barrage"],"picked":"Steam","floor":4.0},{"not_picked":["Streamline","Leap"],"picked":"BootSequence","floor":7.0},{"not_picked":["Stack","Heatsinks"],"picked":"Leap","floor":12.0},{"not_picked":["Capacitor","Redo"],"picked":"Coolheaded","floor":14.0},{"not_picked":["Seek","Amplify"],"picked":"Electrodynamics","floor":16.0}],"player_experience":311741,"relics_obtained":[{"floor":9.0,"key":"Dream Catcher"},{"floor":13.0,"key":"Shuriken"}],"event_choices":[{"damage_healed":0.0,"max_hp_gain":0.0,"max_hp_loss":0.0,"gold_gain":0.0,"event_name":"Shining Light","player_choice":"Entered Light","floor":2.0,"gold_loss":0.0,"damage_taken":15.0,"cards_upgraded":["Defend_B","Defend_B"]},{"damage_healed":0.0,"max_hp_gain":0.0,"max_hp_loss":0.0,"gold_gain":75.0,"event_name":"World of Goop","player_choice":"Gather Gold","floor":3.0,"gold_loss":0.0,"damage_taken":11.0},{"cards_removed":["Strike_B"],"damage_healed":0.0,"max_hp_gain":0.0,"max_hp_loss":0.0,"gold_gain":0.0,"event_name":"Bonfire Elementals","player_choice":"Offered Basic","floor":11.0,"gold_loss":0.0,"damage_taken":0.0}],"is_beta":true,"boss_relics":[],"items_purged_floors":[],"is_endless":false,"potions_floor_spawned":[14,16],"ascension_level":9}