{"gold_per_floor":[111,123,136,136,153,153,153,188,188,215,215,229,229,261,261,366,366,378,301,319,6,31,62,62,72,126,140,155,155,175,203,203,300,300,314,314,314,327,549,579,147,163,188,12,12,37,49,66,66,66],"floor_reached":51,"playtime":2300,"items_purged":["Writhe","Defend_B"],"score":905,"play_id":"3663f915-d6d5-48ba-91a9-2865608bf9fa","local_time":"25610803151258","is_ascension_mode":true,"campfire_choices":[{"data":"Sweeping Beam","floor":6.0,"key":"SMITH"},{"data":"Beam Cell","floor":11.0,"key":"SMITH"},{"data":"Zap","floor":13.0,"key":"SMITH"},{"data":"Dualcast","floor":15.0,"key":"SMITH"},{"floor":24.0,"key":"REST"},{"floor":32.0,"key":"REST"},{"floor":45.0,"key":"REST"},{"data":"Blizzard","floor":49,"key":"SMITH"}],"neow_cost":"TEN_PERCENT_HP_LOSS","seed_source_timestamp":20633576541526,"circlet_count":0,"master_deck":["Strike_B","Strike_B","Strike_B","Defend_B","Defend_B","Zap+1","Dualcast+1","Beam Cell+1","FTL","Go for the Eyes","Sweeping Beam+1","Cold Snap","Auto Shields+1","Glacier+1","Double Energy+1","Amplify+1","Conserve Battery+1","J.A.X.+1","Chill+1","Reboot+1","Leap+1","Steam+1","Blizzard+1","Glacier+1","White Noise+1","Rebound","FTL+1","Seek+1","Leap+1","Seek+1","Self Repair+1","Gash+1","Static Discharge","Streamline","Defragment","Amplify+1","Skim+1","Steam Power+1"],"special_seed":0,"relics":["Cracked Core","Bird Faced Urn","Toxic Egg 2","Shuriken","Ancient Tea Set","Regal Pillow","Philosopher\u0027s Stone","Bag of Marbles","Red Mask","Juzu Bracelet","Potion Belt","Strawberry","Omamori","Runic Pyramid","Bag of Preparation","Toy Ornithopter","Vajra","Ornamental Fan"],"potions_floor_usage":[46,50,50,50,50],"damage_taken":[{"damage":6.0,"enemies":"Jaw Worm","floor":1.0,"turns":2.0},{"damage":0.0,"enemies":"Small Slimes","floor":2.0,"turns":3.0},{"damage":0.0,"enemies":"2 Louse","floor":3.0,"turns":2.0},{"damage":0.0,"enemies":"Looter","floor":5.0,"turns":2.0},{"damage":0.0,"enemies":"Gremlin Nob","floor":8.0,"turns":2.0},{"damage":3.0,"enemies":"3 Sentries","floor":10.0,"turns":3.0},{"damage":0.0,"enemies":"Lots of Slimes","floor":12.0,"turns":1.0},{"damage":0.0,"enemies":"Gremlin Nob","floor":14.0,"turns":4.0},{"damage":13.0,"enemies":"The Guardian","floor":16.0,"turns":6.0},{"damage":19.0,"enemies":"2 Thieves","floor":18.0,"turns":4.0},{"damage":9.0,"enemies":"Shell Parasite","floor":20.0,"turns":6.0},{"damage":0.0,"floor":22.0,"turns":2.0},{"damage":21.0,"enemies":"Gremlin Leader","floor":23.0,"turns":8.0},{"damage":2.0,"enemies":"Sentry and Sphere","floor":25.0,"turns":7.0},{"damage":7.0,"enemies":"3 Cultists","floor":27.0,"turns":5.0},{"damage":0.0,"enemies":"Centurion and Healer","floor":28.0,"turns":4.0},{"damage":5.0,"enemies":"Snake Plant","floor":30.0,"turns":7.0},{"damage":20.0,"enemies":"Book of Stabbing","floor":31.0,"turns":4.0},{"damage":40.0,"enemies":"Champ","floor":33.0,"turns":13.0},{"damage":3.0,"enemies":"3 Darklings","floor":35.0,"turns":3.0},{"damage":17.0,"enemies":"Flame Bruiser 1 Orb","floor":38.0,"turns":9.0},{"damage":48.0,"enemies":"Nemesis","floor":40.0,"turns":11.0},{"damage":21.0,"enemies":"Transient","floor":42.0,"turns":5.0},{"damage":34,"enemies":"2 Orb Walkers","floor":46,"turns":5},{"damage":7,"enemies":"Flame Bruiser 2 Orb","floor":47,"turns":13},{"damage":33,"enemies":"Sphere and 2 Shapes","floor":48,"turns":5},{"damage":39,"enemies":"Time Eater","floor":50,"turns":10}],"seed_played":"-3850244277355750065","potions_obtained":[{"floor":2.0,"key":"PowerPotion"},{"floor":7.0,"key":"Fire Potion"},{"floor":7.0,"key":"AttackPotion"},{"floor":8.0,"key":"PowerPotion"},{"floor":10.0,"key":"PowerPotion"},{"floor":14.0,"key":"LiquidBronze"},{"floor":16.0,"key":"FocusPotion"},{"floor":20.0,"key":"SkillPotion"},{"floor":27.0,"key":"SpeedPotion"},{"floor":31.0,"key":"Swift Potion"},{"floor":33.0,"key":"LiquidBronze"},{"floor":38.0,"key":"LiquidBronze"},{"floor":42.0,"key":"Swift Potion"},{"floor":47,"key":"FocusPotion"},{"floor":48,"key":"Swift Potion"}],"is_trial":false,"path_per_floor":["M","M","M","?","M","R","?","E","T","E","R","M","R","E","R","B",null,"M","?","M","$","?","E","R","M","T","M","M","?","M","E","R","B",null,"M","?","?","M","?","E","$","M","T","$","R","E","M","M","R","B"],"character_chosen":"DEFECT","items_purchased":["Bag of Marbles","Reboot+1","Toy Ornithopter","AttackPotion","FocusPotion","Static Discharge","Defragment"],"campfire_rested":3,"item_purchase_floors":[21,21,41,41,41,41,44],"current_hp_per_floor":[62,62,62,55,55,55,55,55,55,54,54,54,54,54,54,65,68,49,49,40,40,40,19,54,52,52,45,45,52,51,33,70,32,75,72,72,72,57,57,23,23,18,18,18,55,42,75,70,70,55],"gold":66,"neow_bonus":"ONE_RARE_RELIC","is_prod":false,"is_daily":false,"chose_seed":false,"campfire_upgraded":5,"win_rate":0,"timestamp":1533283978,"path_taken":["M","M","M","?","M","R","?","E","T","E","R","M","R","E","R","BOSS","M","?","M","$","?","E","R","M","T","M","M","?","M","E","R","BOSS","M","?","?","M","?","E","$","M","T","?","R","E","M","M","R","BOSS"],"build_version":"2018-08-02","purchased_purges":2,"victory":true,"max_hp_per_floor":[68,68,68,68,68,68,68,68,68,68,68,68,68,68,68,68,68,68,68,68,68,68,68,68,68,68,68,68,75,75,75,75,75,75,75,75,75,75,75,75,75,75,75,75,75,75,75,75,75,75],"card_choices":[{"not_picked":["Compile Driver","Skim"],"picked":"Beam Cell","floor":1.0},{"not_picked":["Turbo","Heatsinks"],"picked":"FTL","floor":2.0},{"not_picked":["Steam","Loop"],"picked":"Go for the Eyes","floor":3.0},{"not_picked":["Skim","Rip and Tear"],"picked":"Sweeping Beam","floor":5.0},{"not_picked":["Beam Cell","Scrape"],"picked":"Cold Snap","floor":8.0},{"not_picked":["Streamline","FTL"],"picked":"Auto Shields+1","floor":10.0},{"not_picked":["Cold Snap","Fission+1"],"picked":"Glacier+1","floor":12.0},{"not_picked":["Seek+1","Ball Lightning"],"picked":"Double Energy+1","floor":14.0},{"not_picked":["Multi-Cast+1","Hyperbeam"],"picked":"Amplify+1","floor":16.0},{"not_picked":["Redo+1","Coolheaded+1"],"picked":"Conserve Battery+1","floor":18.0},{"not_picked":["Redo+1","Streamline"],"picked":"Chill+1","floor":20.0},{"not_picked":["Go for the Eyes","FTL"],"picked":"Leap+1","floor":22.0},{"not_picked":["Leap+1","Rainbow+1"],"picked":"Steam+1","floor":23.0},{"not_picked":["Sunder","Ball Lightning"],"picked":"Blizzard","floor":25.0},{"not_picked":["Reinforced Body+1","Redo+1"],"picked":"Glacier+1","floor":27.0},{"not_picked":["Ball Lightning","Streamline"],"picked":"White Noise+1","floor":28.0},{"not_picked":["Stack+1","Streamline"],"picked":"Rebound","floor":30.0},{"not_picked":["Darkness+1","Coolheaded+1"],"picked":"FTL+1","floor":31.0},{"not_picked":["Fission+1","Thunder Strike"],"picked":"Seek+1","floor":33.0},{"not_picked":["Cold Snap","Steam+1"],"picked":"Leap+1","floor":35.0},{"not_picked":["Sweeping Beam","Gash"],"picked":"Self Repair+1","floor":38.0},{"not_picked":["Reinforced Body+1","Self Repair"],"picked":"Gash+1","floor":40.0},{"not_picked":["Blizzard","Barrage+1"],"picked":"Streamline","floor":42.0},{"not_picked":["Melter","Redo+1"],"picked":"Amplify+1","floor":46},{"not_picked":["Loop","Coolheaded+1"],"picked":"Skim+1","floor":47},{"not_picked":["Gash+1","Double Energy+1"],"picked":"Steam Power+1","floor":48}],"player_experience":182548,"relics_obtained":[{"floor":8.0,"key":"Toxic Egg 2"},{"floor":9.0,"key":"Shuriken"},{"floor":10.0,"key":"Ancient Tea Set"},{"floor":14.0,"key":"Regal Pillow"},{"floor":22.0,"key":"Red Mask"},{"floor":23.0,"key":"Juzu Bracelet"},{"floor":26.0,"key":"Potion Belt"},{"floor":31.0,"key":"Omamori"},{"floor":40.0,"key":"Bag of Preparation"},{"floor":43.0,"key":"Vajra"},{"floor":46,"key":"Ornamental Fan"}],"event_choices":[{"event_name":"Golden Wing","player_choice":"Card Removal","floor":4.0,"damage_taken":0.0},{"event_name":"The Lab","player_choice":"Got Potions","floor":7.0,"damage_taken":0.0},{"event_name":"Drug Dealer","player_choice":"Got JAXXED","floor":19.0,"damage_taken":0.0},{"event_name":"Masked Bandits","player_choice":"Fought over 6 gold","floor":22.0,"damage_taken":0.0},{"event_name":"The Mausoleum","player_choice":"Yes","floor":29.0,"damage_taken":0.0},{"event_name":"Duplicator","player_choice":"One dupe","floor":36.0,"damage_taken":0.0},{"event_name":"Falling","player_choice":"Removed Attack","floor":37.0,"damage_taken":0.0},{"event_name":"Tomb of Lord Red Mask","player_choice":"Wore Mask","floor":39.0,"damage_taken":0.0}],"is_beta":false,"boss_relics":[{"not_picked":["Busted Crown","Velvet Choker"],"picked":"Philosopher\u0027s Stone"},{"not_picked":["Orrery","Lizard Tail"],"picked":"Runic Pyramid"}],"items_purged_floors":[41,44],"is_endless":false,"potions_floor_spawned":[2,8,10,14,16,20,27,31,33,38,42,47,48],"ascension_level":1}