{"gold_per_floor":[112,112,129,129,144,144,169,169,245,272,58,75,92,112,112,188,188,188,143,143,143,143,143,143,143,143,143,143,143,143,143,143,143,143,143,143,143,43,43,43,43,43,43,43,43,43,43,43,43,43],"floor_reached":51,"playtime":2401,"items_purged":["Strike_G","Strike_G"],"score":1412,"play_id":"ddb9267b-cd8e-405b-b2ac-d157b09d3b1e","local_time":"20181128201957","is_ascension_mode":true,"campfire_choices":[{"data":"Flying Knee","floor":6,"key":"SMITH"},{"floor":8,"key":"REST"},{"data":"Cloak And Dagger","floor":15,"key":"SMITH"},{"data":"A Thousand Cuts","floor":24,"key":"SMITH"},{"data":"Footwork","floor":28,"key":"SMITH"},{"floor":32,"key":"REST"},{"data":"Wraith Form v2","floor":42,"key":"SMITH"},{"floor":49,"key":"DIG"}],"neow_cost":"NONE","seed_source_timestamp":77011046323791,"circlet_count":0,"master_deck":["AscendersBane","Defend_G","Defend_G","Defend_G","Defend_G","Defend_G","Strike_G","Strike_G+1","Survivor","Neutralize+1","Flying Knee","Flying Knee+1","Finisher+1","Prepared","Footwork+1","Backstab","Backflip","Backstab","Cloak And Dagger+1","Wraith Form v2+1","Caltrops","Cloak And Dagger+1","Cloak And Dagger+1","A Thousand Cuts+1","Dodge and Roll","Prepared+1","Backflip","Adrenaline","Reflex+1"],"relics":["Ring of the Snake","Boot","Meat on the Bone","Whetstone","Ectoplasm","Ginger","Pear","Lantern","Blood Vial","Busted Crown","FossilizedHelix","Orichalcum","Shovel","Gambling Chip","Happy Flower","Omamori"],"potions_floor_usage":[10,19,23,29,40,46,50,50],"damage_taken":[{"damage":16,"enemies":"Jaw Worm","floor":1,"turns":8},{"damage":2,"enemies":"2 Louse","floor":3,"turns":3},{"damage":0,"enemies":"Cultist","floor":5,"turns":3},{"damage":36,"enemies":"Lagavulin","floor":7,"turns":8},{"damage":8,"enemies":"Gremlin Nob","floor":10,"turns":3},{"damage":1,"enemies":"Red Slaver","floor":12,"turns":4},{"damage":0,"enemies":"Lots of Slimes","floor":13,"turns":3},{"damage":0,"enemies":"Looter","floor":14,"turns":1},{"damage":29,"enemies":"Slime Boss","floor":16,"turns":9},{"damage":0,"enemies":"3 Byrds","floor":18,"turns":4},{"damage":4,"enemies":"2 Thieves","floor":19,"turns":4},{"damage":3,"enemies":"3 Cultists","floor":21,"turns":6},{"damage":2,"enemies":"Cultist and Chosen","floor":22,"turns":7},{"damage":18,"enemies":"Slavers","floor":23,"turns":5},{"damage":6,"enemies":"Gremlin Leader","floor":25,"turns":4},{"damage":27,"enemies":"Book of Stabbing","floor":29,"turns":5},{"damage":3,"enemies":"Centurion and Healer","floor":31,"turns":8},{"damage":46,"enemies":"Automaton","floor":33,"turns":8},{"damage":6,"enemies":"Orb Walker","floor":35,"turns":2},{"damage":17,"enemies":"Reptomancer","floor":40,"turns":6},{"damage":0,"enemies":"3 Shapes","floor":41,"turns":4},{"damage":14,"enemies":"Nemesis","floor":44,"turns":11},{"damage":0,"enemies":"Mind Bloom Boss Battle","floor":45,"turns":7},{"damage":0,"enemies":"Giant Head","floor":46,"turns":7},{"damage":0,"enemies":"Spire Growth","floor":48,"turns":4},{"damage":14,"enemies":"Awakened One","floor":50,"turns":22}],"seed_played":"8741364194950638710","potions_obtained":[{"floor":4,"key":"Explosive Potion"},{"floor":4,"key":"Fire Potion"},{"floor":12,"key":"EssenceOfSteel"},{"floor":14,"key":"Regen Potion"},{"floor":21,"key":"Dexterity Potion"},{"floor":25,"key":"SteroidPotion"},{"floor":29,"key":"Swift Potion"},{"floor":45,"key":"AttackPotion"},{"floor":48,"key":"EssenceOfSteel"}],"is_trial":false,"path_per_floor":["M","?","M","?","M","R","E","R","T","E","$","M","M","M","R","B",null,"M","M","?","M","M","E","R","E","T","?","R","E","?","M","R","B",null,"M","?","?","$","?","E","M","R","T","E","?","E","?","M","R","B",null],"character_chosen":"THE_SILENT","items_purchased":["Footwork","Backstab"],"campfire_rested":2,"item_purchase_floors":[11,11],"current_hp_per_floor":[49,49,47,47,47,47,11,32,32,36,36,47,47,47,47,30,62,62,58,58,55,53,47,47,51,51,51,51,36,36,47,71,39,71,67,67,67,67,67,67,69,69,69,57,59,61,61,63,63,51],"gold":43,"neow_bonus":"TEN_PERCENT_HP_BONUS","is_prod":false,"is_daily":false,"chose_seed":false,"campfire_upgraded":5,"win_rate":0,"timestamp":1543465197,"path_taken":["M","?","M","?","M","R","E","R","T","E","$","M","M","?","R","BOSS","M","M","?","?","M","E","R","E","T","?","R","E","?","?","R","BOSS","M","?","?","$","?","E","M","R","T","E","?","E","?","M","R","BOSS"],"build_version":"2018-11-15","purchased_purges":2,"victory":true,"max_hp_per_floor":[72,72,72,72,72,72,72,72,72,72,72,72,72,72,72,72,72,72,72,72,72,72,72,72,82,82,82,82,82,82,82,82,82,82,82,82,82,82,82,82,82,82,82,82,82,82,82,82,82,82],"card_choices":[{"not_picked":["Quick Slash","Choke"],"picked":"Flying Knee","floor":1},{"not_picked":["Masterful Stab","Quick Slash"],"picked":"Flying Knee","floor":3},{"not_picked":["Flying Knee","Quick Slash"],"picked":"Finisher","floor":5},{"not_picked":["Slice","Flying Knee"],"picked":"Prepared","floor":7},{"not_picked":["Caltrops","Crippling Poison"],"picked":"Endless Agony","floor":10},{"not_picked":["Bane","Masterful Stab"],"picked":"Backflip","floor":12},{"not_picked":["Sucker Punch","Prepared"],"picked":"Backstab","floor":13},{"not_picked":["Night Terror","Outmaneuver"],"picked":"Cloak And Dagger","floor":14},{"not_picked":["Glass Knife","Bullet Time"],"picked":"Wraith Form v2","floor":16},{"not_picked":["Prepared","Slice","Quick Slash"],"picked":"SKIP","floor":18},{"not_picked":["Bane","Riddle With Holes"],"picked":"Caltrops","floor":19},{"not_picked":["Quick Slash+1","Deflect"],"picked":"Cloak And Dagger+1","floor":21},{"not_picked":["Underhanded Strike","Outmaneuver","Dagger Throw"],"picked":"SKIP","floor":22},{"not_picked":["Caltrops+1","Deadly Poison"],"picked":"A Thousand Cuts","floor":23},{"not_picked":["Sucker Punch+1","Blade Dance"],"picked":"Dodge and Roll","floor":25},{"not_picked":["Quick Slash","Slice+1"],"picked":"Prepared+1","floor":29},{"not_picked":["Flying Knee","Blade Dance"],"picked":"Backflip","floor":31},{"not_picked":["A Thousand Cuts","Grand Finale"],"picked":"Adrenaline","floor":33},{"not_picked":["Dagger Spray"],"picked":"SKIP","floor":35},{"not_picked":["Deflect"],"picked":"SKIP","floor":40},{"not_picked":[],"picked":"Reflex+1","floor":41},{"not_picked":["Flying Knee"],"picked":"SKIP","floor":44},{"not_picked":["Blade Dance"],"picked":"SKIP","floor":46},{"not_picked":["Poisoned Stab"],"picked":"SKIP","floor":48}],"player_experience":1681113,"relics_obtained":[{"floor":7,"key":"Boot"},{"floor":9,"key":"Meat on the Bone"},{"floor":10,"key":"Whetstone"},{"floor":23,"key":"Ginger"},{"floor":25,"key":"Pear"},{"floor":26,"key":"Lantern"},{"floor":29,"key":"Blood Vial"},{"floor":40,"key":"FossilizedHelix"},{"floor":43,"key":"Orichalcum"},{"floor":44,"key":"Shovel"},{"floor":45,"key":"Gambling Chip"},{"floor":46,"key":"Happy Flower"},{"floor":49,"key":"Omamori"}],"event_choices":[{"damage_healed":0,"gold_gain":0,"player_choice":"Grow","damage_taken":0,"max_hp_gain":0,"max_hp_loss":0,"event_name":"Living Wall","floor":2,"gold_loss":0,"cards_upgraded":["Neutralize"]},{"damage_healed":0,"gold_gain":0,"player_choice":"Got Potions","damage_taken":0,"max_hp_gain":0,"max_hp_loss":0,"event_name":"Lab","floor":4,"gold_loss":0},{"damage_healed":0,"gold_gain":0,"player_choice":"Copied","damage_taken":0,"max_hp_gain":0,"max_hp_loss":0,"event_name":"Duplicator","floor":20,"gold_loss":0,"cards_obtained":["Cloak And Dagger"]},{"damage_healed":0,"gold_gain":0,"player_choice":"Ignored","damage_taken":0,"max_hp_gain":0,"max_hp_loss":0,"event_name":"The Mausoleum","floor":27,"gold_loss":0},{"cards_removed":["Strike_G"],"damage_healed":0,"gold_gain":0,"player_choice":"Purged","damage_taken":0,"max_hp_gain":0,"max_hp_loss":0,"event_name":"Purifier","floor":30,"gold_loss":0},{"damage_healed":0,"gold_gain":0,"player_choice":"Memory 1","damage_taken":0,"max_hp_gain":0,"max_hp_loss":0,"event_name":"SensoryStone","floor":36,"gold_loss":0},{"damage_healed":0,"gold_gain":0,"player_choice":"Ignored","damage_taken":0,"max_hp_gain":0,"max_hp_loss":0,"event_name":"Tomb of Lord Red Mask","floor":37,"gold_loss":0},{"cards_removed":["Endless Agony"],"damage_healed":0,"gold_gain":0,"player_choice":"Removed Attack","damage_taken":0,"max_hp_gain":0,"max_hp_loss":0,"event_name":"Falling","floor":39,"gold_loss":0},{"damage_healed":0,"gold_gain":0,"player_choice":"Fight","damage_taken":0,"max_hp_gain":0,"max_hp_loss":0,"event_name":"MindBloom","floor":45,"gold_loss":0},{"damage_healed":0,"gold_gain":0,"player_choice":"0 cards matched","damage_taken":0,"max_hp_gain":0,"max_hp_loss":0,"event_name":"Match and Keep!","floor":47,"gold_loss":0,"cards_obtained":[]}],"is_beta":false,"boss_relics":[{"not_picked":["Lizard Tail","White Beast Statue"],"picked":"Ectoplasm"},{"not_picked":["Snecko Eye","Eternal Feather"],"picked":"Busted Crown"}],"items_purged_floors":[11,38],"is_endless":false,"potions_floor_spawned":[7,12,14,21,22,25,29,33,45,48],"ascension_level":15}