{"gold_per_floor":[10,28,47,47,59,59,75,75,122,72,72,85,85,143,143,238,238,248,265,265,56,70,70,84,84,130,148,158,0,32,48,48,48],"floor_reached":33,"playtime":1732,"items_purged":[],"score":313,"play_id":"cdd7bb29-d60e-4cea-97ce-95e05b86a81c","local_time":"20190411160923","is_ascension_mode":true,"campfire_choices":[{"floor":6.0,"key":"REST"},{"floor":8.0,"key":"REST"},{"floor":15.0,"key":"REST"},{"floor":23.0,"key":"REST"},{"floor":25,"key":"REST"},{"floor":32,"key":"REST"}],"neow_cost":"NO_GOLD","seed_source_timestamp":17051187946788,"circlet_count":0,"master_deck":["Strike_B+1","Strike_B","Defend_B","Defend_B","Defend_B+1","Defend_B","Zap","Dualcast","Loop","Ball Lightning","Multi-Cast","Go for the Eyes","Doom and Gloom","Ball Lightning","Melter","Biased Cognition","Rip and Tear+1","FTL","Apotheosis","Storm","Leap","Leap+1","Fusion+1"],"special_seed":0,"relics":["Cracked Core","Oddly Smooth Stone","Sundial","Velvet Choker","Bronze Scales","Happy Flower"],"potions_floor_usage":[30],"damage_taken":[{"damage":6.0,"enemies":"Cultist","floor":1.0,"turns":4.0},{"damage":7.0,"enemies":"Small Slimes","floor":2.0,"turns":3.0},{"damage":12.0,"enemies":"Jaw Worm","floor":3.0,"turns":3.0},{"damage":6.0,"enemies":"3 Louse","floor":5.0,"turns":2.0},{"damage":8.0,"enemies":"2 Fungi Beasts","floor":7.0,"turns":3.0},{"damage":0.0,"enemies":"Blue Slaver","floor":12.0,"turns":3.0},{"damage":24.0,"enemies":"3 Sentries","floor":14.0,"turns":5.0},{"damage":46.0,"enemies":"The Guardian","floor":16.0,"turns":10.0},{"damage":23.0,"enemies":"2 Thieves","floor":18.0,"turns":3.0},{"damage":15.0,"enemies":"3 Byrds","floor":19.0,"turns":4.0},{"damage":18.0,"enemies":"Cultist and Chosen","floor":22.0,"turns":5.0},{"damage":31,"enemies":"Shelled Parasite and Fungi","floor":24,"turns":5},{"damage":22,"enemies":"Centurion and Healer","floor":27,"turns":4},{"damage":0,"enemies":"Snecko","floor":28,"turns":3},{"damage":24,"enemies":"Book of Stabbing","floor":30,"turns":4},{"damage":0,"enemies":"3 Cultists","floor":31,"turns":4},{"damage":37,"enemies":"Champ","floor":33,"turns":3}],"seed_played":"-1311212221502586402","potions_obtained":[{"floor":1.0,"key":"Regen Potion"},{"floor":3.0,"key":"Ancient Potion"},{"floor":5.0,"key":"FocusPotion"},{"floor":14.0,"key":"Fire Potion"},{"floor":16.0,"key":"FearPotion"},{"floor":19.0,"key":"Poison Potion"},{"floor":27,"key":"Block Potion"}],"is_trial":false,"path_per_floor":["M","M","M","?","M","R","M","R","T","?","?","M","?","?","R","B",null,"M","M","?","$","M","R","M","R","T","M","M","?","E","M","R","B"],"character_chosen":"DEFECT","items_purchased":["Apotheosis","Storm"],"campfire_rested":6,"item_purchase_floors":[21,21],"current_hp_per_floor":[83,76,64,46,40,66,58,84,84,84,89,89,82,67,89,43,89,66,51,51,51,33,58,27,52,52,30,30,30,6,6,31,0],"gold":48,"neow_bonus":"TWENTY_PERCENT_HP_BONUS","is_prod":false,"is_daily":false,"chose_seed":false,"campfire_upgraded":0,"win_rate":0,"timestamp":1554995363,"path_taken":["M","M","M","?","M","R","M","R","T","?","?","M","?","?","R","BOSS","M","M","?","?","?","R","M","R","T","?","M","?","E","M","R","BOSS"],"build_version":"2019-01-23","purchased_purges":0,"victory":false,"max_hp_per_floor":[89,89,89,89,89,89,89,89,89,89,89,89,89,89,89,89,89,89,89,86,86,86,86,86,86,86,86,86,86,86,86,86,86],"card_choices":[{"not_picked":["Sweeping Beam","Barrage"],"picked":"Loop","floor":1.0},{"not_picked":["Leap","Sweeping Beam"],"picked":"Ball Lightning","floor":2.0},{"not_picked":["Turbo","Gash"],"picked":"Multi-Cast","floor":3.0},{"not_picked":["Gash","Stack"],"picked":"Go for the Eyes","floor":5.0},{"not_picked":["Steam Power","Turbo"],"picked":"Doom and Gloom","floor":7.0},{"not_picked":["Genetic Algorithm","Redo"],"picked":"Ball Lightning","floor":12.0},{"not_picked":["Double Energy","Leap"],"picked":"Melter","floor":14.0},{"not_picked":["Rainbow","All For One"],"picked":"Biased Cognition","floor":16.0},{"not_picked":["Stack","Reprogram+1"],"picked":"Rip and Tear+1","floor":18.0},{"not_picked":["Steam","Hologram"],"picked":"FTL","floor":19.0},{"not_picked":["Redo+1","Auto Shields"],"picked":"Leap","floor":22.0},{"not_picked":["Gash","Turbo","Beam Cell"],"picked":"SKIP","floor":24},{"not_picked":["Consume","Heatsinks"],"picked":"Leap+1","floor":27},{"not_picked":["Beam Cell","Coolheaded"],"picked":"Fusion+1","floor":28},{"not_picked":["Aggregate","Leap","Sweeping Beam+1"],"picked":"SKIP","floor":30},{"not_picked":["Hello World","Redo","Barrage"],"picked":"SKIP","floor":31}],"player_experience":574563,"relics_obtained":[{"floor":9.0,"key":"Oddly Smooth Stone"},{"floor":14.0,"key":"Sundial"},{"floor":26,"key":"Bronze Scales"},{"floor":30,"key":"Happy Flower"}],"event_choices":[{"damage_healed":0.0,"max_hp_gain":0.0,"max_hp_loss":0.0,"gold_gain":0.0,"event_name":"Shining Light","player_choice":"Entered Light","floor":4.0,"gold_loss":0.0,"damage_taken":18.0,"cards_upgraded":["Defend_B","Strike_B"]},{"cards_removed":["Strike_B"],"damage_healed":0.0,"max_hp_gain":0.0,"max_hp_loss":0.0,"gold_gain":0.0,"event_name":"The Cleric","player_choice":"Card Removal","floor":10.0,"gold_loss":50.0,"damage_taken":0.0},{"damage_healed":22.0,"max_hp_gain":0.0,"max_hp_loss":0.0,"gold_gain":0.0,"event_name":"Mushrooms","player_choice":"Healed and dodged fight","floor":11.0,"gold_loss":0.0,"damage_taken":0.0,"cards_obtained":["Parasite"]},{"cards_removed":["Strike_B"],"damage_healed":0.0,"max_hp_gain":0.0,"max_hp_loss":0.0,"gold_gain":0.0,"event_name":"Golden Wing","player_choice":"Card Removal","floor":13.0,"gold_loss":0.0,"damage_taken":7.0},{"damage_healed":0.0,"max_hp_gain":0.0,"max_hp_loss":0.0,"gold_gain":0.0,"event_name":"Dead Adventurer","player_choice":"Searched \u00271\u0027 times","floor":14.0,"gold_loss":0.0,"damage_taken":0.0},{"cards_removed":["Parasite"],"damage_healed":0.0,"max_hp_gain":0.0,"max_hp_loss":0.0,"gold_gain":0.0,"event_name":"Fountain of Cleansing","player_choice":"Removed Curses","floor":20.0,"gold_loss":0.0,"damage_taken":0.0},{"damage_healed":0,"gold_gain":0,"player_choice":"Paid Fearfully","damage_taken":0,"max_hp_gain":0,"max_hp_loss":0,"event_name":"Masked Bandits","floor":29,"gold_loss":158}],"is_beta":false,"boss_relics":[{"not_picked":["Ectoplasm","Black Star"],"picked":"Velvet Choker"}],"items_purged_floors":[],"is_endless":false,"potions_floor_spawned":[1,3,5,14,16,18,19,27],"killed_by":"Champ","ascension_level":4}