{"gold_per_floor":[117,192,15,15,15,15,44,44,44,44,60,60,77,107,107,107],"floor_reached":16,"playtime":523,"items_purged":[],"score":192,"play_id":"402dce7b-3e46-49ab-aae0-1d2de381f9a6","local_time":"20181209224916","is_ascension_mode":true,"campfire_choices":[{"data":"Fission","floor":6.0,"key":"SMITH"},{"data":"Blizzard","floor":8.0,"key":"SMITH"},{"data":"Streamline","floor":10.0,"key":"SMITH"},{"data":"Biased Cognition","floor":15.0,"key":"SMITH"}],"neow_cost":"NONE","seed_source_timestamp":11718132964888,"circlet_count":0,"master_deck":["AscendersBane","Strike_B","Strike_B","Strike_B","Strike_B","Defend_B","Defend_B","Defend_B","Defend_B","Zap+1","Dualcast","Coolheaded+1","Cold Snap","Conserve Battery","Blizzard+1","Steam","Fission+1","Biased Cognition+1","Streamline+1"],"special_seed":0,"relics":["Orrery","Odd Mushroom","Meat on the Bone","PreservedInsect"],"potions_floor_usage":[],"damage_taken":[{"damage":0.0,"enemies":"2 Louse","floor":1.0,"turns":3.0},{"damage":31.0,"enemies":"The Mushroom Lair","floor":7.0,"turns":6.0},{"damage":5.0,"enemies":"Jaw Worm","floor":11.0,"turns":4.0},{"damage":6.0,"enemies":"Small Slimes","floor":13.0,"turns":5.0},{"damage":15.0,"enemies":"3 Sentries","floor":14.0,"turns":15.0},{"damage":34,"enemies":"The Guardian","floor":16,"turns":2}],"seed_played":"-5456356800071120251","potions_obtained":[{"floor":1.0,"key":"SmokeBomb"}],"is_trial":false,"path_per_floor":["M","?","$","?","$","R","?","R","T","R","M","?","M","E","R","B"],"character_chosen":"DEFECT","items_purchased":["Biased Cognition"],"campfire_rested":0,"item_purchase_floors":[3],"current_hp_per_floor":[64,53,53,58,58,58,27,27,27,27,34,11,17,14,14,0],"gold":107,"neow_bonus":"BOSS_RELIC","is_prod":false,"is_daily":false,"chose_seed":false,"campfire_upgraded":4,"win_rate":0,"timestamp":1544366956,"path_taken":["M","?","$","?","?","R","?","R","T","R","M","?","M","E","R","BOSS"],"build_version":"2018-12-06","purchased_purges":0,"victory":false,"max_hp_per_floor":[71,71,71,76,76,76,76,76,76,76,76,76,76,76,76,76],"card_choices":[{"not_picked":["Gash","Hologram"],"picked":"Coolheaded","floor":0.0},{"not_picked":["Fusion","Double Energy"],"picked":"Cold Snap","floor":0.0},{"not_picked":["Barrage","Scrape"],"picked":"Conserve Battery","floor":0.0},{"not_picked":["Auto Shields","Coolheaded"],"picked":"Blizzard","floor":0.0},{"not_picked":["Recycle","Leap"],"picked":"Steam","floor":0.0},{"not_picked":["Reprogram","Cold Snap"],"picked":"Fission","floor":1.0},{"not_picked":["Lockon","Stack"],"picked":"Streamline","floor":7.0},{"not_picked":["Rip and Tear","Ball Lightning","Leap"],"picked":"SKIP","floor":11.0},{"not_picked":["Barrage","Gash","Double Energy"],"picked":"SKIP","floor":13.0},{"not_picked":["Force Field","Fission","Genetic Algorithm"],"picked":"SKIP","floor":14.0}],"player_experience":2344726,"relics_obtained":[{"floor":7.0,"key":"Odd Mushroom"},{"floor":9.0,"key":"Meat on the Bone"},{"floor":14.0,"key":"PreservedInsect"}],"event_choices":[{"damage_healed":0.0,"max_hp_gain":0.0,"max_hp_loss":0.0,"gold_gain":75.0,"event_name":"World of Goop","player_choice":"Gather Gold","floor":2.0,"gold_loss":0.0,"damage_taken":11.0},{"damage_healed":0.0,"max_hp_gain":5.0,"max_hp_loss":0.0,"gold_gain":0.0,"event_name":"Big Fish","player_choice":"Donut","floor":4.0,"gold_loss":0.0,"damage_taken":0.0},{"damage_healed":0.0,"max_hp_gain":0.0,"max_hp_loss":0.0,"gold_gain":0.0,"event_name":"Mushrooms","player_choice":"Fought Mushrooms","floor":7.0,"gold_loss":0.0,"damage_taken":0.0},{"damage_healed":0.0,"max_hp_gain":0.0,"max_hp_loss":0.0,"gold_gain":0.0,"event_name":"Shining Light","player_choice":"Entered Light","floor":12.0,"gold_loss":0.0,"damage_taken":23.0,"cards_upgraded":["Zap","Coolheaded"]}],"is_beta":false,"boss_relics":[],"items_purged_floors":[],"is_endless":false,"potions_floor_spawned":[1],"killed_by":"The Guardian","ascension_level":20}