{"gold_per_floor":[111,128,74,85,98,98,109,137,186,202,202,229,229,244,244,319,319,333,347,17,17,28,28,43,43],"floor_reached":25,"playtime":989,"items_purged":["Defend_R"],"score":380,"play_id":"7034fc0a-2016-4a85-a2df-8e8d62b94019","local_time":"20180929120321","is_ascension_mode":true,"campfire_choices":[{"data":"Perfected Strike","floor":6,"key":"SMITH"},{"data":"Armaments","floor":11,"key":"SMITH"},{"data":"Whirlwind","floor":13,"key":"SMITH"},{"data":"Immolate","floor":15,"key":"SMITH"},{"data":"Perfected Strike","floor":23,"key":"SMITH"}],"neow_cost":"NONE","seed_source_timestamp":142614779451096,"circlet_count":0,"master_deck":["Strike_R","Strike_R","Strike_R","Strike_R","Strike_R","Defend_R","Defend_R","Bash+1","AscendersBane","Pommel Strike","Twin Strike","Perfected Strike+1","Wild Strike","Armaments+1","Whirlwind+1","Immolate+1","Double Tap","Twin Strike","Bludgeon","Perfected Strike+1","True Grit+1"],"relics":["Burning Blood","Dream Catcher","Lantern","Letter Opener","Runic Cube","Question Card"],"potions_floor_usage":[7,7,18,22,25],"damage_taken":[{"damage":10,"enemies":"Small Slimes","floor":1,"turns":3},{"damage":1,"enemies":"Cultist","floor":2,"turns":3},{"damage":5,"enemies":"2 Louse","floor":4,"turns":2},{"damage":15,"enemies":"Gremlin Gang","floor":5,"turns":5},{"damage":9,"enemies":"3 Louse","floor":7,"turns":4},{"damage":15,"enemies":"3 Sentries","floor":8,"turns":7},{"damage":0,"enemies":"2 Fungi Beasts","floor":10,"turns":2},{"damage":32,"enemies":"Gremlin Nob","floor":12,"turns":4},{"damage":2,"enemies":"Exordium Wildlife","floor":14,"turns":3},{"damage":11,"enemies":"Slime Boss","floor":16,"turns":6},{"damage":0,"enemies":"Spheric Guardian","floor":18,"turns":3},{"damage":25,"enemies":"Shell Parasite","floor":19,"turns":5},{"damage":11,"enemies":"Sentry and Sphere","floor":22,"turns":3},{"damage":34,"enemies":"Centurion and Healer","floor":24,"turns":4},{"damage":27,"enemies":"Slavers","floor":25,"turns":3}],"seed_played":"4000871180210280818","potions_obtained":[{"floor":5,"key":"EntropicBrew"},{"floor":8,"key":"Ancient Potion"},{"floor":12,"key":"EssenceOfSteel"},{"floor":16,"key":"Block Potion"},{"floor":18,"key":"AttackPotion"}],"is_trial":false,"path_per_floor":["M","M","$","M","M","R","M","E","T","M","R","E","R","M","R","B",null,"M","M","$","?","M","R","M"],"character_chosen":"IRONCLAD","items_purchased":["Perfected Strike","Question Card"],"campfire_rested":0,"item_purchase_floors":[3,20],"current_hp_per_floor":[64,69,69,70,61,61,65,56,56,62,62,36,36,40,40,35,65,71,52,52,52,47,47,19,0],"gold":43,"neow_bonus":"UPGRADE_CARD","is_prod":false,"is_daily":false,"chose_seed":false,"campfire_upgraded":5,"win_rate":0,"timestamp":1538215401,"path_taken":["M","M","$","M","M","R","M","E","T","M","R","E","R","M","R","BOSS","M","M","$","?","M","R","?","E"],"build_version":"2018-09-27","purchased_purges":1,"victory":false,"max_hp_per_floor":[75,75,75,75,75,75,75,75,75,75,75,75,75,75,75,75,75,75,75,75,75,75,75,75,75],"card_choices":[{"not_picked":["Cleave","Whirlwind"],"picked":"Pommel Strike","floor":1},{"not_picked":["Anger","Wild Strike"],"picked":"Twin Strike","floor":2},{"not_picked":["True Grit","Searing Blow"],"picked":"Wild Strike","floor":4},{"not_picked":["Clash","Entrench","Havoc"],"picked":"SKIP","floor":5},{"not_picked":["Flex","Carnage"],"picked":"Armaments","floor":7},{"not_picked":["Sword Boomerang","Rampage"],"picked":"Whirlwind","floor":8},{"not_picked":["Sword Boomerang","True Grit","Body Slam"],"picked":"SKIP","floor":10},{"not_picked":["Flame Barrier","Rampage","Dropkick"],"picked":"SKIP","floor":12},{"not_picked":["Body Slam","Pummel"],"picked":"Immolate","floor":14},{"not_picked":["Limit Break","Impervious"],"picked":"Double Tap","floor":16},{"not_picked":["Shrug It Off","True Grit"],"picked":"Twin Strike","floor":18},{"not_picked":["Body Slam","True Grit","Iron Wave"],"picked":"SKIP","floor":19},{"not_picked":["Inflame","Power Through","Clothesline"],"picked":"Perfected Strike","floor":22},{"not_picked":["Cleave+1","Armaments","Clothesline+1"],"picked":"True Grit+1","floor":24}],"player_experience":276502,"relics_obtained":[{"floor":8,"key":"Dream Catcher"},{"floor":9,"key":"Lantern"},{"floor":12,"key":"Letter Opener"}],"event_choices":[{"event_name":"Transmorgrifier","player_choice":"Transform","floor":21,"damage_taken":0}],"is_beta":false,"boss_relics":[{"not_picked":["Eternal Feather","Snecko Eye"],"picked":"Runic Cube"}],"items_purged_floors":[20],"is_endless":false,"potions_floor_spawned":[5,8,10,12,16,18],"killed_by":"Slavers","ascension_level":15}