{"gold_per_floor":[218,237,92,104,52,52,67,67,67,95,95,125,137,37,37,136,136,152,152,152,27,42,42,57,57,82,82,95,111,136,151,151,255,255,268,20,20,36,36,36,36,36,93,119,135,135,151,5,5,5],"floor_reached":51,"playtime":2871,"items_purged":["Strike_B","Strike_B","Pain","Writhe"],"score":1072,"play_id":"792a3053-85f0-4ac6-8da7-77e5a89162d8","local_time":"20181025232301","is_ascension_mode":true,"campfire_choices":[{"data":"Zap","floor":6,"key":"SMITH"},{"data":"Dualcast","floor":8,"key":"SMITH"},{"data":"Go for the Eyes","floor":11,"key":"SMITH"},{"data":"Auto Shields","floor":15,"key":"SMITH"},{"data":"Machine Learning","floor":23,"key":"SMITH"},{"data":"Seek","floor":25,"key":"SMITH"},{"data":"Beam Cell","floor":27,"key":"SMITH"},{"floor":32,"key":"REST"},{"floor":40,"key":"REST"},{"data":"Hyperbeam","floor":42,"key":"SMITH"},{"floor":49,"key":"REST"}],"neow_cost":"NONE","seed_source_timestamp":411256815968496,"circlet_count":0,"master_deck":["Strike_B","Defend_B","Defend_B","Defend_B","Defend_B","Zap+1","Dualcast+1","Go for the Eyes+1","Leap","All For One","Turbo","Beam Cell+1","Gash","BootSequence","Seek+1","Auto Shields+1","Machine Learning+1","Gash","Leap+1","White Noise+1","Beam Cell","Glacier+1","Conserve Battery+1","Hologram+1","Hyperbeam+1","White Noise+1","Gash","Redo+1","Thunder Strike","Steam+1","Go for the Eyes","Static Discharge+1","FTL+1","Scrape"],"relics":["Cracked Core","Question Card","Symbiotic Virus","Darkstone Periapt","Sozu","WarpedTongs","Toxic Egg 2","Art of War","Pen Nib","Nuclear Battery","Du-Vu Doll","Tiny Chest","Dead Branch","Emotion Chip","Strawberry"],"potions_floor_usage":[10,33,50],"damage_taken":[{"damage":0,"enemies":"2 Louse","floor":1,"turns":3},{"damage":0,"enemies":"Cultist","floor":2,"turns":3},{"damage":0,"enemies":"Jaw Worm","floor":4,"turns":3},{"damage":8,"enemies":"Blue Slaver","floor":7,"turns":4},{"damage":7,"enemies":"Gremlin Nob","floor":10,"turns":3},{"damage":11,"enemies":"Lagavulin","floor":12,"turns":4},{"damage":3,"enemies":"3 Louse","floor":13,"turns":2},{"damage":0,"enemies":"The Guardian","floor":16,"turns":10},{"damage":0,"enemies":"Chosen","floor":18,"turns":3},{"damage":0,"enemies":"3 Byrds","floor":22,"turns":4},{"damage":0,"enemies":"Cultist and Chosen","floor":24,"turns":5},{"damage":18,"enemies":"Chosen and Byrds","floor":28,"turns":6},{"damage":33,"enemies":"Snake Plant","floor":29,"turns":3},{"damage":16,"enemies":"Gremlin Leader","floor":30,"turns":5},{"damage":3,"enemies":"Cultist and Chosen","floor":31,"turns":7},{"damage":22,"enemies":"Collector","floor":33,"turns":13},{"damage":9,"enemies":"3 Shapes","floor":35,"turns":5},{"damage":11,"enemies":"3 Darklings","floor":38,"turns":3},{"damage":0,"enemies":"Mind Bloom Boss Battle","floor":41,"turns":7},{"damage":7,"enemies":"Nemesis","floor":44,"turns":9},{"damage":0,"enemies":"Jaw Worm Horde","floor":45,"turns":4},{"damage":0,"enemies":"Spire Growth","floor":47,"turns":3},{"damage":45,"enemies":"Awakened One","floor":50,"turns":11}],"seed_played":"-609587010777504320","potions_obtained":[{"floor":4,"key":"GamblersBrew"},{"floor":12,"key":"Weak Potion"},{"floor":16,"key":"FearPotion"}],"is_trial":false,"path_per_floor":["M","M","$","M","$","R","M","R","T","E","R","E","M","$","R","B",null,"M","?","?","$","M","R","M","R","T","R","M","M","E","M","R","B",null,"M","$","?","M","$","R","?","R","T","E","M","T","M","$","R","B"],"character_chosen":"DEFECT","items_purchased":["All For One","Beam Cell","Gash","Redo+1","Strawberry"],"campfire_rested":3,"item_purchase_floors":[3,5,36,36,48],"current_hp_per_floor":[68,68,68,68,68,68,60,60,60,53,53,42,39,39,39,39,66,66,72,78,78,78,78,78,78,78,78,60,27,11,8,34,12,68,59,59,59,48,48,74,74,74,74,67,67,67,67,74,94,49],"gold":5,"neow_bonus":"HUNDRED_GOLD","is_prod":false,"is_daily":false,"chose_seed":false,"campfire_upgraded":8,"win_rate":0,"timestamp":1540502581,"path_taken":["M","M","$","M","$","R","M","R","T","E","R","E","M","$","R","BOSS","M","?","?","$","?","R","M","R","T","R","M","M","E","M","R","BOSS","M","$","?","M","$","R","?","R","T","E","M","?","M","?","R","BOSS"],"build_version":"2018-10-18","purchased_purges":4,"victory":true,"max_hp_per_floor":[75,75,75,75,75,75,75,75,75,75,75,75,75,75,75,75,75,75,81,87,87,87,87,87,87,87,87,87,87,87,87,87,87,87,87,87,87,87,87,87,87,87,87,87,87,87,87,94,94,94],"card_choices":[{"not_picked":["Gash","Turbo"],"picked":"Go for the Eyes","floor":1},{"not_picked":["Hologram","Redo"],"picked":"Leap","floor":2},{"not_picked":["Conserve Battery","Barrage"],"picked":"Turbo","floor":4},{"not_picked":["Redo","Rip and Tear"],"picked":"Gash","floor":7},{"not_picked":["Capacitor","Conserve Battery","Double Energy"],"picked":"BootSequence","floor":10},{"not_picked":["Genetic Algorithm","Force Field","Streamline"],"picked":"Seek","floor":12},{"not_picked":["Hologram","Stack","Thunder Strike"],"picked":"Auto Shields","floor":13},{"not_picked":["Biased Cognition","Seek","Rainbow"],"picked":"Machine Learning","floor":16},{"not_picked":["Hello World+1","Barrage","Ball Lightning"],"picked":"Gash","floor":18},{"not_picked":["Undo+1","Genetic Algorithm+1","Sunder"],"picked":"Leap+1","floor":22},{"not_picked":["Conserve Battery+1","Ball Lightning","Barrage"],"picked":"White Noise+1","floor":24},{"not_picked":["Defragment","Turbo+1","Reprogram+1"],"picked":"Beam Cell","floor":28},{"not_picked":["Cold Snap+1","Redo+1","Hologram+1"],"picked":"Glacier+1","floor":29},{"not_picked":["Barrage","Force Field+1","Recycle+1"],"picked":"Conserve Battery+1","floor":30},{"not_picked":["Coolheaded+1","Defragment","Barrage"],"picked":"Hologram+1","floor":31},{"not_picked":["Reboot+1","Biased Cognition","Core Surge"],"picked":"Hyperbeam","floor":33},{"not_picked":["Storm+1","Compile Driver","Tempest+1"],"picked":"White Noise+1","floor":35},{"not_picked":["Hologram+1","Scrape","Sweeping Beam"],"picked":"Steam+1","floor":38},{"not_picked":["Aggregate+1","Barrage+1","Compile Driver+1"],"picked":"Go for the Eyes","floor":41},{"not_picked":["Recycle+1","Hyperbeam","Sunder"],"picked":"Static Discharge+1","floor":44},{"not_picked":["Sweeping Beam","Barrage","Force Field+1"],"picked":"FTL+1","floor":45},{"not_picked":["Coolheaded+1","Undo+1","Streamline+1"],"picked":"Scrape","floor":47}],"player_experience":297028,"relics_obtained":[{"floor":9,"key":"Question Card"},{"floor":10,"key":"Symbiotic Virus"},{"floor":12,"key":"Darkstone Periapt"},{"floor":26,"key":"Art of War"},{"floor":30,"key":"Pen Nib"},{"floor":41,"key":"Du-Vu Doll"},{"floor":43,"key":"Tiny Chest"},{"floor":44,"key":"Dead Branch"},{"floor":46,"key":"Emotion Chip"}],"event_choices":[{"damage_healed":0,"gold_gain":0,"player_choice":"Rummage","damage_taken":0,"relics_obtained":["WarpedTongs"],"max_hp_gain":0,"max_hp_loss":0,"event_name":"Accursed Blacksmith","floor":19,"gold_loss":0,"cards_obtained":["Pain"]},{"damage_healed":0,"gold_gain":0,"player_choice":"Opened","damage_taken":0,"relics_obtained":["Toxic Egg 2"],"max_hp_gain":0,"max_hp_loss":0,"event_name":"The Mausoleum","floor":20,"gold_loss":0,"cards_obtained":["Writhe"]},{"damage_healed":0,"gold_gain":0,"cards_transformed":["Strike_B"],"player_choice":"Transformed","damage_taken":0,"max_hp_gain":0,"max_hp_loss":0,"event_name":"Transmorgrifier","floor":37,"gold_loss":0,"cards_obtained":["Thunder Strike"]},{"damage_healed":0,"gold_gain":0,"player_choice":"Fight","damage_taken":0,"max_hp_gain":0,"max_hp_loss":0,"event_name":"MindBloom","floor":41,"gold_loss":0}],"is_beta":false,"boss_relics":[{"not_picked":["Runic Pyramid","Coffee Dripper"],"picked":"Sozu"},{"not_picked":["Pandora\u0027s Box","FrozenCore"],"picked":"Nuclear Battery"}],"items_purged_floors":[3,14,21,36],"is_endless":false,"potions_floor_spawned":[4,12,16,18,22,30,35,38,47],"ascension_level":8}