{"gold_per_floor":[111,125,145,161,178,178,80,80,80,115,115,147,147,157,157,236,236,251,251,261,311,138,169,169,194,194,205,10,10,39,68,80,166,178,208,20,0,0,10,10,35,87,87,104,135,146,156,156,156,156],"floor_reached":51,"playtime":2323,"items_purged":["Strike_R","Pain","Strike_R","Normality"],"score":1494,"play_id":"7e697706-493a-4a70-9fb5-aa70534861b1","local_time":"20190308102839","is_ascension_mode":true,"campfire_choices":[{"data":"Uppercut","floor":6.0,"key":"SMITH"},{"data":"True Grit","floor":11.0,"key":"SMITH"},{"data":"Feel No Pain","floor":15.0,"key":"SMITH"},{"data":"Feel No Pain","floor":29.0,"key":"SMITH"},{"data":"Corruption","floor":32.0,"key":"SMITH"},{"data":"Heavy Blade","floor":40.0,"key":"SMITH"},{"floor":49.0,"key":"REST"}],"neow_cost":"NONE","seed_source_timestamp":5606604945376,"circlet_count":0,"master_deck":["AscendersBane","Defend_R","Defend_R","Defend_R","Defend_R+1","Bash","Ghostly Armor+1","Uppercut+1","Flame Barrier","Cleave+1","True Grit+1","Corruption+1","Feel No Pain+1","Offering+1","Spot Weakness+1","Shrug It Off+1","Flame Barrier+1","Shrug It Off+1","Immolate","Havoc+1","Feel No Pain+1","Pommel Strike","Dual Wield+1","Dark Embrace","Brutality+1","Wild Strike+1","Demon Form+1","Spot Weakness+1","Warcry+1","Heavy Blade+1","Second Wind+1","Flame Barrier+1","Ghostly Armor+1","Pommel Strike+1"],"special_seed":0,"relics":["Burning Blood","Blood Vial","Whetstone","Anchor","Toxic Egg 2","WarpedTongs","Cursed Key","Oddly Smooth Stone","Mercury Hourglass","Pear","MawBank","Astrolabe","Red Mask","Art of War","Ice Cream","PreservedInsect"],"potions_floor_usage":[50],"damage_taken":[{"damage":15.0,"enemies":"Jaw Worm","floor":1.0,"turns":5.0},{"damage":0.0,"enemies":"Small Slimes","floor":2.0,"turns":3.0},{"damage":3.0,"enemies":"Cultist","floor":3.0,"turns":4.0},{"damage":18.0,"enemies":"Large Slime","floor":4.0,"turns":10.0},{"damage":3.0,"enemies":"Blue Slaver","floor":5.0,"turns":4.0},{"damage":11.0,"enemies":"Gremlin Nob","floor":10.0,"turns":5.0},{"damage":15.0,"enemies":"3 Sentries","floor":12.0,"turns":7.0},{"damage":0.0,"enemies":"Exordium Wildlife","floor":14.0,"turns":4.0},{"damage":37.0,"enemies":"Hexaghost","floor":16.0,"turns":12.0},{"damage":11.0,"enemies":"Spheric Guardian","floor":18.0,"turns":4.0},{"damage":12.0,"enemies":"3 Byrds","floor":20.0,"turns":4.0},{"damage":14.0,"enemies":"Slavers","floor":23.0,"turns":5.0},{"damage":8.0,"enemies":"Gremlin Leader","floor":25.0,"turns":6.0},{"damage":2.0,"enemies":"Snake Plant","floor":27.0,"turns":4.0},{"damage":16.0,"enemies":"Slavers","floor":30.0,"turns":4.0},{"damage":7.0,"enemies":"Sentry and Sphere","floor":31.0,"turns":3.0},{"damage":45.0,"enemies":"Collector","floor":33.0,"turns":11.0},{"damage":0.0,"enemies":"3 Shapes","floor":35.0,"turns":4.0},{"damage":6.0,"enemies":"3 Darklings","floor":39.0,"turns":4.0},{"damage":21.0,"enemies":"Reptomancer","floor":41.0,"turns":5.0},{"damage":14.0,"enemies":"2 Orb Walkers","floor":42.0,"turns":4.0},{"damage":10.0,"enemies":"Spire Growth","floor":44.0,"turns":5.0},{"damage":6.0,"enemies":"Giant Head","floor":45.0,"turns":8.0},{"damage":5.0,"enemies":"Maw","floor":46.0,"turns":6.0},{"damage":9.0,"enemies":"Writhing Mass","floor":47.0,"turns":7.0},{"damage":6,"enemies":"Time Eater","floor":50,"turns":10}],"seed_played":"-1084102563204720584","potions_obtained":[{"floor":1.0,"key":"Block Potion"},{"floor":3.0,"key":"Explosive Potion"},{"floor":10.0,"key":"PowerPotion"},{"floor":16.0,"key":"Fruit Juice"},{"floor":23.0,"key":"SteroidPotion"},{"floor":25.0,"key":"Dexterity Potion"},{"floor":42.0,"key":"GamblersBrew"}],"is_trial":false,"path_per_floor":["M","M","M","M","M","R","$","?","T","E","R","E","?","M","R","B",null,"M","?","M","?","$","E","T","E","T","M","$","R","E","M","R","B",null,"M","$","?","$","M","R","E","?","T","M","E","M","M","?","R","B",null],"character_chosen":"IRONCLAD","items_purchased":["True Grit","Regen Potion","Feel No Pain","Warcry+1"],"campfire_rested":1,"item_purchase_floors":[7,22,28,36],"current_hp_per_floor":[61,69,74,63,68,68,68,45,45,42,42,35,35,43,43,14,60,57,57,53,53,58,52,52,77,77,83,83,83,75,76,76,39,77,85,85,85,85,87,87,74,68,68,66,68,71,70,70,85,85],"gold":156,"neow_bonus":"RANDOM_COMMON_RELIC","is_prod":false,"is_daily":false,"chose_seed":false,"campfire_upgraded":6,"win_rate":0,"timestamp":1552069719,"path_taken":["M","M","M","M","M","R","$","?","T","E","R","E","?","M","R","BOSS","M","?","M","?","$","E","?","E","T","?","$","R","E","M","R","BOSS","M","$","?","$","M","R","E","?","T","M","E","M","M","?","R","BOSS"],"build_version":"2019-01-23","purchased_purges":4,"victory":true,"max_hp_per_floor":[75,75,75,75,75,75,75,75,75,75,75,75,75,75,75,75,75,75,75,75,75,80,80,80,90,90,90,90,90,90,90,90,90,90,90,90,90,90,90,90,90,90,90,90,90,90,90,85,85,85],"card_choices":[{"not_picked":["Blood for Blood","Havoc"],"picked":"Ghostly Armor","floor":1.0},{"not_picked":["Intimidate","Wild Strike"],"picked":"Uppercut","floor":2.0},{"not_picked":["Bloodletting","Perfected Strike"],"picked":"Flame Barrier","floor":3.0},{"not_picked":["Shrug It Off","Entrench"],"picked":"Cleave","floor":4.0},{"not_picked":["Flex","Thunderclap","Warcry"],"picked":"SKIP","floor":5.0},{"not_picked":["Thunderclap","Barricade","Heavy Blade"],"picked":"SKIP","floor":10.0},{"not_picked":["Burning Pact","Body Slam"],"picked":"Corruption","floor":12.0},{"not_picked":["Armaments+1","Heavy Blade"],"picked":"Feel No Pain","floor":14.0},{"not_picked":["Barricade","Immolate"],"picked":"Offering+1","floor":16.0},{"not_picked":["Rupture","Havoc+1"],"picked":"Spot Weakness+1","floor":18.0},{"not_picked":["Intimidate+1","Sword Boomerang"],"picked":"Flame Barrier+1","floor":20.0},{"not_picked":["Thunderclap+1","True Grit+1"],"picked":"Shrug It Off+1","floor":23.0},{"not_picked":["Wild Strike","Iron Wave"],"picked":"Immolate","floor":25.0},{"not_picked":["Thunderclap","Fire Breathing+1"],"picked":"Havoc+1","floor":27.0},{"not_picked":["Combust","Flex+1"],"picked":"Pommel Strike","floor":30.0},{"not_picked":["Infernal Blade+1","Pummel"],"picked":"Dual Wield+1","floor":31.0},{"not_picked":["Impervious+1","Fiend Fire"],"picked":"Dark Embrace","floor":33.0},{"not_picked":["Clothesline","Anger"],"picked":"Spot Weakness+1","floor":35.0},{"not_picked":["Armaments+1","Flex+1"],"picked":"Heavy Blade","floor":39.0},{"not_picked":["Iron Wave+1","Rupture+1"],"picked":"Second Wind+1","floor":41.0},{"not_picked":["Iron Wave+1","Heavy Blade"],"picked":"Flame Barrier+1","floor":42.0},{"not_picked":["Havoc+1","Blood for Blood","Bludgeon"],"picked":"SKIP","floor":44.0},{"not_picked":["Iron Wave","Searing Blow+1"],"picked":"Ghostly Armor+1","floor":45.0},{"not_picked":["Inflame","Clash","Clothesline"],"picked":"SKIP","floor":46.0},{"not_picked":["Clothesline","Cleave+1"],"picked":"Pommel Strike+1","floor":47.0}],"player_experience":2329513,"relics_obtained":[{"floor":9.0,"key":"Whetstone"},{"floor":10.0,"key":"Anchor"},{"floor":12.0,"key":"Toxic Egg 2"},{"floor":23.0,"key":"Oddly Smooth Stone"},{"floor":24.0,"key":"Mercury Hourglass"},{"floor":25.0,"key":"Pear"},{"floor":30.0,"key":"MawBank"},{"floor":41.0,"key":"Art of War"},{"floor":42.0,"key":"Ice Cream"},{"floor":45.0,"key":"PreservedInsect"}],"event_choices":[{"damage_healed":0.0,"max_hp_gain":0.0,"max_hp_loss":0.0,"gold_gain":0.0,"event_name":"Shining Light","player_choice":"Entered Light","floor":8.0,"gold_loss":0.0,"damage_taken":23.0,"cards_upgraded":["Ghostly Armor","Defend_R"]},{"damage_healed":0.0,"max_hp_gain":0.0,"max_hp_loss":0.0,"gold_gain":0.0,"event_name":"Accursed Blacksmith","player_choice":"Rummage","floor":13.0,"gold_loss":0.0,"damage_taken":0.0,"relics_obtained":["WarpedTongs"],"cards_obtained":["Pain"]},{"damage_healed":0.0,"max_hp_gain":0.0,"max_hp_loss":0.0,"gold_gain":0.0,"event_name":"The Library","player_choice":"Read","floor":19.0,"gold_loss":0.0,"damage_taken":0.0,"cards_obtained":["Shrug It Off"]},{"damage_healed":0.0,"max_hp_gain":0.0,"max_hp_loss":0.0,"gold_gain":50.0,"event_name":"Nest","player_choice":"Stole From Cult","floor":21.0,"gold_loss":0.0,"damage_taken":0.0},{"damage_healed":0.0,"max_hp_gain":0.0,"max_hp_loss":0.0,"gold_gain":0.0,"event_name":"Tomb of Lord Red Mask","player_choice":"Paid","floor":37.0,"gold_loss":20.0,"damage_taken":0.0,"relics_obtained":["Red Mask"]},{"damage_healed":0.0,"max_hp_gain":0.0,"max_hp_loss":0.0,"gold_gain":0.0,"event_name":"Mysterious Sphere","player_choice":"Fight","floor":42.0,"gold_loss":0.0,"damage_taken":0.0},{"damage_healed":0.0,"max_hp_gain":0.0,"max_hp_loss":5.0,"gold_gain":0.0,"event_name":"Winding Halls","player_choice":"Max HP","floor":48.0,"gold_loss":0.0,"damage_taken":0.0}],"is_beta":false,"boss_relics":[{"not_picked":["Runic Cube","Velvet Choker"],"picked":"Cursed Key"},{"not_picked":["Calling Bell","Tiny House"],"picked":"Astrolabe"}],"items_purged_floors":[7,22,28,36],"is_endless":false,"potions_floor_spawned":[1,3,5,10,16,20,23,25,27,33,35,42,45,46],"ascension_level":15}