{"gold_per_floor":[114,114,130,130,140,140,168,168,168,195,195,207,221,254,254,356,356,366,366,346,75,90,90,103,103,130,130,144,157,187,112,112,112],"floor_reached":33,"playtime":1572,"items_purged":["Strike_R"],"score":495,"play_id":"ecf8f841-421e-4721-aeb1-59350eac72d3","local_time":"20190414193632","is_ascension_mode":true,"campfire_choices":[{"data":"Inflame","floor":6,"key":"SMITH"},{"data":"True Grit","floor":8,"key":"SMITH"},{"data":"Disarm","floor":11,"key":"SMITH"},{"floor":15,"key":"REST"},{"data":"Feed","floor":23,"key":"SMITH"},{"floor":25,"key":"RECALL"},{"data":"Disarm","floor":27,"key":"SMITH"},{"floor":32,"key":"REST"}],"neow_cost":"NONE","seed_source_timestamp":209500076720400,"circlet_count":0,"master_deck":["AscendersBane","Strike_R","Strike_R","Strike_R","Defend_R","Defend_R","Defend_R","Defend_R","Bash+1","True Grit+1","Cleave","Inflame+1","Sword Boomerang","Disarm+1","Feed+1","Shrug It Off","Battle Trance","Reaper","Disarm+1","True Grit+1","Metallicize+1"],"relics":["Burning Blood","Gremlin Horn","Pear","Frozen Egg 2","Oddly Smooth Stone","Mark of Pain","Sling","Red Skull","Dodecahedron"],"potions_floor_usage":[3,10,14,16,18,20,24],"damage_taken":[{"damage":10,"enemies":"Cultist","floor":1,"turns":5},{"damage":9,"enemies":"2 Louse","floor":3,"turns":3},{"damage":2,"enemies":"Jaw Worm","floor":5,"turns":4},{"damage":24,"enemies":"Gremlin Nob","floor":7,"turns":4},{"damage":35,"enemies":"Lagavulin","floor":10,"turns":6},{"damage":0,"enemies":"Lots of Slimes","floor":12,"turns":2},{"damage":8,"enemies":"2 Fungi Beasts","floor":13,"turns":4},{"damage":38,"enemies":"3 Sentries","floor":14,"turns":7},{"damage":10,"enemies":"Hexaghost","floor":16,"turns":12},{"damage":27,"enemies":"Chosen","floor":18,"turns":5},{"damage":13,"enemies":"2 Thieves","floor":20,"turns":4},{"damage":19,"enemies":"Snecko","floor":22,"turns":6},{"damage":36,"enemies":"3 Cultists","floor":24,"turns":5},{"damage":24,"enemies":"Shelled Parasite and Fungi","floor":28,"turns":6},{"damage":8,"enemies":"Snake Plant","floor":29,"turns":6},{"damage":15,"enemies":"Gremlin Leader","floor":30,"turns":7},{"damage":142,"enemies":"Automaton","floor":33,"turns":12}],"seed_played":"349603359893153011","potions_obtained":[{"floor":1,"key":"BloodPotion"},{"floor":7,"key":"Regen Potion"},{"floor":13,"key":"Dexterity Potion"},{"floor":14,"key":"SkillPotion"},{"floor":16,"key":"GamblersBrew"},{"floor":18,"key":"Poison Potion"},{"floor":22,"key":"Strength Potion"}],"is_trial":false,"path_per_floor":["M","?","M","?","M","R","E","R","T","E","R","M","M","E","R","B",null,"M","?","M","$","M","R","M","R","T","R","M","M","E","?","R","B"],"character_chosen":"IRONCLAD","items_purchased":["Sling"],"campfire_rested":2,"item_purchase_floors":[21],"current_hp_per_floor":[76,76,81,81,85,85,67,67,77,62,62,68,69,40,71,70,98,87,87,83,83,83,83,75,75,75,75,65,67,74,74,113,0],"gold":112,"neow_bonus":"TEN_PERCENT_HP_BONUS","is_prod":false,"is_daily":false,"chose_seed":false,"campfire_upgraded":5,"win_rate":0,"timestamp":1555259792,"path_taken":["M","?","M","?","M","R","E","R","T","E","R","M","?","E","R","BOSS","M","?","?","$","M","R","?","R","T","R","M","M","E","?","R","BOSS"],"build_version":"2019-01-23","purchased_purges":1,"victory":false,"max_hp_per_floor":[88,88,88,88,88,88,88,88,98,98,98,98,101,104,104,107,107,110,110,113,113,116,116,120,120,120,120,124,128,132,132,132,132],"card_choices":[{"not_picked":["Feel No Pain","Whirlwind"],"picked":"True Grit","floor":1},{"not_picked":["Perfected Strike","Clash"],"picked":"Cleave","floor":3},{"not_picked":["Searing Blow","Bloodletting"],"picked":"Inflame","floor":5},{"not_picked":["Searing Blow","Thunderclap"],"picked":"Sword Boomerang","floor":7},{"not_picked":["Clothesline","Wild Strike"],"picked":"Disarm","floor":10},{"not_picked":["Iron Wave","Dual Wield"],"picked":"Feed","floor":12},{"not_picked":["Body Slam","Pommel Strike"],"picked":"Shrug It Off","floor":13},{"not_picked":["Spot Weakness","Clothesline"],"picked":"Battle Trance","floor":14},{"not_picked":["Dark Embrace+1","Juggernaut+1"],"picked":"Reaper","floor":16},{"not_picked":["Searing Blow+1","Iron Wave"],"picked":"Disarm","floor":18},{"not_picked":["Cleave+1","Pummel","Disarm"],"picked":"SKIP","floor":20},{"not_picked":["Pommel Strike","True Grit","Thunderclap+1"],"picked":"SKIP","floor":22},{"not_picked":["Warcry","Combust+1","Clash"],"picked":"SKIP","floor":24},{"not_picked":["Havoc","Clash"],"picked":"True Grit+1","floor":28},{"not_picked":["Reckless Charge","Iron Wave+1"],"picked":"Metallicize+1","floor":29},{"not_picked":["Intimidate","Sentinel","Hemokinesis"],"picked":"SKIP","floor":30}],"player_experience":255921,"relics_obtained":[{"floor":7,"key":"Gremlin Horn"},{"floor":9,"key":"Pear"},{"floor":10,"key":"Frozen Egg 2"},{"floor":14,"key":"Oddly Smooth Stone"},{"floor":26,"key":"Red Skull"},{"floor":30,"key":"Dodecahedron"}],"event_choices":[{"damage_healed":0,"gold_gain":0,"player_choice":"Ignored","damage_taken":0,"max_hp_gain":0,"max_hp_loss":0,"event_name":"Liars Game","floor":2,"gold_loss":0},{"damage_healed":0,"gold_gain":0,"player_choice":"Upgraded","damage_taken":0,"max_hp_gain":0,"max_hp_loss":0,"event_name":"Upgrade Shrine","floor":4,"gold_loss":0,"cards_upgraded":["Bash"]},{"damage_healed":0,"gold_gain":0,"player_choice":"0 cards matched","damage_taken":0,"max_hp_gain":0,"max_hp_loss":0,"event_name":"Match and Keep!","floor":19,"gold_loss":0,"cards_obtained":[]},{"cards_removed":["Strike_R"],"damage_healed":0,"gold_gain":0,"player_choice":"Gave Gold","damage_taken":0,"max_hp_gain":0,"max_hp_loss":0,"event_name":"Beggar","floor":31,"gold_loss":75}],"is_beta":false,"boss_relics":[{"not_picked":["Calling Bell","Runic Cube"],"picked":"Mark of Pain"}],"items_purged_floors":[21],"is_endless":false,"potions_floor_spawned":[1,7,13,14,16,18,22],"killed_by":"Automaton","ascension_level":11}