{"gold_per_floor":[116,135,135,150,110,123,123,123,196,196,211,211,211,167,167,167],"floor_reached":16,"playtime":990,"items_purged":[],"score":170,"play_id":"251e86ce-ac4f-44b9-8bff-e638f77cae39","local_time":"20190303221019","is_ascension_mode":true,"campfire_choices":[{"floor":10,"key":"REST"},{"floor":12,"key":"REST"},{"data":"Fission","floor":15,"key":"SMITH"}],"neow_cost":"NONE","seed_source_timestamp":3010344967768,"circlet_count":0,"master_deck":["AscendersBane","Strike_B","Strike_B","Strike_B","Defend_B","Defend_B","Defend_B","Defend_B","Zap","Dualcast","Coolheaded","Go for the Eyes","Fission+1","Leap","Gash","Defragment","Go for the Eyes"],"special_seed":0,"relics":["Cracked Core","Bag of Marbles","Bottled Tornado","Golden Idol"],"potions_floor_usage":[11,16,16],"damage_taken":[{"damage":4.0,"enemies":"2 Louse","floor":1.0,"turns":3.0},{"damage":5.0,"enemies":"Jaw Worm","floor":2.0,"turns":4.0},{"damage":12.0,"enemies":"Small Slimes","floor":4.0,"turns":3.0},{"damage":28.0,"enemies":"Exordium Thugs","floor":5.0,"turns":5.0},{"damage":9.0,"enemies":"Exordium Wildlife","floor":6.0,"turns":3.0},{"damage":1,"enemies":"2 Fungi Beasts","floor":11,"turns":4},{"damage":51,"enemies":"Slime Boss","floor":16,"turns":9}],"seed_played":"-3823965884270152195","potions_obtained":[{"floor":4.0,"key":"SneckoOil"},{"floor":5.0,"key":"PowerPotion"},{"floor":6.0,"key":"Energy Potion"},{"floor":11,"key":"Swift Potion"}],"is_trial":false,"path_per_floor":["M","M","?","M","M","M","?","$","T","R","M","R","?","?","R","B"],"character_chosen":"DEFECT","items_purchased":[],"campfire_rested":2,"item_purchase_floors":[],"current_hp_per_floor":[60,55,55,43,15,6,6,6,6,27,26,47,47,47,47,0],"gold":167,"neow_bonus":"RANDOM_COMMON_RELIC","is_prod":false,"is_daily":false,"chose_seed":false,"campfire_upgraded":1,"win_rate":0,"timestamp":1551647419,"path_taken":["M","M","?","M","M","M","?","$","T","R","M","R","?","?","R","BOSS"],"build_version":"2019-01-23","purchased_purges":0,"victory":false,"max_hp_per_floor":[71,71,71,71,71,71,71,71,71,71,71,71,64,64,64,64],"card_choices":[{"not_picked":["Stack","Compile Driver"],"picked":"Coolheaded","floor":1.0},{"not_picked":["Sweeping Beam","Capacitor"],"picked":"Go for the Eyes","floor":2.0},{"not_picked":["Steam","Machine Learning"],"picked":"Leap","floor":4.0},{"not_picked":["Stack","Barrage"],"picked":"Gash","floor":5.0},{"not_picked":["Self Repair","Loop"],"picked":"Defragment","floor":6.0},{"not_picked":["Melter","Steam"],"picked":"Go for the Eyes","floor":11}],"player_experience":586979,"relics_obtained":[{"floor":9,"key":"Bottled Tornado"}],"event_choices":[{"damage_healed":0.0,"max_hp_gain":0.0,"max_hp_loss":0.0,"gold_gain":0.0,"cards_transformed":["Strike_B"],"event_name":"Living Wall","player_choice":"Change","floor":3.0,"gold_loss":0.0,"damage_taken":0.0,"cards_obtained":["Fission"]},{"damage_healed":0,"gold_gain":0,"player_choice":"Fled","damage_taken":0,"max_hp_gain":0,"max_hp_loss":0,"event_name":"Scrap Ooze","floor":7,"gold_loss":0},{"damage_healed":0,"gold_gain":0,"player_choice":"Lose Max HP","damage_taken":0,"relics_obtained":["Golden Idol"],"max_hp_gain":0,"max_hp_loss":7,"event_name":"Golden Idol","floor":13,"gold_loss":0},{"damage_healed":0,"gold_gain":0,"player_choice":"Left Gold","damage_taken":0,"max_hp_gain":0,"max_hp_loss":0,"event_name":"World of Goop","floor":14,"gold_loss":44}],"is_beta":false,"boss_relics":[],"items_purged_floors":[],"is_endless":false,"potions_floor_spawned":[4,5,6,11],"killed_by":"Slime Boss","ascension_level":17}