{"gold_per_floor":[116,12,29,49,65,82,92,92,92,92,92,92,124,83,83,113,113,189,189,199,19,19,19,37,37,71,71,71,103,103,153,172,47,47,119,119,136,146,146,146,146,146,177,197,277,277,295,295,323,323,323,323],"floor_reached":52,"playtime":2726,"items_purged":["Strike_B","Strike_B","Strike_B"],"score":1212,"play_id":"b009a46d-63a5-4d9e-bed5-493a8d81326d","local_time":"20190326023044","is_ascension_mode":true,"campfire_choices":[{"data":"Defragment","floor":8.0,"key":"SMITH"},{"data":"ReplayTheSpireMod:Omega Cannon","floor":15.0,"key":"SMITH"},{"data":"Buffer","floor":17.0,"key":"SMITH"},{"floor":25.0,"key":"REST"},{"floor":27.0,"key":"REST"},{"data":"Dualcast","floor":42,"key":"SMITH"},{"data":"Coolheaded","floor":46,"key":"SMITH"},{"floor":51,"key":"RECALL"}],"neow_cost":"NONE","seed_source_timestamp":24184481677800,"circlet_count":0,"master_deck":["AscendersBane","Strike_B+1","Defend_B+1","Defend_B+1","Defend_B+1","Zap","Dualcast+1","Glacier","Sweeping Beam","BasicCrystalCard","Gash","Defragment+1","FTL","ReplayTheSpireMod:Omega Cannon+1","Coolheaded+1","Buffer+1","Rainbow","Self Repair","Coolheaded+1","Compile Driver","Core Surge","Gash","White Noise+1","Coolheaded+1","FIFO Queue","Recycle"],"special_seed":0,"relics":["Cracked Core","NeowsBlessing","Meat on the Bone","Shuriken","Matryoshka","Pantograph","Philosopher\u0027s Stone","ReplayTheSpireMod:TigerMarble","Oddly Smooth Stone","Carrot","Blue Doll","Enchiridion","Lizard Tail","Divine Protection","Iron Hammer","Chameleon Ring"],"potions_floor_usage":[35,43,49,52],"damage_taken":[{"damage":0.0,"enemies":"Cultist","floor":1.0,"turns":1.0},{"damage":0.0,"enemies":"Small Slimes","floor":3.0,"turns":1.0},{"damage":0.0,"enemies":"Jaw Worm","floor":4.0,"turns":1.0},{"damage":8.0,"enemies":"3 Louse","floor":5.0,"turns":4.0},{"damage":26.0,"enemies":"Large Slime","floor":6.0,"turns":8.0},{"damage":0.0,"enemies":"Blue Slaver","floor":7.0,"turns":5.0},{"damage":0.0,"enemies":"Lagavulin","floor":13.0,"turns":9.0},{"damage":0.0,"enemies":"3 Sentries","floor":16.0,"turns":3.0},{"damage":52.0,"enemies":"Hexaghost","floor":18.0,"turns":10.0},{"damage":20.0,"enemies":"3 Byrds","floor":20.0,"turns":3.0},{"damage":17.0,"enemies":"Shell Parasite","floor":24.0,"turns":5.0},{"damage":40.0,"enemies":"Slavers","floor":26.0,"turns":5.0},{"damage":11.0,"enemies":"Gremlin Leader","floor":29.0,"turns":7.0},{"damage":6.0,"enemies":"Shelled Parasite and Fungi","floor":32.0,"turns":7.0},{"damage":29,"enemies":"Collector","floor":35,"turns":12},{"damage":12,"enemies":"3 Darklings","floor":37,"turns":3},{"damage":4,"enemies":"3 Shapes","floor":38,"turns":4},{"damage":19,"enemies":"Giant Head","floor":43,"turns":9},{"damage":17,"enemies":"Spire Growth","floor":44,"turns":5},{"damage":16,"enemies":"3 Darklings","floor":47,"turns":7},{"damage":10,"enemies":"Nemesis","floor":49,"turns":7},{"damage":130,"enemies":"Donu and Deca","floor":52,"turns":17}],"seed_played":"-7697681334825477587","potions_obtained":[{"floor":1.0,"key":"LiquidBronze"},{"floor":6.0,"key":"Fire Potion"},{"floor":18.0,"key":"Poison Potion"},{"floor":26.0,"key":"Dexterity Potion"},{"floor":32.0,"key":"Adrenaline Potion"},{"floor":35,"key":"Flashbang"},{"floor":41,"key":"Venom Potion"},{"floor":41,"key":"SteroidPotion"},{"floor":43,"key":"EssenceOfSteel"}],"is_trial":false,"path_per_floor":["M","$","M","M","M","M","M","R","T","?","PTL","PTL","E","$","R","E","R","B",null,"M","$","?","?","M","R","E","R","T","E","?","?","M","$","R","B",null,"M","M","?","?","?","R","E","M","T","R","M","?","E","?","R","B"],"character_chosen":"DEFECT","items_purchased":["Sweeping Beam","Coolheaded+1","FocusPotion"],"campfire_rested":2,"item_purchase_floors":[2,14,21],"current_hp_per_floor":[64,64,64,64,56,30,30,30,30,30,30,30,42,42,42,42,42,27,60,40,40,40,20,22,44,16,38,38,46,25,25,38,38,38,53,70,58,61,61,61,61,61,56,46,46,46,49,49,46,46,46,0],"gold":323,"neow_bonus":"THREE_ENEMY_KILL","is_prod":false,"is_daily":false,"chose_seed":false,"campfire_upgraded":5,"win_rate":0,"timestamp":1553538644,"path_taken":["M","?","M","M","M","M","M","R","T","?","PTL","PTL","E","$","R","E","R","BOSS","M","$","?","?","M","R","E","R","T","E","?","?","M","$","R","BOSS","M","M","?","?","?","R","E","?","T","R","M","?","E","?","R","BOSS"],"build_version":"2019-03-15","purchased_purges":3,"victory":false,"max_hp_per_floor":[71,71,71,71,71,71,71,71,71,71,71,71,71,71,71,71,71,71,71,71,71,71,76,76,76,76,76,76,76,76,76,76,76,76,76,76,76,76,76,76,76,76,76,76,76,76,76,72,72,72,72,72],"card_choices":[{"not_picked":["ReplaySort","Rebound"],"picked":"Glacier","floor":1.0},{"not_picked":["Redo","Glacier"],"picked":"BasicCrystalCard","floor":3.0},{"not_picked":["FIFO Queue","Panic Button"],"picked":"Gash","floor":4.0},{"not_picked":["Sweeping Beam","Storm"],"picked":"Conserve Battery","floor":5.0},{"not_picked":["Leap","Rebound"],"picked":"Defragment","floor":6.0},{"not_picked":["Leap","Static Discharge"],"picked":"FTL","floor":7.0},{"not_picked":["Hologram","BasicCrystalCard"],"picked":"ReplayTheSpireMod:Omega Cannon","floor":13.0},{"not_picked":["Stack","Storm"],"picked":"Buffer","floor":16.0},{"not_picked":["Creative AI","Multi-Cast"],"picked":"Rainbow","floor":18.0},{"not_picked":["Barrage","Steam"],"picked":"Self Repair","floor":20.0},{"not_picked":["BasicCrystalCard","Beam Cell","Tempest"],"picked":"SKIP","floor":24.0},{"not_picked":["Auto Shields","Stack"],"picked":"Coolheaded+1","floor":26.0},{"not_picked":["Mirror Shield","Panic Button","Rebound"],"picked":"SKIP","floor":29.0},{"not_picked":["Panic Button","Go for the Eyes+1"],"picked":"Compile Driver","floor":32.0},{"not_picked":["ReplayRNGCard","Thunder Strike"],"picked":"Core Surge","floor":35},{"not_picked":["Streamline","Doom and Gloom"],"picked":"Gash","floor":37},{"not_picked":["BasicCrystalCard","Coolheaded"],"picked":"White Noise+1","floor":38},{"not_picked":["Doom and Gloom","Cold Snap"],"picked":"Coolheaded","floor":43},{"not_picked":["Compile Driver","Steam Power","Sweeping Beam"],"picked":"SKIP","floor":44},{"not_picked":["Multi-Cast","Beam Cell"],"picked":"FIFO Queue","floor":47},{"not_picked":["Conserve Battery","Streamline"],"picked":"Recycle","floor":49}],"player_experience":1296924,"relics_obtained":[{"floor":9.0,"key":"Meat on the Bone"},{"floor":13.0,"key":"Matryoshka"},{"floor":16.0,"key":"Pantograph"},{"floor":26.0,"key":"ReplayTheSpireMod:TigerMarble"},{"floor":28.0,"key":"Oddly Smooth Stone"},{"floor":28.0,"key":"Carrot"},{"floor":29.0,"key":"Blue Doll"},{"floor":30.0,"key":"Enchiridion"},{"floor":43,"key":"Divine Protection"},{"floor":45,"key":"Iron Hammer"},{"floor":49,"key":"Chameleon Ring"}],"event_choices":[{"cards_removed":["Conserve Battery"],"damage_healed":0.0,"max_hp_gain":0.0,"max_hp_loss":0.0,"gold_gain":0.0,"event_name":"WeMeetAgain","player_choice":"Gave Card","floor":10.0,"gold_loss":0.0,"damage_taken":0.0,"relics_obtained":["Shuriken"]},{"damage_healed":0.0,"max_hp_gain":0.0,"max_hp_loss":0.0,"gold_gain":0.0,"event_name":"Beggar","player_choice":"Ignored","floor":22.0,"gold_loss":0.0,"damage_taken":0.0},{"damage_healed":0.0,"max_hp_gain":5.0,"max_hp_loss":0.0,"gold_gain":0.0,"event_name":"Forgotten Altar","player_choice":"Shed Blood","floor":23.0,"gold_loss":0.0,"damage_taken":25.0},{"damage_healed":0.0,"max_hp_gain":0.0,"max_hp_loss":0.0,"gold_gain":0.0,"event_name":"Cursed Tome","player_choice":"Obtained Book","floor":30.0,"gold_loss":0.0,"damage_taken":21.0},{"damage_healed":0.0,"max_hp_gain":0.0,"max_hp_loss":0.0,"gold_gain":50.0,"event_name":"Nest","player_choice":"Stole From Cult","floor":31.0,"gold_loss":0.0,"damage_taken":0.0},{"damage_healed":0,"gold_gain":0,"player_choice":"Simplicity","damage_taken":0,"max_hp_gain":0,"max_hp_loss":0,"event_name":"Back to Basics","floor":34,"gold_loss":0,"cards_upgraded":["Strike_B","Defend_B","Defend_B","Defend_B","Defend_B"]},{"cards_removed":["Defend_B"],"damage_healed":0,"gold_gain":0,"player_choice":"Removed Skill","damage_taken":0,"max_hp_gain":0,"max_hp_loss":0,"event_name":"Falling","floor":39,"gold_loss":0},{"damage_healed":0,"gold_gain":0,"player_choice":"Ignored","damage_taken":0,"max_hp_gain":0,"max_hp_loss":0,"event_name":"Tomb of Lord Red Mask","floor":40,"gold_loss":0},{"damage_healed":0,"gold_gain":0,"player_choice":"Got Potions","damage_taken":0,"max_hp_gain":0,"max_hp_loss":0,"event_name":"Lab","floor":41,"gold_loss":0},{"damage_healed":0,"gold_gain":0,"player_choice":"Max HP","damage_taken":0,"max_hp_gain":0,"max_hp_loss":4,"event_name":"Winding Halls","floor":48,"gold_loss":0},{"damage_healed":0,"gold_gain":0,"player_choice":"Ignored","damage_taken":0,"max_hp_gain":0,"max_hp_loss":0,"event_name":"SecretPortal","floor":50,"gold_loss":0}],"is_beta":true,"boss_relics":[{"not_picked":["Tiny House","Abe\u0027s Treasure"],"picked":"Philosopher\u0027s Stone"},{"not_picked":["Velvet Choker","ChewingGum"],"picked":"Lizard Tail"}],"items_purged_floors":[2,21,33],"is_endless":false,"potions_floor_spawned":[1,6,13,18,26,32,35,38,43],"killed_by":"Donu and Deca","ascension_level":20}