{"gold_per_floor":[362,377,71,85,95,123,123,123,123,123,151,101,112,122,122,222,222,233,4,4,4,16,16,46,46,46,57,68,98,110,129,129,229,229,241,241,241,241,254,254,0,0,0,0,11,21,50,50,50,50],"floor_reached":51,"playtime":1835,"items_purged":["Strike_R"],"score":777,"play_id":"ba6f9492-d697-445a-b431-71188eb8d627","local_time":"20190115204959","is_ascension_mode":false,"campfire_choices":[{"data":"Feed","floor":8,"key":"SMITH"},{"data":"Cleave","floor":10,"key":"SMITH"},{"data":"True Grit","floor":15,"key":"SMITH"},{"data":"Disarm","floor":23,"key":"SMITH"},{"data":"Offering","floor":25,"key":"SMITH"},{"data":"1","floor":32,"key":"LIFT"},{"data":"2","floor":40,"key":"LIFT"},{"data":"3","floor":42,"key":"LIFT"},{"data":"Limit Break","floor":44,"key":"SMITH"},{"data":"Double Tap","floor":49,"key":"SMITH"}],"neow_cost":"TEN_PERCENT_HP_LOSS","seed_source_timestamp":0,"circlet_count":0,"master_deck":["Strike_R+1","Defend_R","Defend_R","Defend_R","Bash","Thunderclap","Cleave+1","Offering+1","Ghostly Armor","Feed+1","Limit Break+1","True Grit+1","Immolate+1","Sever Soul+1","Blood for Blood+1","Disarm+1","Shrug It Off+1","Flex+1","Shrug It Off+1","Fiend Fire+1","Flex+1","Double Tap+1","Madness","Madness","Spot Weakness+1","Warcry+1","Intimidate+1"],"special_seed":0,"relics":["Burning Blood","Torii","Orichalcum","Unceasing Top","Self Forming Clay","Potion Belt","Astrolabe","Whetstone","Meat on the Bone","Molten Egg 2","Girya","Busted Crown","Dream Catcher","Red Mask","Kunai","Boot","Happy Flower"],"potions_floor_usage":[16,22,29,33,33,33,45,50,50,50],"damage_taken":[{"damage":1.0,"enemies":"Cultist","floor":1.0,"turns":3.0},{"damage":6.0,"enemies":"2 Louse","floor":2.0,"turns":3.0},{"damage":1.0,"enemies":"Small Slimes","floor":4.0,"turns":2.0},{"damage":9.0,"enemies":"Exordium Thugs","floor":5.0,"turns":4.0},{"damage":9.0,"enemies":"3 Sentries","floor":6.0,"turns":6.0},{"damage":18,"enemies":"Gremlin Nob","floor":11,"turns":6},{"damage":7,"enemies":"Red Slaver","floor":13,"turns":3},{"damage":6,"enemies":"Large Slime","floor":14,"turns":5},{"damage":20,"enemies":"Hexaghost","floor":16,"turns":11},{"damage":11,"enemies":"2 Thieves","floor":18,"turns":4},{"damage":0,"enemies":"3 Byrds","floor":22,"turns":3},{"damage":23,"enemies":"Book of Stabbing","floor":24,"turns":8},{"damage":14,"enemies":"Shelled Parasite and Fungi","floor":27,"turns":3},{"damage":6,"enemies":"Snecko","floor":28,"turns":3},{"damage":18,"enemies":"Gremlin Leader","floor":29,"turns":5},{"damage":7,"enemies":"Snake Plant","floor":30,"turns":2},{"damage":20,"enemies":"Shelled Parasite and Fungi","floor":31,"turns":5},{"damage":40,"enemies":"Collector","floor":33,"turns":9},{"damage":6,"enemies":"3 Darklings","floor":35,"turns":3},{"damage":11,"enemies":"3 Shapes","floor":39,"turns":2},{"damage":9,"enemies":"Spire Growth","floor":45,"turns":3},{"damage":6,"enemies":"Transient","floor":46,"turns":5},{"damage":19,"enemies":"Nemesis","floor":47,"turns":3},{"damage":27,"enemies":"Awakened One","floor":50,"turns":10}],"seed_played":"-59921887375242877","potions_obtained":[{"floor":2.0,"key":"EssenceOfSteel"},{"floor":4.0,"key":"PowerPotion"},{"floor":11,"key":"Ancient Potion"},{"floor":16,"key":"FearPotion"},{"floor":18,"key":"AttackPotion"},{"floor":24,"key":"Weak Potion"},{"floor":28,"key":"SteroidPotion"},{"floor":29,"key":"Fire Potion"},{"floor":30,"key":"SteroidPotion"},{"floor":39,"key":"Block Potion"},{"floor":45,"key":"GamblersBrew"},{"floor":46,"key":"BloodPotion"},{"floor":47,"key":"Poison Potion"}],"is_trial":false,"path_per_floor":["M","M","$","M","M","E","?","R","T","R","E","?","M","M","R","B",null,"M","$","?","$","M","R","E","R","T","M","M","E","M","M","R","B",null,"M","T","?","?","M","R","?","R","T","R","M","M","E","T","R","B",null],"character_chosen":"IRONCLAD","items_purchased":["Torii","Whetstone"],"campfire_rested":0,"item_purchase_floors":[3,19],"current_hp_per_floor":[72,72,72,72,69,66,66,66,66,66,58,58,61,65,65,55,88,87,87,87,87,92,92,75,75,75,67,71,59,58,56,56,34,96,96,96,96,84,79,79,79,79,79,79,76,76,63,63,63,63],"gold":50,"neow_bonus":"TWO_FIFTY_GOLD","is_prod":false,"is_daily":false,"chose_seed":false,"campfire_upgraded":7,"win_rate":0,"timestamp":1547581799,"path_taken":["M","M","$","?","M","E","?","R","T","R","E","?","M","M","R","BOSS","M","$","?","?","M","R","E","R","T","M","?","E","M","M","R","BOSS","M","?","?","?","M","R","?","R","T","R","M","M","E","?","R","BOSS"],"build_version":"2019-01-10","purchased_purges":1,"victory":true,"max_hp_per_floor":[72,72,72,72,72,72,72,72,72,72,76,76,80,84,84,88,88,92,92,92,92,92,92,92,92,92,92,96,96,96,96,96,96,96,96,96,96,96,96,96,96,96,96,96,96,96,96,96,96,96],"card_choices":[{"not_picked":["Warcry","Havoc"],"picked":"Thunderclap","floor":1.0},{"not_picked":["Sword Boomerang","Twin Strike"],"picked":"Cleave","floor":2.0},{"not_picked":["Warcry","Heavy Blade"],"picked":"Offering","floor":4.0},{"not_picked":["Corruption","Power Through"],"picked":"Ghostly Armor","floor":5.0},{"not_picked":["True Grit","Twin Strike"],"picked":"Feed","floor":6.0},{"not_picked":["Feed","Sentinel"],"picked":"Limit Break","floor":11},{"not_picked":["Corruption","Sword Boomerang","Clothesline"],"picked":"SKIP","floor":13},{"not_picked":["Thunderclap","Seeing Red"],"picked":"True Grit","floor":14},{"not_picked":["Juggernaut","Feed"],"picked":"Immolate","floor":16},{"not_picked":["Iron Wave","Clash"],"picked":"Disarm","floor":18},{"not_picked":["Havoc","Sword Boomerang+1","Pommel Strike"],"picked":"SKIP","floor":22},{"not_picked":["Clash","Intimidate"],"picked":"Shrug It Off+1","floor":24},{"not_picked":["Pommel Strike+1","Dark Embrace"],"picked":"Flex+1","floor":27},{"not_picked":["Thunderclap+1","Iron Wave+1"],"picked":"Shrug It Off+1","floor":28},{"not_picked":["Flame Barrier","Warcry"],"picked":"Fiend Fire+1","floor":29},{"not_picked":["Dual Wield","Twin Strike+1"],"picked":"Flex+1","floor":30},{"not_picked":["Seeing Red","Wild Strike+1","Warcry"],"picked":"SKIP","floor":31},{"not_picked":["Barricade","Exhume"],"picked":"Double Tap","floor":33},{"not_picked":["Reckless Charge+1"],"picked":"SKIP","floor":35},{"not_picked":[],"picked":"Spot Weakness+1","floor":39},{"not_picked":["Body Slam+1"],"picked":"SKIP","floor":45},{"not_picked":[],"picked":"Warcry+1","floor":46},{"not_picked":[],"picked":"Intimidate+1","floor":47}],"player_experience":460506,"relics_obtained":[{"floor":6.0,"key":"Orichalcum"},{"floor":9,"key":"Self Forming Clay"},{"floor":11,"key":"Potion Belt"},{"floor":24,"key":"Meat on the Bone"},{"floor":26,"key":"Molten Egg 2"},{"floor":29,"key":"Girya"},{"floor":36,"key":"Dream Catcher"},{"floor":43,"key":"Kunai"},{"floor":47,"key":"Boot"},{"floor":48,"key":"Happy Flower"}],"event_choices":[{"damage_healed":0,"gold_gain":0,"player_choice":"Box","damage_taken":0,"relics_obtained":["Unceasing Top"],"max_hp_gain":0,"max_hp_loss":0,"event_name":"Big Fish","floor":7,"gold_loss":0,"cards_obtained":["Regret"]},{"cards_removed":["Regret"],"damage_healed":0,"gold_gain":0,"player_choice":"Card Removal","damage_taken":0,"max_hp_gain":0,"max_hp_loss":0,"event_name":"The Cleric","floor":12,"gold_loss":50},{"cards_removed":["Defend_R"],"damage_healed":0,"gold_gain":0,"player_choice":"Purged","damage_taken":0,"max_hp_gain":0,"max_hp_loss":0,"event_name":"Purifier","floor":20,"gold_loss":0},{"cards_removed":["Warcry"],"damage_healed":0,"gold_gain":0,"player_choice":"Removed Skill","damage_taken":0,"max_hp_gain":0,"max_hp_loss":0,"event_name":"Falling","floor":37,"gold_loss":0},{"damage_healed":0,"gold_gain":0,"player_choice":"Embrace Madness","damage_taken":12,"max_hp_gain":0,"max_hp_loss":0,"event_name":"Winding Halls","floor":38,"gold_loss":0,"cards_obtained":["Madness","Madness"]},{"damage_healed":0,"gold_gain":0,"player_choice":"Paid","damage_taken":0,"relics_obtained":["Red Mask"],"max_hp_gain":0,"max_hp_loss":0,"event_name":"Tomb of Lord Red Mask","floor":41,"gold_loss":254}],"is_beta":false,"boss_relics":[{"not_picked":["Black Blood","Orrery"],"picked":"Astrolabe"},{"not_picked":["Coffee Dripper","Velvet Choker"],"picked":"Busted Crown"}],"items_purged_floors":[19],"is_endless":false,"potions_floor_spawned":[2,4,11,16,18,24,28,29,30,39,45,46,47],"ascension_level":0}