{"gold_per_floor":[115,115,65,85,96,96,96,96,148,160,191,229,257,281,293,401,413,445,468,500,44,44,44,70,70,70,70,89,122,134,59,59,59],"floor_reached":33,"playtime":1381,"items_purged":["Strike_B"],"score":421,"play_id":"4c52c53e-6d24-429d-a338-1c6c2217ed5a","local_time":"20180822231351","is_ascension_mode":true,"campfire_choices":[{"data":"Zap","floor":6,"key":"SMITH"},{"data":"Barrage","floor":8,"key":"SMITH"},{"data":"Capacitor","floor":10,"key":"SMITH"},{"data":"Tempest","floor":15,"key":"SMITH"},{"data":"Rainbow","floor":23,"key":"SMITH"},{"data":"The Bomb","floor":25,"key":"SMITH"},{"data":"Storm","floor":27,"key":"SMITH"},{"floor":32,"key":"REST"}],"neow_cost":"CURSE","seed_source_timestamp":277227371713127,"circlet_count":0,"master_deck":["Defend_B+1","Defend_B+1","Defend_B","Defend_B","Zap+1","Dualcast+1","Parasite","Capacitor+1","Barrage+1","Tempest+1","Coolheaded+1","Tempest","Ball Lightning","Rainbow+1","Lockon","Steam","Storm+1","The Bomb+1","Fusion","Sunder+1"],"relics":["Cracked Core","Thread and Needle","MawBank","Matryoshka","Black Star","Lee\u0027s Waffle","Mummified Hand","Singing Bowl","Anchor","Ice Cream","War Paint","Bag of Marbles"],"potions_floor_usage":[16,24,24,29,33],"damage_taken":[{"damage":0,"enemies":"Cultist","floor":1,"turns":3},{"damage":0,"enemies":"Jaw Worm","floor":4,"turns":5},{"damage":1,"enemies":"Small Slimes","floor":5,"turns":3},{"damage":4,"enemies":"Blue Slaver","floor":11,"turns":3},{"damage":8,"enemies":"Lagavulin","floor":12,"turns":7},{"damage":10,"enemies":"Large Slime","floor":13,"turns":4},{"damage":0,"enemies":"Looter","floor":14,"turns":3},{"damage":0,"enemies":"Slime Boss","floor":16,"turns":6},{"damage":0,"enemies":"Spheric Guardian","floor":18,"turns":3},{"damage":14,"enemies":"3 Byrds","floor":19,"turns":4},{"damage":59,"enemies":"Centurion and Healer","floor":20,"turns":9},{"damage":34,"enemies":"Book of Stabbing","floor":24,"turns":4},{"damage":16,"enemies":"Snake Plant","floor":28,"turns":3},{"damage":10,"enemies":"Slavers","floor":29,"turns":5},{"damage":8,"enemies":"Snecko","floor":30,"turns":4},{"damage":57,"enemies":"Automaton","floor":33,"turns":6}],"seed_played":"2019240395048572705","potions_obtained":[{"floor":11,"key":"Energy Potion"},{"floor":14,"key":"PowerPotion"},{"floor":16,"key":"FairyPotion"},{"floor":19,"key":"PowerPotion"},{"floor":20,"key":"Fire Potion"},{"floor":29,"key":"Dexterity Potion"}],"is_trial":false,"path_per_floor":["M","?","?","M","M","R","?","R","T","R","M","E","M","M","R","B",null,"M","M","M","$","?","R","E","R","T","R","M","E","M","?","R"],"character_chosen":"DEFECT","items_purchased":["Lee\u0027s Waffle","The Bomb"],"campfire_rested":1,"item_purchase_floors":[21,21],"current_hp_per_floor":[75,68,68,68,67,67,52,52,52,52,48,40,30,30,30,30,64,64,50,7,82,82,82,50,50,50,50,36,26,18,18,43,0],"gold":59,"neow_bonus":"ONE_RARE_RELIC","is_prod":false,"is_daily":false,"chose_seed":false,"campfire_upgraded":7,"win_rate":0,"timestamp":1534972431,"path_taken":["M","?","?","M","?","R","?","R","T","R","?","E","M","M","R","BOSS","M","M","M","$","?","R","E","R","T","R","?","E","M","?","R","BOSS"],"build_version":"2018-08-16","purchased_purges":1,"victory":false,"max_hp_per_floor":[75,75,75,75,75,75,75,75,75,75,75,75,75,75,75,75,75,75,75,75,82,82,82,84,84,84,84,86,86,86,86,86,86],"card_choices":[{"not_picked":["Beam Cell","Ball Lightning"],"picked":"Capacitor","floor":1},{"not_picked":["Rebound","Recycle","Stack"],"picked":"SKIP","floor":4},{"not_picked":["Genetic Algorithm","Redo"],"picked":"Barrage","floor":5},{"not_picked":["Ball Lightning","Go for the Eyes"],"picked":"Tempest","floor":11},{"not_picked":["Chaos","Leap"],"picked":"Coolheaded","floor":12},{"not_picked":["Rebound","Go for the Eyes"],"picked":"Tempest","floor":13},{"not_picked":["Doom and Gloom","Compile Driver"],"picked":"Ball Lightning","floor":14},{"not_picked":["Meteor Strike","Fission"],"picked":"Rainbow","floor":16},{"not_picked":["Ball Lightning","Go for the Eyes"],"picked":"Lockon","floor":18},{"not_picked":["Conserve Battery","Skim"],"picked":"Steam","floor":19},{"not_picked":["Cold Snap","Leap"],"picked":"Storm","floor":20},{"not_picked":["Melter","Conserve Battery","Stack"],"picked":"Singing Bowl","floor":24},{"not_picked":["Coolheaded","Hologram","Ball Lightning"],"picked":"Singing Bowl","floor":28},{"not_picked":["Go for the Eyes","Conserve Battery"],"picked":"Fusion","floor":29},{"not_picked":["Streamline","Recycle"],"picked":"Sunder+1","floor":30}],"player_experience":252511,"relics_obtained":[{"floor":9,"key":"MawBank"},{"floor":12,"key":"Matryoshka"},{"floor":24,"key":"Mummified Hand"},{"floor":24,"key":"Singing Bowl"},{"floor":26,"key":"Anchor"},{"floor":26,"key":"Ice Cream"},{"floor":29,"key":"War Paint"},{"floor":29,"key":"Bag of Marbles"}],"event_choices":[{"event_name":"Golden Wing","player_choice":"Card Removal","floor":2,"damage_taken":0},{"event_name":"The Cleric","player_choice":"Card Removal","floor":3,"damage_taken":0},{"event_name":"Shining Light","player_choice":"Entered Light","floor":7,"damage_taken":0},{"event_name":"Ghosts","player_choice":"Ignored","floor":22,"damage_taken":0},{"event_name":"Beggar","player_choice":"Gave Gold","floor":31,"damage_taken":0}],"is_beta":false,"boss_relics":[{"not_picked":["Pandora\u0027s Box","White Beast Statue"],"picked":"Black Star"}],"items_purged_floors":[21],"is_endless":false,"potions_floor_spawned":[11,14,16,19,20,29],"killed_by":"Automaton","ascension_level":5}