{"gold_per_floor":[113,133,1,21,31,31,49,69,69,69,49,59,71,83,83,160,160,180,180,18,31,31],"floor_reached":22,"playtime":730,"items_purged":["Defend_B"],"score":337,"play_id":"10164f13-a1ad-4be2-be55-b64daf750508","local_time":"25620326162642","is_ascension_mode":true,"campfire_choices":[{"data":"Darkness","floor":6,"key":"SMITH"},{"floor":15,"key":"REST"}],"neow_cost":"NONE","seed_source_timestamp":1248589592072,"circlet_count":0,"master_deck":["AscendersBane","Strike_B","Strike_B","Strike_B","Strike_B","Defend_B","Defend_B","Defend_B+1","Zap+1","Dualcast+1","Barrage","Darkness+1","Reinforced Body","Sweeping Beam","Self Repair","Machine Learning","Buffer","Auto Shields","Loop","Rebound"],"special_seed":0,"relics":["Cracked Core","Letter Opener","Nuclear Battery"],"potions_floor_usage":[5,7,13,13,16,18,22],"damage_taken":[{"damage":7,"enemies":"Small Slimes","floor":1,"turns":3},{"damage":0,"enemies":"Cultist","floor":2,"turns":3},{"damage":7,"enemies":"Jaw Worm","floor":4,"turns":3},{"damage":5,"enemies":"3 Louse","floor":5,"turns":5},{"damage":0,"enemies":"Exordium Thugs","floor":7,"turns":4},{"damage":3,"enemies":"Blue Slaver","floor":8,"turns":5},{"damage":7,"enemies":"Looter","floor":12,"turns":4},{"damage":8,"enemies":"Gremlin Gang","floor":13,"turns":4},{"damage":11,"enemies":"Large Slime","floor":14,"turns":5},{"damage":17,"enemies":"Slime Boss","floor":16,"turns":5},{"damage":19,"enemies":"Shell Parasite","floor":18,"turns":6},{"damage":23,"enemies":"3 Byrds","floor":21,"turns":5},{"damage":12,"enemies":"Snake Plant","floor":22,"turns":4}],"seed_played":"6612581505453011778","potions_obtained":[{"floor":1,"key":"SpeedPotion"},{"floor":5,"key":"Poison Potion"},{"floor":7,"key":"Energy Potion"},{"floor":11,"key":"FearPotion"},{"floor":14,"key":"SkillPotion"},{"floor":16,"key":"AttackPotion"},{"floor":21,"key":"Weak Potion"}],"is_trial":false,"path_per_floor":["M","M","$","M","M","R","M","M","T","?","?","M","M","M","R","B",null,"M","?","$","M","M"],"character_chosen":"DEFECT","items_purchased":["Darkness","Block Potion","Loop"],"campfire_rested":1,"item_purchase_floors":[3,3,20],"current_hp_per_floor":[57,57,57,50,45,45,45,42,42,21,21,21,20,16,37,27,60,48,28,28,12,0],"gold":31,"neow_bonus":"UPGRADE_CARD","is_prod":false,"is_daily":false,"chose_seed":false,"campfire_upgraded":1,"win_rate":0,"timestamp":1553592402,"path_taken":["M","M","$","M","M","R","M","M","T","?","?","M","?","M","R","BOSS","M","?","$","M","M"],"build_version":"2019-01-23","purchased_purges":1,"victory":false,"max_hp_per_floor":[71,71,71,71,71,71,71,71,71,71,71,71,71,71,71,71,71,71,76,76,76,76],"card_choices":[{"not_picked":["Static Discharge","Coolheaded"],"picked":"Barrage","floor":1},{"not_picked":["Stack","Redo","Fusion"],"picked":"SKIP","floor":2},{"not_picked":["Hologram","Streamline"],"picked":"Reinforced Body","floor":4},{"not_picked":["Beam Cell","Go for the Eyes","Compile Driver"],"picked":"SKIP","floor":5},{"not_picked":["Blizzard","Coolheaded"],"picked":"Sweeping Beam","floor":7},{"not_picked":["Steam","Genetic Algorithm"],"picked":"Self Repair","floor":8},{"not_picked":["Ball Lightning","FTL","Storm"],"picked":"SKIP","floor":12},{"not_picked":["Sweeping Beam","Go for the Eyes","Scrape"],"picked":"SKIP","floor":13},{"not_picked":["Hologram","Ball Lightning"],"picked":"Machine Learning","floor":14},{"not_picked":["Core Surge","Amplify"],"picked":"Buffer","floor":16},{"not_picked":["Reinforced Body","Double Energy"],"picked":"Auto Shields","floor":18},{"not_picked":["Compile Driver","Turbo"],"picked":"Rebound","floor":21}],"player_experience":341175,"relics_obtained":[{"floor":9,"key":"Letter Opener"}],"event_choices":[{"damage_healed":0,"gold_gain":0,"player_choice":"Entered Light","damage_taken":21,"max_hp_gain":0,"max_hp_loss":0,"event_name":"Shining Light","floor":10,"gold_loss":0,"cards_upgraded":["Defend_B","Dualcast"]},{"damage_healed":0,"gold_gain":0,"player_choice":"Bought 1 Potion","damage_taken":0,"max_hp_gain":0,"max_hp_loss":0,"event_name":"The Woman in Blue","floor":11,"gold_loss":0},{"damage_healed":0,"gold_gain":0,"player_choice":"Shed Blood","damage_taken":25,"max_hp_gain":5,"max_hp_loss":0,"event_name":"Forgotten Altar","floor":19,"gold_loss":0}],"is_beta":false,"boss_relics":[{"not_picked":["Calling Bell","Runic Pyramid"],"picked":"Nuclear Battery"}],"items_purged_floors":[20],"is_endless":false,"potions_floor_spawned":[1,5,7,14,16,21],"killed_by":"Snake Plant","ascension_level":17}