{"gold_per_floor":[113,126,140,159,173,173,173,203,203,228,238,413,413],"floor_reached":13,"playtime":813,"items_purged":[],"score":107,"play_id":"ab48a9d1-1f78-42d2-9cea-e05ac2bd3df2","local_time":"20190325225854","is_ascension_mode":true,"campfire_choices":[{"data":"Heavy Blade","floor":6,"key":"SMITH"}],"neow_cost":"NONE","seed_source_timestamp":916053136846500,"circlet_count":0,"master_deck":["Strike_R","Strike_R","Strike_R","Strike_R","Defend_R","Defend_R","Defend_R","Defend_R","Bash","Bloodletting","Heavy Blade+1","Headbutt","Headbutt","Flex","Doubt"],"relics":["Burning Blood","Vajra","Frozen Egg 2","Ornamental Fan"],"potions_floor_usage":[8,8],"damage_taken":[{"damage":9,"enemies":"Jaw Worm","floor":1,"turns":7},{"damage":4,"enemies":"2 Louse","floor":2,"turns":3},{"damage":13,"enemies":"Small Slimes","floor":3,"turns":4},{"damage":17,"enemies":"Blue Slaver","floor":4,"turns":4},{"damage":18,"enemies":"Gremlin Gang","floor":5,"turns":4},{"damage":24,"enemies":"Lagavulin","floor":8,"turns":5},{"damage":11,"enemies":"Gremlin Nob","floor":10,"turns":3},{"damage":5,"enemies":"Looter","floor":11,"turns":2},{"damage":39,"enemies":"Lagavulin","floor":13,"turns":5}],"seed_played":"-274167203517065361","potions_obtained":[{"floor":2,"key":"Fire Potion"},{"floor":3,"key":"Weak Potion"}],"is_trial":false,"path_per_floor":["M","M","M","M","M","R","?","E","T","E","M","?","E"],"character_chosen":"IRONCLAD","items_purchased":[],"campfire_rested":0,"item_purchase_floors":[],"current_hp_per_floor":[85,87,80,69,57,57,50,32,32,27,28,28,0],"gold":413,"neow_bonus":"TEN_PERCENT_HP_BONUS","is_prod":false,"is_daily":false,"chose_seed":false,"campfire_upgraded":1,"win_rate":0,"timestamp":1553547534,"path_taken":["M","M","M","M","M","R","?","E","T","E","M","?","E"],"build_version":"2019-01-23","purchased_purges":0,"victory":false,"max_hp_per_floor":[88,88,88,88,88,88,88,88,88,88,88,88,88],"card_choices":[{"not_picked":["Body Slam","Sword Boomerang"],"picked":"Bloodletting","floor":1},{"not_picked":["Thunderclap","Wild Strike"],"picked":"Heavy Blade","floor":2},{"not_picked":["Havoc","Clash"],"picked":"Headbutt","floor":3},{"not_picked":["Wild Strike","Shrug It Off"],"picked":"Headbutt","floor":4},{"not_picked":["Anger","Burning Pact","Feed"],"picked":"SKIP","floor":5},{"not_picked":["Rupture","Bloodletting"],"picked":"Flex","floor":8},{"not_picked":["Uppercut","Power Through","Bloodletting"],"picked":"SKIP","floor":10},{"not_picked":["Flex","Dual Wield","True Grit"],"picked":"SKIP","floor":11}],"player_experience":100185,"relics_obtained":[{"floor":8,"key":"Vajra"},{"floor":9,"key":"Frozen Egg 2"},{"floor":10,"key":"Ornamental Fan"}],"event_choices":[{"cards_removed":["Strike_R"],"damage_healed":0,"gold_gain":0,"player_choice":"Card Removal","damage_taken":7,"max_hp_gain":0,"max_hp_loss":0,"event_name":"Golden Wing","floor":7,"gold_loss":0},{"damage_healed":0,"gold_gain":175,"player_choice":"AGREE","damage_taken":0,"max_hp_gain":0,"max_hp_loss":0,"event_name":"Liars Game","floor":12,"gold_loss":0,"cards_obtained":["Doubt"]}],"is_beta":false,"boss_relics":[],"items_purged_floors":[],"is_endless":false,"potions_floor_spawned":[2,3],"killed_by":"Lagavulin","ascension_level":2}