{"gold_per_floor":[112,37,53,71,88,88,120,120,120,120,135,169,169,179,179,253,253,263,178,178,178,78,112,112,142,213,213,213],"floor_reached":28,"playtime":824,"items_purged":["Strike_R","Decay"],"score":528,"play_id":"e367edc1-74a3-43df-a8b1-835b02f40d74","local_time":"20181224162845","is_ascension_mode":true,"campfire_choices":[{"data":"Cleave","floor":6.0,"key":"SMITH"},{"data":"Shrug It Off","floor":13.0,"key":"SMITH"},{"data":"Demon Form","floor":15.0,"key":"SMITH"},{"data":"Sword Boomerang","floor":24.0,"key":"SMITH"}],"neow_cost":"NONE","seed_source_timestamp":3744437801638,"circlet_count":0,"master_deck":["AscendersBane","Strike_R","Strike_R","Strike_R","Strike_R","Defend_R","Defend_R","Defend_R","Bash","Power Through","Cleave+1","Fiend Fire","Shrug It Off+1","Sword Boomerang+1","Inflame","Demon Form+1","Offering","Headbutt","Uppercut+1","Doubt"],"special_seed":0,"relics":["Burning Blood","Boot","Oddly Smooth Stone","Kunai","StoneCalendar","Cursed Key","Ginger","The Courier","Art of War","Pantograph"],"potions_floor_usage":[28],"damage_taken":[{"damage":7.0,"enemies":"Cultist","floor":1.0,"turns":4.0},{"damage":14.0,"enemies":"Jaw Worm","floor":3.0,"turns":3.0},{"damage":1.0,"enemies":"Small Slimes","floor":4.0,"turns":4.0},{"damage":6.0,"enemies":"2 Fungi Beasts","floor":5.0,"turns":4.0},{"damage":10.0,"enemies":"3 Sentries","floor":7.0,"turns":7.0},{"damage":2.0,"enemies":"Looter","floor":11.0,"turns":2.0},{"damage":13.0,"enemies":"Lagavulin","floor":12.0,"turns":5.0},{"damage":3.0,"enemies":"Blue Slaver","floor":14.0,"turns":3.0},{"damage":32.0,"enemies":"The Guardian","floor":16.0,"turns":7.0},{"damage":18.0,"enemies":"3 Byrds","floor":18.0,"turns":5.0},{"damage":29.0,"enemies":"Book of Stabbing","floor":23.0,"turns":4.0},{"damage":33.0,"enemies":"Gremlin Leader","floor":25.0,"turns":6.0},{"damage":12,"enemies":"Shell Parasite","floor":28,"turns":2}],"seed_played":"-6324750589387201338","potions_obtained":[{"floor":1.0,"key":"PowerPotion"},{"floor":3.0,"key":"Strength Potion"},{"floor":14.0,"key":"SkillPotion"},{"floor":16.0,"key":"SkillPotion"},{"floor":25.0,"key":"SkillPotion"}],"is_trial":false,"path_per_floor":["M","$","M","M","M","R","E","?","T","?","M","E","R","M","R","B",null,"M","?","?","?","$","E","R","E","T","?","M"],"character_chosen":"IRONCLAD","items_purchased":[],"campfire_rested":0,"item_purchase_floors":[],"current_hp_per_floor":[67,67,59,64,64,64,60,60,60,65,69,62,62,65,65,39,70,58,58,58,58,58,35,35,8,8,8,0],"gold":213,"neow_bonus":"RANDOM_COMMON_RELIC","is_prod":false,"is_daily":false,"chose_seed":false,"campfire_upgraded":4,"win_rate":0,"timestamp":1545640125,"path_taken":["M","?","M","M","M","R","E","?","T","?","M","E","R","M","R","BOSS","M","?","?","?","?","E","R","E","T","?","M"],"build_version":"2018-12-20","purchased_purges":2,"victory":false,"max_hp_per_floor":[75,75,75,75,75,75,75,75,75,80,80,80,80,80,80,80,80,80,80,80,80,80,80,80,80,80,80,80],"card_choices":[{"not_picked":["Hemokinesis","Body Slam","Headbutt"],"picked":"SKIP","floor":1.0},{"not_picked":["Dual Wield","Wild Strike"],"picked":"Power Through","floor":3.0},{"not_picked":["Headbutt","Anger"],"picked":"Cleave","floor":4.0},{"not_picked":["Anger","Wild Strike"],"picked":"Fiend Fire","floor":5.0},{"not_picked":["Thunderclap","Warcry"],"picked":"Shrug It Off","floor":7.0},{"not_picked":["Combust","Headbutt"],"picked":"Inflame","floor":11.0},{"not_picked":["Flex","Rage","Dual Wield"],"picked":"SKIP","floor":12.0},{"not_picked":["Disarm","Flex"],"picked":"Demon Form","floor":14.0},{"not_picked":["Demon Form","Feed"],"picked":"Offering","floor":16.0},{"not_picked":["Clash","Perfected Strike","Twin Strike"],"picked":"SKIP","floor":18.0},{"not_picked":["Body Slam","Combust","Clash"],"picked":"SKIP","floor":23.0},{"not_picked":["Evolve","Wild Strike"],"picked":"Uppercut+1","floor":25.0}],"player_experience":2432224,"relics_obtained":[{"floor":7.0,"key":"Oddly Smooth Stone"},{"floor":9.0,"key":"Kunai"},{"floor":12.0,"key":"StoneCalendar"},{"floor":23.0,"key":"The Courier"},{"floor":25.0,"key":"Art of War"},{"floor":26.0,"key":"Pantograph"}],"event_choices":[{"damage_healed":0.0,"max_hp_gain":0.0,"max_hp_loss":0.0,"gold_gain":0.0,"cards_transformed":["Defend_R"],"event_name":"Living Wall","player_choice":"Change","floor":8.0,"gold_loss":0.0,"damage_taken":0.0,"cards_obtained":["Sword Boomerang"]},{"damage_healed":0.0,"max_hp_gain":5.0,"max_hp_loss":0.0,"gold_gain":0.0,"event_name":"Big Fish","player_choice":"Donut","floor":10.0,"gold_loss":0.0,"damage_taken":0.0},{"damage_healed":0.0,"max_hp_gain":0.0,"max_hp_loss":0.0,"gold_gain":0.0,"event_name":"Addict","player_choice":"Obtained Relic","floor":19.0,"gold_loss":85.0,"damage_taken":0.0,"relics_obtained":["Ginger"]},{"damage_healed":0.0,"max_hp_gain":0.0,"max_hp_loss":0.0,"gold_gain":0.0,"event_name":"The Library","player_choice":"Read","floor":20.0,"gold_loss":0.0,"damage_taken":0.0,"cards_obtained":["Headbutt"]},{"damage_healed":0.0,"max_hp_gain":0.0,"max_hp_loss":0.0,"gold_gain":0.0,"event_name":"Forgotten Altar","player_choice":"Smashed Altar","floor":21.0,"gold_loss":0.0,"damage_taken":0.0,"cards_obtained":["Decay"]},{"damage_healed":0.0,"max_hp_gain":0.0,"max_hp_loss":0.0,"gold_gain":0.0,"event_name":"Cursed Tome","player_choice":"Ignored","floor":27.0,"gold_loss":0.0,"damage_taken":0.0}],"is_beta":false,"boss_relics":[{"not_picked":["Eternal Feather","White Beast Statue"],"picked":"Cursed Key"}],"items_purged_floors":[2,22],"is_endless":false,"potions_floor_spawned":[1,3,5,14,16,18,25],"killed_by":"Shell Parasite","ascension_level":20}