{"gold_per_floor":[116,191,209,209,219,254,254,280,304,338,338,352,371,371,371,473,473,489,508,508,508,28,56,69,69,92,123,48,48,65,95,95,190,190,208,0,0,10,28,83,83,99,144,163,163,175,187,222,222,222,222,222,25,54,54],"floor_reached":55,"playtime":5933,"items_purged":["Strike_R","Clash"],"score":795,"play_id":"8a2d04b2-161f-4621-a716-c0e8d04aebe7","local_time":"20190106214445","is_ascension_mode":true,"campfire_choices":[{"data":"Perfected Strike","floor":7,"key":"SMITH"},{"data":"Rage","floor":15,"key":"SMITH"},{"data":"Bash","floor":25,"key":"SMITH"},{"data":"Inflame","floor":29,"key":"SMITH"},{"data":"Pommel Strike","floor":32,"key":"SMITH"},{"floor":41,"key":"RECALL"},{"floor":45,"key":"REST"},{"floor":49,"key":"REST"},{"data":"Perfected Strike","floor":52,"key":"SMITH"}],"neow_cost":"NONE","seed_source_timestamp":28624740560130,"circlet_count":0,"master_deck":["Strike_R","Strike_R","Strike_R","Strike_R","Defend_R","Defend_R","Bash+1","Pommel Strike+1","Metallicize","Perfected Strike+1","Inflame+1","Sword Boomerang","Rage+1","Iron Wave","Body Slam","Dropkick","Impervious","Armaments+1","Armaments+1","Perfected Strike","Twin Strike+1","Twin Strike","Headbutt","Perfected Strike+1","Barricade","Fire Breathing+1","Spot Weakness","Shrug It Off","Heavy Blade+1","Heavy Blade+1","Iron Wave+1"],"relics":["Burning Blood","Anchor","Regal Pillow","Strawberry","Letter Opener","Kunai","Snecko Eye","Matryoshka","Strange Spoon","Oddly Smooth Stone","Lantern","Bronze Scales","PreservedInsect","Pantograph","Black Star","Red Mask","Bottled Lightning","Tiny Chest","Pen Nib","Happy Flower","Frozen Egg 2","Orichalcum","Boot"],"potions_floor_usage":[10,16,16,19,31,33,40,48,55],"damage_taken":[{"damage":11,"enemies":"Jaw Worm","floor":1,"turns":3},{"damage":0,"enemies":"2 Louse","floor":3,"turns":2},{"damage":0,"enemies":"Cultist","floor":5,"turns":3},{"damage":23,"enemies":"3 Sentries","floor":6,"turns":7},{"damage":6,"enemies":"Gremlin Nob","floor":8,"turns":3},{"damage":18,"enemies":"3 Sentries","floor":10,"turns":4},{"damage":0,"enemies":"Looter","floor":12,"turns":2},{"damage":12,"enemies":"Blue Slaver","floor":13,"turns":3},{"damage":34,"enemies":"The Guardian","floor":16,"turns":9},{"damage":0,"enemies":"Spheric Guardian","floor":18,"turns":3},{"damage":4,"enemies":"2 Thieves","floor":19,"turns":3},{"damage":36,"enemies":"Gremlin Leader","floor":23,"turns":6},{"damage":0,"enemies":"Centurion and Healer","floor":24,"turns":5},{"damage":5,"enemies":"Book of Stabbing","floor":27,"turns":3},{"damage":0,"enemies":"Shelled Parasite and Fungi","floor":30,"turns":2},{"damage":2,"enemies":"Gremlin Leader","floor":31,"turns":3},{"damage":57,"enemies":"Champ","floor":33,"turns":9},{"damage":16,"enemies":"3 Shapes","floor":35,"turns":4},{"damage":4,"enemies":"3 Darklings","floor":38,"turns":3},{"damage":20,"enemies":"Sphere and 2 Shapes","floor":39,"turns":6},{"damage":62,"enemies":"Reptomancer","floor":40,"turns":6},{"damage":6,"enemies":"Jaw Worm Horde","floor":42,"turns":3},{"damage":0,"enemies":"Transient","floor":44,"turns":5},{"damage":3,"enemies":"Sphere and 2 Shapes","floor":46,"turns":3},{"damage":8,"enemies":"Maw","floor":47,"turns":7},{"damage":53,"enemies":"Nemesis","floor":48,"turns":7},{"damage":77,"enemies":"Time Eater","floor":50,"turns":9},{"damage":27,"enemies":"Shield and Spear","floor":54,"turns":5},{"damage":98,"enemies":"The Heart","floor":55,"turns":5}],"seed_played":"-5528397969731985470","potions_obtained":[{"floor":1,"key":"SkillPotion"},{"floor":5,"key":"Energy Potion"},{"floor":8,"key":"Energy Potion"},{"floor":12,"key":"Explosive Potion"},{"floor":24,"key":"Energy Potion"},{"floor":27,"key":"SpeedPotion"},{"floor":31,"key":"Block Potion"},{"floor":33,"key":"Block Potion"},{"floor":39,"key":"FairyPotion"},{"floor":44,"key":"Dexterity Potion"},{"floor":47,"key":"PowerPotion"}],"is_trial":false,"path_per_floor":["M","?","M","?","M","E","R","E","T","E","T","M","M","?","R","B",null,"M","M","?","?","$","E","M","R","T","E","$","R","M","E","R","B",null,"M","?","?","M","M","E","R","M","T","M","R","M","M","E","R","B",null,"R","$","E","B"],"character_chosen":"IRONCLAD","items_purchased":["Matryoshka","Strange Spoon","Rage","FairyPotion"],"campfire_rested":2,"item_purchase_floors":[22,22,22,53],"current_hp_per_floor":[75,64,70,63,69,52,52,52,59,47,47,53,47,47,47,19,87,87,87,87,87,87,57,63,63,63,64,64,64,70,74,74,36,87,77,77,77,79,65,9,9,9,9,15,56,59,57,10,51,14,87,87,87,66,0],"gold":54,"neow_bonus":"THREE_CARDS","is_prod":false,"is_daily":false,"chose_seed":false,"campfire_upgraded":6,"win_rate":0,"timestamp":1546818285,"path_taken":["M","?","M","?","M","E","R","E","T","E","?","M","M","?","R","BOSS","M","?","?","?","?","E","M","R","T","E","$","R","?","E","R","BOSS","M","?","?","M","M","E","R","M","T","?","R","M","M","E","R","BOSS","R","$","E","BOSS"],"build_version":"2019-01-03v4","purchased_purges":2,"victory":false,"max_hp_per_floor":[80,80,80,80,80,80,80,80,87,87,87,87,87,87,87,87,87,87,87,87,87,87,87,87,87,87,87,87,87,87,87,87,87,87,87,87,87,87,87,87,87,87,87,87,87,87,87,87,87,87,87,87,87,87,87],"card_choices":[{"not_picked":["Headbutt","Thunderclap"],"picked":"Pommel Strike","floor":0},{"not_picked":["Reckless Charge","Infernal Blade"],"picked":"Metallicize","floor":1},{"not_picked":["Pommel Strike","Anger"],"picked":"Perfected Strike","floor":3},{"not_picked":["Body Slam","Armaments"],"picked":"Inflame","floor":5},{"not_picked":["Iron Wave","Double Tap"],"picked":"Sword Boomerang","floor":6},{"not_picked":["Rupture","Reaper"],"picked":"Rage","floor":8},{"not_picked":["Fiend Fire","Twin Strike"],"picked":"Iron Wave","floor":10},{"not_picked":["Clash","Pommel Strike"],"picked":"Body Slam","floor":12},{"not_picked":["Sword Boomerang","Clothesline"],"picked":"Clash","floor":13},{"not_picked":["Dark Embrace","Limit Break"],"picked":"Impervious","floor":16},{"not_picked":["Burning Pact","Rage"],"picked":"Armaments+1","floor":18},{"not_picked":["Anger+1","Body Slam"],"picked":"Armaments+1","floor":19},{"not_picked":["Carnage","Bloodletting"],"picked":"Twin Strike+1","floor":23},{"not_picked":["Fire Breathing","Pommel Strike"],"picked":"Twin Strike","floor":24},{"not_picked":["Anger","Dropkick"],"picked":"Headbutt","floor":27},{"not_picked":["Clothesline","Second Wind"],"picked":"Perfected Strike","floor":30},{"not_picked":["Uppercut","Pummel","Berserk"],"picked":"SKIP","floor":31},{"not_picked":["Offering","Immolate"],"picked":"Barricade","floor":33},{"not_picked":["Armaments","Seeing Red+1"],"picked":"Fire Breathing+1","floor":35},{"not_picked":["Feel No Pain","Metallicize"],"picked":"Shrug It Off","floor":38},{"not_picked":["Thunderclap","Rage","Warcry"],"picked":"SKIP","floor":39},{"not_picked":["Sword Boomerang","Burning Pact","Immolate"],"picked":"SKIP","floor":40},{"not_picked":["Heavy Blade","Wild Strike","Clothesline"],"picked":"SKIP","floor":42},{"not_picked":["Battle Trance","Armaments+1"],"picked":"Heavy Blade+1","floor":44},{"not_picked":["Thunderclap+1","Infernal Blade+1"],"picked":"Heavy Blade+1","floor":46},{"not_picked":["Anger+1","Sever Soul+1","Rage"],"picked":"SKIP","floor":47},{"not_picked":["Pummel","Clash","Uppercut"],"picked":"SKIP","floor":48},{"not_picked":["True Grit+1","Dark Embrace+1"],"picked":"Iron Wave+1","floor":54}],"player_experience":70227,"relics_obtained":[{"floor":6,"key":"Anchor"},{"floor":8,"key":"Regal Pillow"},{"floor":9,"key":"Strawberry"},{"floor":10,"key":"Letter Opener"},{"floor":11,"key":"Kunai"},{"floor":23,"key":"Oddly Smooth Stone"},{"floor":26,"key":"Lantern"},{"floor":26,"key":"Bronze Scales"},{"floor":27,"key":"PreservedInsect"},{"floor":31,"key":"Pantograph"},{"floor":40,"key":"Bottled Lightning"},{"floor":40,"key":"Tiny Chest"},{"floor":43,"key":"Pen Nib"},{"floor":48,"key":"Happy Flower"},{"floor":48,"key":"Frozen Egg 2"},{"floor":54,"key":"Orichalcum"},{"floor":54,"key":"Boot"}],"event_choices":[{"damage_healed":0,"gold_gain":75,"player_choice":"Gather Gold","damage_taken":11,"max_hp_gain":0,"max_hp_loss":0,"event_name":"World of Goop","floor":2,"gold_loss":0},{"cards_removed":["Defend_R"],"damage_healed":0,"gold_gain":0,"player_choice":"Card Removal","damage_taken":7,"max_hp_gain":0,"max_hp_loss":0,"event_name":"Golden Wing","floor":4,"gold_loss":0},{"damage_healed":0,"gold_gain":0,"cards_transformed":["Defend_R"],"player_choice":"Transformed","damage_taken":0,"max_hp_gain":0,"max_hp_loss":0,"event_name":"Transmorgrifier","floor":14,"gold_loss":0,"cards_obtained":["Dropkick"]},{"damage_healed":0,"gold_gain":0,"player_choice":"Read","damage_taken":0,"max_hp_gain":0,"max_hp_loss":0,"event_name":"The Library","floor":20,"gold_loss":0,"cards_obtained":["Perfected Strike"]},{"damage_healed":0,"gold_gain":0,"player_choice":"Ignored","damage_taken":0,"max_hp_gain":0,"max_hp_loss":0,"event_name":"Vampires","floor":21,"gold_loss":0},{"damage_healed":0,"gold_gain":0,"player_choice":"Paid","damage_taken":0,"relics_obtained":["Red Mask"],"max_hp_gain":0,"max_hp_loss":0,"event_name":"Tomb of Lord Red Mask","floor":36,"gold_loss":208},{"damage_healed":0,"gold_gain":0,"cards_transformed":["Rage"],"player_choice":"Transformed","damage_taken":0,"max_hp_gain":0,"max_hp_loss":0,"event_name":"Transmorgrifier","floor":37,"gold_loss":0,"cards_obtained":["Spot Weakness"]}],"is_beta":false,"boss_relics":[{"not_picked":["Orrery","Eternal Feather"],"picked":"Snecko Eye"},{"not_picked":["Velvet Choker","Busted Crown"],"picked":"Black Star"}],"items_purged_floors":[28,53],"is_endless":false,"potions_floor_spawned":[1,5,8,12,13,24,27,31,33,39,44,47],"killed_by":"The Heart","ascension_level":1}