{"gold_per_floor":[109,109,9,84,108,108,149,164,194,194,232,232,108,148,148,244,244,262,282,19,144,215,251,251,289,289,303,303,341,374,395,395,491,491,510,510,410,410,425,465,483,519,543,579,619,653,653,672,672,672,672,672,672,5,49,49],"floor_reached":57,"playtime":3341,"items_purged":["Strike_G","Strike_G","Regret","Regret"],"score":3984,"play_id":"59ad695c-5e62-42d1-873c-205003fbbb3e","local_time":"20190411183145","is_ascension_mode":true,"campfire_choices":[{"data":"Flechettes","floor":6.0,"key":"SMITH"},{"data":"Blade Dance","floor":10.0,"key":"SMITH"},{"floor":15.0,"key":"REST"},{"data":"Acrobatics","floor":24.0,"key":"SMITH"},{"data":"1","floor":28.0,"key":"LIFT"},{"data":"Calculated Gamble","floor":32.0,"key":"SMITH"},{"floor":49.0,"key":"RECALL"},{"data":"2","floor":53.0,"key":"LIFT"}],"neow_cost":"NONE","seed_source_timestamp":0,"circlet_count":0,"master_deck":["AscendersBane","Defend_G","Defend_G","Defend_G","Defend_G","Defend_G","Strike_G","Strike_G","Survivor","Neutralize+1","Blade Dance+1","Flechettes+1","Acrobatics+1","Calculated Gamble+1","Escape Plan","Prepared+1","Infinite Blades+1","Backflip","Blur+1","After Image","Injury","PiercingWail+1","Outmaneuver+1","Concentrate+1"],"special_seed":0,"relics":["Ring of the Snake","NeowsBlessing","Golden Idol","Shuriken","Tiny Chest","WingedGreaves","Lantern","Runic Dome","Ornamental Fan","Dead Branch","Bottled Lightning","Girya","Art of War","Pear","Tingsha","Boot","Calling Bell","Oddly Smooth Stone","The Courier","Turnip","Regal Pillow","StoneCalendar","Meat on the Bone","Strawberry","Paper Crane","Medical Kit","Tough Bandages","Mercury Hourglass"],"potions_floor_usage":[55,56],"damage_taken":[{"damage":0.0,"enemies":"Small Slimes","floor":1.0,"turns":1.0},{"damage":0.0,"enemies":"2 Louse","floor":5.0,"turns":1.0},{"damage":0.0,"enemies":"Gremlin Nob","floor":7.0,"turns":1.0},{"damage":7.0,"enemies":"Jaw Worm","floor":8.0,"turns":4.0},{"damage":33.0,"enemies":"Lagavulin","floor":11.0,"turns":6.0},{"damage":6.0,"enemies":"Gremlin Nob","floor":14.0,"turns":3.0},{"damage":28.0,"enemies":"Slime Boss","floor":16.0,"turns":6.0},{"damage":0.0,"enemies":"3 Byrds","floor":18.0,"turns":5.0},{"damage":9.0,"enemies":"Chosen","floor":19.0,"turns":3.0},{"damage":0.0,"enemies":"Colosseum Slavers","floor":21.0,"turns":3.0},{"damage":4.0,"enemies":"Colosseum Nobs","floor":21.0,"turns":7.0},{"damage":0.0,"enemies":"Gremlin Leader","floor":23.0,"turns":5.0},{"damage":0.0,"enemies":"Book of Stabbing","floor":25.0,"turns":3.0},{"damage":1.0,"enemies":"Snecko","floor":27.0,"turns":4.0},{"damage":6.0,"enemies":"Slavers","floor":29.0,"turns":6.0},{"damage":0.0,"enemies":"Gremlin Leader","floor":30.0,"turns":3.0},{"damage":0.0,"enemies":"3 Cultists","floor":31.0,"turns":3.0},{"damage":0.0,"enemies":"Collector","floor":33.0,"turns":5.0},{"damage":1.0,"enemies":"Orb Walker","floor":35.0,"turns":3.0},{"damage":9.0,"enemies":"3 Shapes","floor":39.0,"turns":4.0},{"damage":0.0,"enemies":"Giant Head","floor":40.0,"turns":3.0},{"damage":5.0,"enemies":"Transient","floor":41.0,"turns":6.0},{"damage":0.0,"enemies":"Nemesis","floor":42.0,"turns":6.0},{"damage":0.0,"enemies":"Reptomancer","floor":44.0,"turns":4.0},{"damage":0.0,"enemies":"Nemesis","floor":45.0,"turns":5.0},{"damage":0.0,"enemies":"Reptomancer","floor":46.0,"turns":3.0},{"damage":4.0,"enemies":"Jaw Worm Horde","floor":48.0,"turns":2.0},{"damage":3.0,"enemies":"Donu and Deca","floor":50.0,"turns":10.0},{"damage":2.0,"enemies":"Time Eater","floor":51.0,"turns":12.0},{"damage":0,"enemies":"Shield and Spear","floor":55,"turns":6},{"damage":46,"enemies":"The Heart","floor":56,"turns":9}],"seed_played":"2832927670623546263","potions_obtained":[{"floor":1.0,"key":"SmokeBomb"},{"floor":7.0,"key":"Ancient Potion"},{"floor":8.0,"key":"Fire Potion"},{"floor":18.0,"key":"Dexterity Potion"},{"floor":19.0,"key":"Regen Potion"},{"floor":23.0,"key":"Explosive Potion"},{"floor":27.0,"key":"Regen Potion"},{"floor":31.0,"key":"Poison Potion"},{"floor":39.0,"key":"AttackPotion"},{"floor":40.0,"key":"GhostInAJar"},{"floor":41.0,"key":"Fire Potion"},{"floor":44.0,"key":"Strength Potion"},{"floor":48.0,"key":"Dexterity Potion"}],"is_trial":false,"path_per_floor":["M","?","$","?","M","R","E","M","T","R","E","?","$","E","R","B",null,"M","M","$","?","T","E","R","E","T","M","R","E","E","M","R","B",null,"M","?","$","?","M","E","M","E","T","E","E","E","?","M","R","B","B",null,"R","$","E","B",null],"character_chosen":"THE_SILENT","items_purchased":["Blade Dance","Acrobatics","Ornamental Fan","Medical Kit","Tough Bandages","GhostInAJar","Dexterity Potion"],"campfire_rested":1,"item_purchase_floors":[3,13,20,54,54,54,54],"current_hp_per_floor":[59,59,59,48,48,48,48,41,41,41,8,28,28,22,40,12,48,48,39,39,44,44,44,44,44,54,53,53,62,62,62,62,62,68,67,67,67,67,58,58,53,53,53,53,60,60,60,56,56,53,51,71,71,71,71,37],"gold":49,"neow_bonus":"THREE_ENEMY_KILL","is_prod":false,"is_daily":false,"chose_seed":false,"campfire_upgraded":4,"win_rate":0,"timestamp":1554978705,"path_taken":["M","?","$","?","?","R","E","M","T","R","E","?","?","E","R","BOSS","M","M","$","?","?","E","R","E","T","M","R","E","E","M","R","BOSS","M","?","$","?","M","E","M","E","T","E","E","E","?","M","R","BOSS","BOSS","R","$","E","BOSS"],"build_version":"2019-04-04","purchased_purges":4,"victory":true,"max_hp_per_floor":[66,60,60,60,60,60,60,60,60,60,60,60,60,60,60,60,60,60,60,60,60,60,60,60,60,70,70,70,70,70,70,70,70,70,70,70,70,70,70,70,70,70,70,70,77,77,77,77,77,77,77,77,77,77,77,77],"card_choices":[{"not_picked":["Reflex","PiercingWail","Distraction"],"picked":"SKIP","floor":1.0},{"not_picked":["Catalyst","Blade Dance"],"picked":"Flechettes","floor":5.0},{"not_picked":["Catalyst","Predator","Envenom"],"picked":"SKIP","floor":7.0},{"not_picked":["Dodge and Roll","Prepared","Noxious Fumes"],"picked":"SKIP","floor":8.0},{"not_picked":["Quick Slash","Sucker Punch","Outmaneuver"],"picked":"SKIP","floor":11.0},{"not_picked":["PiercingWail","Bane"],"picked":"Calculated Gamble","floor":14.0},{"not_picked":["Quick Slash","Distraction","Sucker Punch"],"picked":"SKIP","floor":18.0},{"not_picked":["Backflip","Predator+1"],"picked":"Escape Plan","floor":19.0},{"not_picked":["Bouncing Flask","Flying Knee"],"picked":"Prepared+1","floor":21.0},{"not_picked":["Flechettes","Storm of Steel","Sucker Punch"],"picked":"SKIP","floor":23.0},{"not_picked":["Flechettes","Storm of Steel","Sucker Punch"],"picked":"SKIP","floor":23.0},{"not_picked":["Flechettes","Storm of Steel","Sucker Punch"],"picked":"SKIP","floor":23.0},{"not_picked":["Terror","Deadly Poison"],"picked":"Infinite Blades+1","floor":25.0},{"not_picked":["Quick Slash","Deadly Poison","Heel Hook"],"picked":"SKIP","floor":27.0},{"not_picked":["Quick Slash","Deadly Poison","Heel Hook"],"picked":"SKIP","floor":27.0},{"not_picked":["Blur","Slice"],"picked":"Backflip","floor":29.0},{"not_picked":["Backflip","Bouncing Flask"],"picked":"Blur+1","floor":30.0},{"not_picked":["Underhanded Strike","Accuracy+1","Backflip"],"picked":"SKIP","floor":31.0},{"not_picked":["Tools of the Trade","Venomology"],"picked":"After Image","floor":33.0},{"not_picked":["Riddle With Holes+1","Leg Sweep","Deflect"],"picked":"SKIP","floor":35.0},{"not_picked":["Deadly Poison","Dodge and Roll"],"picked":"PiercingWail+1","floor":39.0},{"not_picked":["Backstab","Terror","A Thousand Cuts"],"picked":"SKIP","floor":40.0},{"not_picked":["Quick Slash","Sucker Punch"],"picked":"Outmaneuver+1","floor":41.0},{"not_picked":["Storm of Steel","Bane","Outmaneuver"],"picked":"SKIP","floor":42.0},{"not_picked":["Accuracy","Poisoned Stab+1"],"picked":"Concentrate+1","floor":44.0},{"not_picked":["Setup","Flying Knee+1","Noxious Fumes+1"],"picked":"SKIP","floor":45.0},{"not_picked":["Calculated Gamble+1","Dagger Spray","Bane"],"picked":"SKIP","floor":46.0},{"not_picked":["Quick Slash","Flying Knee","Slice"],"picked":"SKIP","floor":48.0},{"not_picked":["Underhanded Strike","Deflect","Dagger Spray+1"],"picked":"SKIP","floor":55}],"player_experience":1391231,"relics_obtained":[{"floor":7.0,"key":"Shuriken"},{"floor":9.0,"key":"Tiny Chest"},{"floor":11.0,"key":"WingedGreaves"},{"floor":14.0,"key":"Lantern"},{"floor":21.0,"key":"Dead Branch"},{"floor":22.0,"key":"Bottled Lightning"},{"floor":23.0,"key":"Girya"},{"floor":25.0,"key":"Art of War"},{"floor":26.0,"key":"Pear"},{"floor":29.0,"key":"Tingsha"},{"floor":30.0,"key":"Boot"},{"floor":34.0,"key":"Oddly Smooth Stone"},{"floor":34.0,"key":"The Courier"},{"floor":34.0,"key":"Turnip"},{"floor":40.0,"key":"Regal Pillow"},{"floor":42.0,"key":"StoneCalendar"},{"floor":44.0,"key":"Meat on the Bone"},{"floor":45.0,"key":"Strawberry"},{"floor":46.0,"key":"Paper Crane"},{"floor":55,"key":"Mercury Hourglass"}],"event_choices":[{"damage_healed":0.0,"max_hp_gain":0.0,"max_hp_loss":6.0,"gold_gain":0.0,"event_name":"Golden Idol","player_choice":"Lose Max HP","floor":2.0,"gold_loss":0.0,"damage_taken":0.0,"relics_obtained":["Golden Idol"]},{"damage_healed":0.0,"max_hp_gain":0.0,"max_hp_loss":0.0,"gold_gain":75.0,"event_name":"World of Goop","player_choice":"Gather Gold","floor":4.0,"gold_loss":0.0,"damage_taken":11.0},{"damage_healed":20.0,"max_hp_gain":0.0,"max_hp_loss":0.0,"gold_gain":0.0,"event_name":"Big Fish","player_choice":"Banana","floor":12.0,"gold_loss":0.0,"damage_taken":0.0},{"damage_healed":0.0,"max_hp_gain":0.0,"max_hp_loss":0.0,"gold_gain":0.0,"event_name":"Colosseum","player_choice":"Fight","floor":21.0,"gold_loss":0.0,"damage_taken":0.0},{"damage_healed":0.0,"max_hp_gain":0.0,"max_hp_loss":0.0,"gold_gain":0.0,"event_name":"Colosseum","player_choice":"Fought Nobs","floor":21.0,"gold_loss":0.0,"damage_taken":0.0},{"damage_healed":0.0,"max_hp_gain":0.0,"max_hp_loss":0.0,"gold_gain":0.0,"event_name":"Tomb of Lord Red Mask","player_choice":"Ignored","floor":36.0,"gold_loss":0.0,"damage_taken":0.0},{"cards_removed":["Strike_G"],"damage_healed":0.0,"max_hp_gain":0.0,"max_hp_loss":0.0,"gold_gain":0.0,"event_name":"Falling","player_choice":"Removed Attack","floor":38.0,"gold_loss":0.0,"damage_taken":0.0},{"damage_healed":0.0,"max_hp_gain":0.0,"max_hp_loss":0.0,"gold_gain":0.0,"event_name":"Upgrade Shrine","player_choice":"Upgraded","floor":47.0,"gold_loss":0.0,"damage_taken":0.0,"cards_upgraded":["Neutralize"]}],"is_beta":true,"boss_relics":[{"not_picked":["Cursed Key","Sozu"],"picked":"Runic Dome"},{"not_picked":["Tiny House","Lizard Tail"],"picked":"Calling Bell"}],"items_purged_floors":[3,13,37,54],"is_endless":false,"potions_floor_spawned":[1,7,8,18,19,23,27,31,39,40,41,44,48],"ascension_level":20}