{"gold_per_floor":[117,137,137,137,162,162,187,222,273,294,294,318,357,357,357,456,456,474,40,40,59,83,83,83],"floor_reached":24,"playtime":873,"items_purged":["Strike_R"],"score":364,"play_id":"b68c6ae7-e487-4102-86aa-30d531fb7e04","local_time":"20190401091250","is_ascension_mode":true,"campfire_choices":[{"data":"Bash","floor":6.0,"key":"SMITH"},{"data":"Clothesline","floor":11.0,"key":"SMITH"},{"data":"Armaments","floor":15.0,"key":"SMITH"},{"data":"Shockwave","floor":23,"key":"SMITH"}],"neow_cost":"NONE","seed_source_timestamp":0,"circlet_count":0,"master_deck":["AscendersBane","Strike_R","Strike_R","Strike_R","Defend_R","Defend_R","Defend_R","Defend_R","Bash+1","Infernal Blade","Sword Boomerang","Clothesline+1","Pommel Strike","Metallicize+1","Armaments+1","Demon Form+1","Shockwave+1","Shrug It Off","Iron Wave","Cleave+1"],"special_seed":0,"relics":["Burning Blood","Golden Idol","Singing Bowl","Frozen Egg 2","Blood Vial","Juzu Bracelet","Black Star","Membership Card","Mummified Hand"],"potions_floor_usage":[24],"damage_taken":[{"damage":4.0,"enemies":"2 Louse","floor":1.0,"turns":3.0},{"damage":13.0,"enemies":"Jaw Worm","floor":2.0,"turns":4.0},{"damage":6.0,"enemies":"Cultist","floor":5.0,"turns":3.0},{"damage":5.0,"enemies":"2 Fungi Beasts","floor":7.0,"turns":3.0},{"damage":30.0,"enemies":"Gremlin Nob","floor":8.0,"turns":4.0},{"damage":23.0,"enemies":"Exordium Thugs","floor":10.0,"turns":4.0},{"damage":15.0,"enemies":"Lots of Slimes","floor":12.0,"turns":4.0},{"damage":6.0,"enemies":"Lagavulin","floor":13.0,"turns":5.0},{"damage":19.0,"enemies":"The Guardian","floor":16.0,"turns":17.0},{"damage":17.0,"enemies":"Spheric Guardian","floor":18.0,"turns":5.0},{"damage":8.0,"enemies":"Shell Parasite","floor":21.0,"turns":7.0},{"damage":31,"enemies":"Cultist and Chosen","floor":22,"turns":8},{"damage":58,"enemies":"Slavers","floor":24,"turns":4}],"seed_played":"-7268665312726613502","potions_obtained":[{"floor":1.0,"key":"LiquidBronze"},{"floor":8.0,"key":"Energy Potion"},{"floor":12.0,"key":"PowerPotion"},{"floor":14.0,"key":"Ancient Potion"},{"floor":14.0,"key":"SkillPotion"},{"floor":18.0,"key":"Dexterity Potion"}],"is_trial":false,"path_per_floor":["M","M","?","T","M","R","M","E","T","M","R","M","E","?","R","B",null,"M","$","?","M","M","R","E"],"character_chosen":"IRONCLAD","items_purchased":["Membership Card","Shrug It Off","Mummified Hand","Regen Potion"],"campfire_rested":0,"item_purchase_floors":[19,19,19,19],"current_hp_per_floor":[77,70,70,70,70,70,71,47,47,32,32,27,29,29,29,18,62,53,53,53,68,45,45,0],"gold":83,"neow_bonus":"TEN_PERCENT_HP_BONUS","is_prod":false,"is_daily":false,"chose_seed":false,"campfire_upgraded":4,"win_rate":0,"timestamp":1554135170,"path_taken":["M","M","?","?","M","R","M","E","T","M","R","?","E","?","R","BOSS","M","$","?","M","M","R","E"],"build_version":"2019-01-23","purchased_purges":1,"victory":false,"max_hp_per_floor":[82,82,74,74,74,74,74,74,74,74,74,76,76,76,76,76,76,76,76,76,76,76,76,76],"card_choices":[{"not_picked":["Shockwave","Armaments"],"picked":"Infernal Blade","floor":1.0},{"not_picked":["Perfected Strike","Bloodletting","Warcry"],"picked":"SKIP","floor":2.0},{"not_picked":["Combust","Corruption"],"picked":"Sword Boomerang","floor":5.0},{"not_picked":["Dark Embrace","Headbutt"],"picked":"Clothesline","floor":7.0},{"not_picked":["Body Slam","Barricade"],"picked":"Pommel Strike","floor":8.0},{"not_picked":["Reckless Charge","Corruption+1"],"picked":"Metallicize+1","floor":10.0},{"not_picked":["Perfected Strike","Clothesline","Wild Strike"],"picked":"Singing Bowl","floor":12.0},{"not_picked":["Havoc","Power Through"],"picked":"Armaments","floor":13.0},{"not_picked":["Offering","Immolate"],"picked":"Demon Form+1","floor":16.0},{"not_picked":["Sword Boomerang","Twin Strike"],"picked":"Shockwave","floor":18.0},{"not_picked":["Entrench","Power Through"],"picked":"Iron Wave","floor":21.0},{"not_picked":["Iron Wave","Body Slam"],"picked":"Cleave+1","floor":22}],"player_experience":2402098,"relics_obtained":[{"floor":4.0,"key":"Singing Bowl"},{"floor":8.0,"key":"Frozen Egg 2"},{"floor":9.0,"key":"Blood Vial"},{"floor":13.0,"key":"Juzu Bracelet"}],"event_choices":[{"damage_healed":0.0,"max_hp_gain":0.0,"max_hp_loss":8.0,"gold_gain":0.0,"event_name":"Golden Idol","player_choice":"Lose Max HP","floor":3.0,"gold_loss":0.0,"damage_taken":0.0,"relics_obtained":["Golden Idol"]},{"damage_healed":0.0,"max_hp_gain":0.0,"max_hp_loss":0.0,"gold_gain":0.0,"event_name":"Lab","player_choice":"Got Potions","floor":14.0,"gold_loss":0.0,"damage_taken":0.0},{"cards_removed":["Strike_R"],"damage_healed":0.0,"max_hp_gain":0.0,"max_hp_loss":0.0,"gold_gain":0.0,"event_name":"Purifier","player_choice":"Purged","floor":20.0,"gold_loss":0.0,"damage_taken":0.0}],"is_beta":false,"boss_relics":[{"not_picked":["Busted Crown","Tiny House"],"picked":"Black Star"}],"items_purged_floors":[19],"is_endless":false,"potions_floor_spawned":[1,8,12,18],"killed_by":"Slavers","ascension_level":15}