{"gold_per_floor":[113,129,146,146,162,197,197,225,250,250,277,288,301,29,29,126,126,136,146,162,142,161,186,186,202,281,331,357,372,372],"floor_reached":30,"playtime":3568,"items_purged":["Strike_R"],"score":351,"play_id":"e9411e4d-cea3-4401-8261-76dce893100d","local_time":"20190113152117","is_ascension_mode":true,"campfire_choices":[{"data":"Shrug It Off","floor":7,"key":"SMITH"},{"data":"Blood for Blood","floor":10,"key":"SMITH"},{"data":"Iron Wave","floor":15,"key":"SMITH"},{"data":"Dark Embrace","floor":24,"key":"SMITH"}],"neow_cost":"NONE","seed_source_timestamp":7824469682736,"circlet_count":0,"master_deck":["Strike_R","Strike_R+1","Strike_R","Strike_R+1","Defend_R","Defend_R+1","Defend_R+1","Defend_R","Bash","Shrug It Off+1","Headbutt","Ghostly Armor","Headbutt","Dark Shackles","Burning Pact","Anger","Blood for Blood+1","Combust","Thunderclap","Iron Wave+1","Dark Embrace+1","Twin Strike+1","Ghostly Armor","Flex+1","Whirlwind+1","Armaments+1","Rage","Feed","Whirlwind+1"],"relics":["Philosopher\u0027s Stone","Question Card","War Paint","Bag of Preparation","Bronze Scales","Sling","Lizard Tail","Lantern","Letter Opener","Whetstone"],"potions_floor_usage":[16,16,20,23,23],"damage_taken":[{"damage":8,"enemies":"Small Slimes","floor":1,"turns":3},{"damage":0,"enemies":"Cultist","floor":2,"turns":3},{"damage":0,"enemies":"2 Louse","floor":3,"turns":2},{"damage":5,"enemies":"Large Slime","floor":5,"turns":6},{"damage":28,"enemies":"Lagavulin","floor":6,"turns":7},{"damage":0,"enemies":"3 Sentries","floor":8,"turns":8},{"damage":8,"enemies":"Lagavulin","floor":11,"turns":4},{"damage":1,"enemies":"Looter","floor":12,"turns":3},{"damage":15,"enemies":"Blue Slaver","floor":13,"turns":2},{"damage":20,"enemies":"Hexaghost","floor":16,"turns":8},{"damage":2,"enemies":"3 Byrds","floor":18,"turns":3},{"damage":23,"enemies":"Shell Parasite","floor":19,"turns":5},{"damage":26,"enemies":"Cultist and Chosen","floor":20,"turns":6},{"damage":10,"enemies":"3 Cultists","floor":22,"turns":5},{"damage":30,"enemies":"Slavers","floor":23,"turns":3},{"damage":18,"enemies":"Centurion and Healer","floor":25,"turns":6},{"damage":13,"enemies":"Gremlin Leader","floor":28,"turns":5},{"damage":2,"enemies":"Snake Plant","floor":29,"turns":2},{"damage":13,"enemies":"Slavers","floor":30,"turns":1}],"seed_played":"6933985083186115559","potions_obtained":[{"floor":1,"key":"SmokeBomb"},{"floor":2,"key":"EssenceOfSteel"},{"floor":5,"key":"FairyPotion"},{"floor":8,"key":"Energy Potion"},{"floor":13,"key":"Weak Potion"},{"floor":16,"key":"Regen Potion"},{"floor":19,"key":"SkillPotion"},{"floor":21,"key":"LiquidBronze"},{"floor":28,"key":"Strength Potion"},{"floor":29,"key":"FearPotion"}],"is_trial":false,"path_per_floor":["M","M","M","?","M","E","R","E","T","R","E","M","M","$","R","B",null,"M","M","M","?","M","E","R","M","T","?","E","M","E"],"character_chosen":"IRONCLAD","items_purchased":["Sling"],"campfire_rested":0,"item_purchase_floors":[14],"current_hp_per_floor":[72,72,72,72,67,39,39,39,39,39,31,30,15,15,15,8,80,78,55,29,29,19,40,40,22,22,22,9,7,0],"gold":372,"neow_bonus":"BOSS_RELIC","is_prod":false,"is_daily":false,"chose_seed":false,"campfire_upgraded":4,"win_rate":0,"timestamp":1547400077,"path_taken":["M","M","M","?","M","E","R","E","T","R","E","M","M","$","R","BOSS","M","M","M","?","M","E","R","?","T","?","E","?","E"],"build_version":"2019-01-03v4","purchased_purges":1,"victory":false,"max_hp_per_floor":[80,80,80,80,80,80,80,80,80,80,80,80,80,80,80,80,80,80,80,80,80,80,80,80,80,80,80,80,80,80],"card_choices":[{"not_picked":["Spot Weakness","Blood for Blood"],"picked":"Shrug It Off","floor":1},{"not_picked":["Bloodletting","Entrench"],"picked":"Headbutt","floor":2},{"not_picked":["Warcry","True Grit"],"picked":"Ghostly Armor","floor":3},{"not_picked":["Clothesline","Impervious"],"picked":"Burning Pact","floor":5},{"not_picked":["Feel No Pain","True Grit"],"picked":"Anger","floor":6},{"not_picked":["Wild Strike","Feel No Pain","Brutality"],"picked":"Blood for Blood","floor":8},{"not_picked":["Dropkick","Corruption","Rupture"],"picked":"Combust","floor":11},{"not_picked":["Battle Trance","Body Slam","Rage"],"picked":"Thunderclap","floor":12},{"not_picked":["Iron Wave","Feel No Pain","Twin Strike","Whirlwind"],"picked":"SKIP","floor":13},{"not_picked":["Feel No Pain","Twin Strike","Whirlwind"],"picked":"Iron Wave","floor":13},{"not_picked":["Barricade","Brutality","Bludgeon"],"picked":"Dark Embrace","floor":16},{"not_picked":["Ghostly Armor","Hemokinesis","Clash+1"],"picked":"Twin Strike+1","floor":18},{"not_picked":["Whirlwind","Heavy Blade+1","Rage+1"],"picked":"Ghostly Armor","floor":19},{"not_picked":["Rage","Corruption","Shockwave+1"],"picked":"Flex+1","floor":20},{"not_picked":["Corruption","Flex","Perfected Strike"],"picked":"Whirlwind+1","floor":22},{"not_picked":["Feel No Pain","Headbutt","Wild Strike"],"picked":"Armaments+1","floor":23},{"not_picked":["Wild Strike","Power Through","Headbutt"],"picked":"Rage","floor":25},{"not_picked":["Armaments","Feed","Bloodletting","Flame Barrier"],"picked":"SKIP","floor":28},{"not_picked":["Armaments","Bloodletting","Flame Barrier"],"picked":"Feed","floor":28},{"not_picked":["Clash","Perfected Strike","Clothesline"],"picked":"Whirlwind+1","floor":29}],"player_experience":76160,"relics_obtained":[{"floor":6,"key":"Question Card"},{"floor":8,"key":"War Paint"},{"floor":9,"key":"Bag of Preparation"},{"floor":11,"key":"Bronze Scales"},{"floor":23,"key":"Lantern"},{"floor":26,"key":"Letter Opener"},{"floor":28,"key":"Whetstone"}],"event_choices":[{"damage_healed":0,"gold_gain":0,"player_choice":"2 cards matched","damage_taken":0,"max_hp_gain":0,"max_hp_loss":0,"event_name":"Match and Keep!","floor":4,"gold_loss":0,"cards_obtained":["Headbutt","Dark Shackles"]},{"damage_healed":0,"gold_gain":0,"player_choice":"Bought 1 Potion","damage_taken":0,"max_hp_gain":0,"max_hp_loss":0,"event_name":"The Woman in Blue","floor":21,"gold_loss":0},{"damage_healed":0,"gold_gain":100,"player_choice":"Bet on Murderer","damage_taken":0,"max_hp_gain":0,"max_hp_loss":0,"event_name":"The Joust","floor":27,"gold_loss":50}],"is_beta":false,"boss_relics":[{"not_picked":["Snecko Eye","Fusion Hammer"],"picked":"Lizard Tail"}],"items_purged_floors":[14],"is_endless":false,"potions_floor_spawned":[1,2,5,8,13,16,19,28,29],"killed_by":"Slavers","ascension_level":2}