{"gold_per_floor":[111,129,79,96,113,113,113,113,137,157,157,173,173,205,205,302,302,321,321,321,339,339,339,137,137,137,147,173,173,208,227,227,323,323,339,162,162,162,177,177,207,207,207,222,222,242,242,89,89,89],"floor_reached":51,"playtime":1880,"items_purged":["Parasite"],"score":871,"play_id":"7aa0d08c-88fc-449e-95a4-34bb22077573","local_time":"25611110020505","is_ascension_mode":true,"campfire_choices":[{"data":"Zap","floor":6.0,"key":"SMITH"},{"data":"Streamline","floor":11.0,"key":"SMITH"},{"data":"Reinforced Body","floor":13.0,"key":"SMITH"},{"data":"Genetic Algorithm","floor":15.0,"key":"SMITH"},{"data":"Hyperbeam","floor":23.0,"key":"SMITH"},{"data":"Self Repair","floor":25.0,"key":"SMITH"},{"data":"Conserve Battery","floor":29.0,"key":"SMITH"},{"data":"White Noise","floor":32.0,"key":"SMITH"},{"data":"Hyperbeam","floor":40.0,"key":"SMITH"},{"data":"Undo","floor":42.0,"key":"SMITH"},{"data":"Leap","floor":45.0,"key":"SMITH"},{"data":"BootSequence","floor":49,"key":"SMITH"}],"neow_cost":"NONE","seed_source_timestamp":37333477885330,"circlet_count":0,"master_deck":["Defend_B","Defend_B","Zap+1","Dualcast+1","Conserve Battery+1","Genetic Algorithm+1","Streamline+1","Leap+1","Reinforced Body+1","Hyperbeam+1","Bite","Bite","Bite","Bite","Bite","Self Repair+1","Skim+1","Undo+1","White Noise+1","Hyperbeam+1","Apotheosis+1","BootSequence+1","Reinforced Body+1","BootSequence+1"],"special_seed":0,"relics":["Coffee Dripper","Potion Belt","Anchor","Empty Cage","PreservedInsect","Chemical X","StoneCalendar","Boot","Bronze Scales","Sozu","Singing Bowl","Question Card"],"potions_floor_usage":[],"damage_taken":[{"damage":2.0,"enemies":"Small Slimes","floor":1.0,"turns":4.0},{"damage":1.0,"enemies":"2 Louse","floor":2.0,"turns":2.0},{"damage":0.0,"enemies":"Jaw Worm","floor":4.0,"turns":3.0},{"damage":0.0,"enemies":"3 Louse","floor":5.0,"turns":2.0},{"damage":0.0,"enemies":"Looter","floor":10.0,"turns":3.0},{"damage":0.0,"enemies":"Lots of Slimes","floor":12.0,"turns":3.0},{"damage":5.0,"enemies":"Lagavulin","floor":14.0,"turns":4.0},{"damage":14.0,"enemies":"Slime Boss","floor":16.0,"turns":12.0},{"damage":14.0,"enemies":"Spheric Guardian","floor":18.0,"turns":4.0},{"damage":1.0,"enemies":"3 Byrds","floor":21.0,"turns":5.0},{"damage":12.0,"enemies":"Sentry and Sphere","floor":27.0,"turns":4.0},{"damage":23.0,"enemies":"Gremlin Leader","floor":28.0,"turns":4.0},{"damage":3.0,"enemies":"Slavers","floor":30.0,"turns":4.0},{"damage":5.0,"enemies":"Snake Plant","floor":31.0,"turns":4.0},{"damage":27.0,"enemies":"Champ","floor":33.0,"turns":11.0},{"damage":3.0,"enemies":"3 Shapes","floor":35.0,"turns":3.0},{"damage":3.0,"enemies":"Orb Walker","floor":39.0,"turns":3.0},{"damage":41.0,"enemies":"Reptomancer","floor":41.0,"turns":5.0},{"damage":37.0,"enemies":"Maw","floor":44.0,"turns":8.0},{"damage":20,"enemies":"Writhing Mass","floor":46,"turns":6},{"damage":92,"enemies":"Awakened One","floor":50,"turns":21}],"seed_played":"6879296076710892461","potions_obtained":[{"floor":2.0,"key":"EntropicBrew"},{"floor":4.0,"key":"SkillPotion"},{"floor":12.0,"key":"SneckoOil"},{"floor":14.0,"key":"SpeedPotion"},{"floor":21.0,"key":"FearPotion"},{"floor":31.0,"key":"SteroidPotion"}],"is_trial":false,"path_per_floor":["M","M","?","M","M","R","?","?","T","M","R","M","R","E","R","B",null,"M","?","?","M","?","R","$","R","T","M","E","R","E","M","R","B",null,"M","$","?","?","M","R","E","R","T","M","R","M","?","$","R","B",null],"character_chosen":"DEFECT","items_purchased":["Chemical X","Apotheosis","BootSequence"],"campfire_rested":0,"item_purchase_floors":[24,36,48],"current_hp_per_floor":[73,72,72,72,72,72,72,54,54,54,54,54,54,49,49,37,75,61,61,61,72,72,72,72,72,72,75,66,66,73,75,75,58,75,72,72,72,72,75,75,62,62,62,63,63,69,69,69,69,19],"gold":89,"neow_bonus":"BOSS_RELIC","is_prod":false,"is_daily":false,"chose_seed":false,"campfire_upgraded":12,"win_rate":0,"timestamp":1541790305,"path_taken":["M","M","?","M","M","R","?","?","T","M","R","M","R","E","R","BOSS","M","?","?","M","?","R","$","R","T","M","E","R","E","?","R","BOSS","M","$","?","?","?","R","E","R","T","M","R","M","?","$","R","BOSS"],"build_version":"2018-11-08","purchased_purges":1,"victory":true,"max_hp_per_floor":[75,75,75,75,75,75,75,75,75,75,75,75,75,75,75,75,75,75,75,75,75,75,75,75,75,75,75,75,75,75,75,75,75,75,75,75,75,75,75,75,77,77,77,77,77,79,79,76,76,76],"card_choices":[{"not_picked":["Compile Driver","Fusion"],"picked":"Conserve Battery","floor":1.0},{"not_picked":["Melter","Sweeping Beam"],"picked":"Genetic Algorithm","floor":2.0},{"not_picked":["FTL","Barrage"],"picked":"Streamline","floor":4.0},{"not_picked":["Turbo","Conserve Battery"],"picked":"Sweeping Beam","floor":5.0},{"not_picked":["Gash","Hologram"],"picked":"Leap","floor":10.0},{"not_picked":["BootSequence","Leap"],"picked":"Reinforced Body","floor":12.0},{"not_picked":["Recycle","Cold Snap","Sweeping Beam"],"picked":"SKIP","floor":14.0},{"not_picked":["Buffer","Reboot"],"picked":"Hyperbeam","floor":16.0},{"not_picked":["Darkness","Steam","Conserve Battery"],"picked":"SKIP","floor":18.0},{"not_picked":["Capacitor+1","Leap","Recycle"],"picked":"SKIP","floor":21.0},{"not_picked":["Leap","Cold Snap","Steam"],"picked":"SKIP","floor":27.0},{"not_picked":["Stack","Coolheaded"],"picked":"Skim+1","floor":28.0},{"not_picked":["Cold Snap","Redo"],"picked":"Undo","floor":30.0},{"not_picked":["Tempest","Scrape"],"picked":"White Noise","floor":31.0},{"not_picked":["Creative AI","Core Surge"],"picked":"Hyperbeam","floor":33.0},{"not_picked":["Defragment+1","Ball Lightning","Hologram"],"picked":"SKIP","floor":35.0},{"not_picked":["Glacier+1","Fusion+1"],"picked":"BootSequence+1","floor":39.0},{"not_picked":["Redo","Turbo+1","Chill"],"picked":"Singing Bowl","floor":41.0},{"not_picked":["Lockon","Chaos","Stack"],"picked":"Reinforced Body+1","floor":44.0},{"not_picked":["Rebound","Leap+1","Cold Snap","Stack+1"],"picked":"Singing Bowl","floor":46}],"player_experience":99713,"relics_obtained":[{"floor":9.0,"key":"Anchor"},{"floor":14.0,"key":"Blood Vial"},{"floor":26.0,"key":"StoneCalendar"},{"floor":28.0,"key":"Boot"},{"floor":30.0,"key":"Bronze Scales"},{"floor":41.0,"key":"Singing Bowl"},{"floor":43.0,"key":"Question Card"}],"event_choices":[{"cards_removed":["Defend_B"],"damage_healed":0.0,"max_hp_gain":0.0,"max_hp_loss":0.0,"gold_gain":0.0,"event_name":"The Cleric","player_choice":"Card Removal","floor":3.0,"gold_loss":50.0,"damage_taken":0.0},{"damage_healed":0.0,"max_hp_gain":0.0,"max_hp_loss":0.0,"gold_gain":0.0,"event_name":"Living Wall","player_choice":"Grow","floor":7.0,"gold_loss":0.0,"damage_taken":0.0,"cards_upgraded":["Dualcast"]},{"damage_healed":0.0,"max_hp_gain":0.0,"max_hp_loss":0.0,"gold_gain":0.0,"event_name":"Scrap Ooze","player_choice":"Success","floor":8.0,"gold_loss":0.0,"damage_taken":18.0,"relics_obtained":["Potion Belt"]},{"damage_healed":0.0,"max_hp_gain":0.0,"max_hp_loss":0.0,"gold_gain":0.0,"event_name":"The Mausoleum","player_choice":"Opened","floor":19.0,"gold_loss":0.0,"damage_taken":0.0,"relics_obtained":["PreservedInsect"]},{"damage_healed":0.0,"max_hp_gain":0.0,"max_hp_loss":0.0,"gold_gain":0.0,"event_name":"Vampires","player_choice":"Became a vampire (Vial)","floor":20.0,"relics_lost":["Blood Vial"],"gold_loss":0.0,"damage_taken":0.0,"cards_obtained":["Bite","Bite","Bite","Bite","Bite"]},{"damage_healed":0.0,"max_hp_gain":0.0,"max_hp_loss":0.0,"gold_gain":0.0,"event_name":"The Library","player_choice":"Read","floor":22.0,"gold_loss":0.0,"damage_taken":0.0,"cards_obtained":["Self Repair"]},{"damage_healed":0.0,"max_hp_gain":0.0,"max_hp_loss":0.0,"gold_gain":0.0,"event_name":"Tomb of Lord Red Mask","player_choice":"Ignored","floor":37.0,"gold_loss":0.0,"damage_taken":0.0},{"damage_healed":0.0,"max_hp_gain":0.0,"max_hp_loss":0.0,"gold_gain":0.0,"event_name":"Upgrade Shrine","player_choice":"Upgraded","floor":38.0,"gold_loss":0.0,"damage_taken":0.0,"cards_upgraded":["Apotheosis"]},{"cards_removed":["Sweeping Beam"],"damage_healed":0,"gold_gain":0,"player_choice":"Removed Attack","damage_taken":0,"max_hp_gain":0,"max_hp_loss":0,"event_name":"Falling","floor":47,"gold_loss":0}],"is_beta":false,"boss_relics":[{"not_picked":["Velvet Choker","Fusion Hammer"],"picked":"Empty Cage"},{"not_picked":["Pandora\u0027s Box","Lizard Tail"],"picked":"Sozu"}],"items_purged_floors":[48],"is_endless":false,"potions_floor_spawned":[2,4,12,14,21,31,35,46],"ascension_level":4}