{"gold_per_floor":[109,127,127,127,141,141,170,170,195,228,14,49,69,84,84,156,156,170,188,203,203,16,16,16,42,89,106,106,123,123,123,123,194,194,208,260,270,145,145,145,178,178,178,195,195,220,220,254,254,254,254],"floor_reached":52,"playtime":3192,"items_purged":["Strike_B","Strike_B","Strike_B+1"],"score":2177,"play_id":"627a4c26-f0e2-43ed-a054-fe2550dbde8c","local_time":"20181206194612","is_ascension_mode":true,"campfire_choices":[{"data":"Consume","floor":6.0,"key":"SMITH"},{"data":"Conserve Battery","floor":8.0,"key":"SMITH"},{"data":"Zap","floor":15.0,"key":"SMITH"},{"data":"Sunder","floor":23.0,"key":"SMITH"},{"data":"Capacitor","floor":28.0,"key":"SMITH"},{"data":"Dualcast","floor":30.0,"key":"SMITH"},{"floor":32.0,"key":"REST"},{"data":"Double Energy","floor":40.0,"key":"SMITH"},{"data":"Go for the Eyes","floor":45.0,"key":"SMITH"},{"floor":47,"key":"REST"},{"data":"Echo Form","floor":49,"key":"SMITH"}],"neow_cost":"NONE","seed_source_timestamp":89184923306256,"circlet_count":0,"master_deck":["AscendersBane","Zap+1","Dualcast+1","Conserve Battery+1","Consume+1","White Noise+1","Cold Snap","Glacier","Ball Lightning","Rebound","Echo Form+1","Double Energy+1","Capacitor+1","Sunder+1","Hologram+1","Core Surge","Gash+1","Leap+1","Seek+1","Skim+1","Go for the Eyes+1","Multi-Cast"],"special_seed":0,"relics":["Cracked Core","NeowsBlessing","Whetstone","Bronze Scales","Ancient Tea Set","Bird Faced Urn","Sozu","Pantograph","DataDisk","Astrolabe","Torii","Smiling Mask","Gremlin Horn","PreservedInsect","War Paint"],"potions_floor_usage":[],"damage_taken":[{"damage":0.0,"enemies":"Cultist","floor":1.0,"turns":1.0},{"damage":0.0,"enemies":"2 Louse","floor":2.0,"turns":1.0},{"damage":0.0,"enemies":"Small Slimes","floor":5.0,"turns":1.0},{"damage":31.0,"enemies":"3 Sentries","floor":7.0,"turns":5.0},{"damage":6.0,"enemies":"Lagavulin","floor":10.0,"turns":8.0},{"damage":0.0,"enemies":"3 Sentries","floor":12.0,"turns":8.0},{"damage":1.0,"enemies":"Exordium Thugs","floor":13.0,"turns":3.0},{"damage":8.0,"enemies":"Lots of Slimes","floor":14.0,"turns":3.0},{"damage":0.0,"enemies":"Hexaghost","floor":16.0,"turns":8.0},{"damage":23.0,"enemies":"Shell Parasite","floor":18.0,"turns":5.0},{"damage":0.0,"enemies":"Spheric Guardian","floor":19.0,"turns":3.0},{"damage":1.0,"enemies":"Centurion and Healer","floor":20.0,"turns":9.0},{"damage":13.0,"enemies":"Gremlin Leader","floor":25.0,"turns":7.0},{"damage":21.0,"enemies":"Snake Plant","floor":27.0,"turns":4.0},{"damage":25.0,"enemies":"Shelled Parasite and Fungi","floor":29.0,"turns":5.0},{"damage":29.0,"enemies":"Collector","floor":33.0,"turns":8.0},{"damage":0.0,"enemies":"3 Shapes","floor":35.0,"turns":5.0},{"damage":31.0,"enemies":"2 Orb Walkers","floor":36.0,"turns":6.0},{"damage":1.0,"enemies":"3 Darklings","floor":37.0,"turns":6.0},{"damage":0.0,"enemies":"Nemesis","floor":41.0,"turns":7.0},{"damage":31.0,"enemies":"Writhing Mass","floor":44.0,"turns":7.0},{"damage":25,"enemies":"Reptomancer","floor":46,"turns":6},{"damage":3,"enemies":"Nemesis","floor":48,"turns":7},{"damage":2,"enemies":"Time Eater","floor":50,"turns":15},{"damage":46,"enemies":"Donu and Deca","floor":51,"turns":12}],"seed_played":"-9092288534263992887","potions_obtained":[{"floor":2.0,"key":"PowerPotion"},{"floor":5.0,"key":"Swift Potion"},{"floor":7.0,"key":"Swift Potion"},{"floor":16.0,"key":"Ancient Potion"}],"is_trial":false,"path_per_floor":["M","M","?","?","M","M","R","E","R","T","E","$","E","M","M","R","B",null,"M","M","M","$","$","R","?","E","T","M","R","M","R","?","R","B",null,"M","?","M","$","?","R","E","T","T","M","R","E","R","E","R","B","B",null],"character_chosen":"DEFECT","items_purchased":["Glacier","Ball Lightning","Sunder"],"campfire_rested":2,"item_purchase_floors":[11,11,22],"current_hp_per_floor":[64,64,64,64,64,64,33,33,33,27,27,27,26,20,20,30,61,46,50,53,53,53,53,53,46,46,33,33,12,12,12,33,57,68,71,44,51,51,51,51,59,59,59,32,32,13,34,37,37,68,30],"gold":254,"neow_bonus":"THREE_ENEMY_KILL","is_prod":false,"is_daily":false,"chose_seed":false,"campfire_upgraded":9,"win_rate":0,"timestamp":1544096772,"path_taken":["M","?","?","?","M","R","E","R","T","E","$","E","M","?","R","BOSS","M","M","M","?","$","R","?","E","T","M","R","M","R","?","R","BOSS","M","?","M","$","?","R","E","?","T","M","R","E","R","E","R","BOSS","BOSS"],"build_version":"2018-11-15","purchased_purges":3,"victory":true,"max_hp_per_floor":[71,71,71,71,71,71,71,71,71,71,71,71,71,71,71,71,71,71,71,71,71,71,71,71,71,71,71,71,71,71,71,71,71,71,71,71,71,71,71,71,71,71,71,71,71,71,71,71,71,71,71],"card_choices":[{"not_picked":["Barrage","Rebound"],"picked":"Conserve Battery","floor":1.0},{"not_picked":["Tempest","Go for the Eyes"],"picked":"Consume","floor":2.0},{"not_picked":["Coolheaded","Leap"],"picked":"White Noise","floor":5.0},{"not_picked":["Stack","Rebound"],"picked":"Cold Snap","floor":7.0},{"not_picked":["Cold Snap","Sweeping Beam","Tempest"],"picked":"SKIP","floor":10.0},{"not_picked":["Reinforced Body","Rebound","Tempest"],"picked":"SKIP","floor":12.0},{"not_picked":["Reprogram","Stack","Auto Shields"],"picked":"SKIP","floor":13.0},{"not_picked":["Gash","Conserve Battery"],"picked":"Rebound","floor":14.0},{"not_picked":["Multi-Cast","Thunder Strike"],"picked":"Echo Form","floor":16.0},{"not_picked":["Redo","Barrage"],"picked":"Double Energy","floor":18.0},{"not_picked":["Ball Lightning","Melter","Leap"],"picked":"SKIP","floor":19.0},{"not_picked":["Cold Snap+1","Coolheaded"],"picked":"Capacitor","floor":20.0},{"not_picked":["Redo","Fusion+1"],"picked":"Chill","floor":25.0},{"not_picked":["BootSequence","Reinforced Body","Sweeping Beam"],"picked":"SKIP","floor":27.0},{"not_picked":["Ball Lightning","Loop"],"picked":"Hologram+1","floor":29.0},{"not_picked":["Meteor Strike","Echo Form"],"picked":"Core Surge","floor":33.0},{"not_picked":["Ball Lightning","Gash","White Noise+1"],"picked":"SKIP","floor":35.0},{"not_picked":["Ball Lightning","Gash","White Noise+1"],"picked":"SKIP","floor":35.0},{"not_picked":["Compile Driver+1","Tempest","Barrage+1"],"picked":"SKIP","floor":37.0},{"not_picked":["FTL","Conserve Battery+1"],"picked":"Skim","floor":41.0},{"not_picked":["Turbo","Beam Cell","Go for the Eyes"],"picked":"SKIP","floor":44.0},{"not_picked":["Turbo","Beam Cell"],"picked":"Go for the Eyes","floor":44.0},{"not_picked":["Conserve Battery","Tempest+1"],"picked":"Multi-Cast","floor":46},{"not_picked":["Stack","Go for the Eyes+1","Hyperbeam"],"picked":"SKIP","floor":48}],"player_experience":2276105,"relics_obtained":[{"floor":7.0,"key":"Whetstone"},{"floor":9.0,"key":"Bronze Scales"},{"floor":10.0,"key":"Ancient Tea Set"},{"floor":12.0,"key":"Bird Faced Urn"},{"floor":25.0,"key":"Pantograph"},{"floor":26.0,"key":"DataDisk"},{"floor":36.0,"key":"Torii"},{"floor":41.0,"key":"Smiling Mask"},{"floor":43.0,"key":"Gremlin Horn"},{"floor":46,"key":"PreservedInsect"},{"floor":48,"key":"War Paint"}],"event_choices":[{"damage_healed":0.0,"max_hp_gain":0.0,"max_hp_loss":0.0,"gold_gain":0.0,"event_name":"Liars Game","player_choice":"Ignored","floor":3.0,"gold_loss":0.0,"damage_taken":0.0},{"cards_removed":["Defend_B"],"damage_healed":0.0,"max_hp_gain":0.0,"max_hp_loss":0.0,"gold_gain":0.0,"event_name":"Purifier","player_choice":"Purged","floor":4.0,"gold_loss":0.0,"damage_taken":0.0},{"damage_healed":0.0,"max_hp_gain":0.0,"max_hp_loss":0.0,"gold_gain":0.0,"event_name":"Ghosts","player_choice":"Ignored","floor":24.0,"gold_loss":0.0,"damage_taken":0.0},{"cards_removed":["Defend_B"],"damage_healed":0.0,"max_hp_gain":0.0,"max_hp_loss":0.0,"gold_gain":0.0,"event_name":"Back to Basics","player_choice":"Elegance","floor":31.0,"gold_loss":0.0,"damage_taken":0.0},{"damage_healed":0.0,"max_hp_gain":0.0,"max_hp_loss":0.0,"gold_gain":0.0,"event_name":"Mysterious Sphere","player_choice":"Fight","floor":36.0,"gold_loss":0.0,"damage_taken":0.0},{"cards_removed":["Chill"],"damage_healed":0.0,"max_hp_gain":0.0,"max_hp_loss":0.0,"gold_gain":0.0,"event_name":"Falling","player_choice":"Removed Skill","floor":39.0,"gold_loss":0.0,"damage_taken":0.0}],"is_beta":false,"boss_relics":[{"not_picked":["Fusion Hammer","Lizard Tail"],"picked":"Sozu"},{"not_picked":["FrozenCore","Velvet Choker"],"picked":"Astrolabe"}],"items_purged_floors":[11,22,38],"is_endless":false,"potions_floor_spawned":[2,5,7,16,20,29,33,37,41,46],"ascension_level":20}