{"gold_per_floor":[113,133,145,220,220,255,310,310,383,383,401,466,537,45,45,148,148,160,176,226,18,68,103,153,203,271,289,320,340,390,715,715,715],"floor_reached":33,"playtime":5771,"items_purged":["Strike_R"],"score":358,"play_id":"cfb84456-673c-4411-8a27-79f335b102b1","local_time":"20190301174349","is_ascension_mode":false,"campfire_choices":[{"data":"Pommel Strike","floor":8.0,"key":"SMITH"},{"floor":15.0,"key":"REST"},{"floor":32,"key":"REST"}],"neow_cost":"NONE","seed_source_timestamp":0,"circlet_count":0,"master_deck":["Strike_R","Strike_R","Strike_R","Defend_R","Defend_R","Defend_R","Bash+1","Sword Boomerang+1","Pommel Strike+1","Anger","Clothesline","Ghostly Armor","Whirlwind","Anger","Blind","Inflame","Havoc+1","Twin Strike+1","Feed","RitualDagger","Flex","True Grit"],"special_seed":0,"relics":["Burning Blood","Omamori","Pear","SsserpentHead","Odd Mushroom","Sundial","Empty Cage","Strange Spoon","Juzu Bracelet","Blue Candle","Centennial Puzzle","Peace Pipe"],"potions_floor_usage":[28,33,33],"damage_taken":[{"damage":9.0,"enemies":"Jaw Worm","floor":1.0,"turns":5.0},{"damage":2.0,"enemies":"2 Louse","floor":2.0,"turns":2.0},{"damage":7.0,"enemies":"Small Slimes","floor":3.0,"turns":3.0},{"damage":21.0,"enemies":"3 Sentries","floor":6.0,"turns":8.0},{"damage":20.0,"enemies":"Gremlin Gang","floor":11.0,"turns":5.0},{"damage":7.0,"enemies":"2 Fungi Beasts","floor":12.0,"turns":3.0},{"damage":16.0,"enemies":"The Mushroom Lair","floor":13.0,"turns":5.0},{"damage":56.0,"enemies":"The Guardian","floor":16.0,"turns":8.0},{"damage":15.0,"enemies":"Chosen","floor":18.0,"turns":5.0},{"damage":13,"enemies":"Shell Parasite","floor":19,"turns":5},{"damage":34,"enemies":"Book of Stabbing","floor":23,"turns":5},{"damage":10,"enemies":"Cultist and Chosen","floor":27,"turns":3},{"damage":31,"enemies":"Slavers","floor":28,"turns":5},{"damage":25,"enemies":"Shelled Parasite and Fungi","floor":29,"turns":6},{"damage":69,"enemies":"Collector","floor":33,"turns":9}],"seed_played":"7802388372170164875","potions_obtained":[{"floor":3.0,"key":"Weak Potion"},{"floor":6.0,"key":"SkillPotion"},{"floor":13.0,"key":"BloodPotion"},{"floor":19,"key":"Block Potion"},{"floor":23,"key":"Swift Potion"},{"floor":29,"key":"Swift Potion"}],"is_trial":false,"path_per_floor":["M","M","M","?","?","E","?","R","T","?","M","M","?","$","R","B",null,"M","M","?","$","?","E","?","?","T","M","E","M","?","?","R","B"],"character_chosen":"IRONCLAD","items_purchased":["Blind","Inflame","Sundial","Strange Spoon"],"campfire_rested":2,"item_purchase_floors":[14,14,14,21],"current_hp_per_floor":[77,80,79,68,68,53,53,53,63,63,49,48,38,38,65,15,90,81,74,56,56,105,77,71,71,71,70,48,29,29,29,62,0],"gold":715,"neow_bonus":"UPGRADE_CARD","is_prod":false,"is_daily":false,"chose_seed":false,"campfire_upgraded":1,"win_rate":0,"timestamp":1551473029,"path_taken":["M","M","M","?","?","E","?","R","T","?","M","?","?","$","R","BOSS","M","M","?","$","?","E","?","?","T","M","E","M","?","?","R","BOSS"],"build_version":"2019-01-23","purchased_purges":1,"victory":false,"max_hp_per_floor":[80,80,80,80,80,80,80,80,90,90,90,90,90,90,90,90,90,90,90,95,95,105,105,105,105,105,108,111,111,111,111,111,111],"card_choices":[{"not_picked":["Thunderclap","True Grit"],"picked":"Sword Boomerang","floor":1.0},{"not_picked":["Clash","Reaper"],"picked":"Pommel Strike","floor":2.0},{"not_picked":["Flex","Uppercut"],"picked":"Anger","floor":3.0},{"not_picked":["Sever Soul","True Grit"],"picked":"Clothesline","floor":6.0},{"not_picked":["True Grit","Cleave"],"picked":"Ghostly Armor","floor":11.0},{"not_picked":["Armaments","Twin Strike"],"picked":"Whirlwind","floor":12.0},{"not_picked":["Pommel Strike","Clothesline"],"picked":"Anger","floor":13.0},{"not_picked":["Reaper","Dark Embrace"],"picked":"Barricade","floor":16.0},{"not_picked":["Hemokinesis","Dual Wield"],"picked":"Havoc+1","floor":18},{"not_picked":["Sword Boomerang","Havoc"],"picked":"Twin Strike+1","floor":19},{"not_picked":["Iron Wave","Pommel Strike"],"picked":"Feed","floor":23},{"not_picked":["Iron Wave","Clash"],"picked":"Flex","floor":27},{"not_picked":["Whirlwind","Rampage+1","Sword Boomerang"],"picked":"SKIP","floor":28},{"not_picked":["Hemokinesis+1","Body Slam"],"picked":"True Grit","floor":29}],"player_experience":144594,"relics_obtained":[{"floor":6.0,"key":"Omamori"},{"floor":9.0,"key":"Pear"},{"floor":13.0,"key":"Odd Mushroom"},{"floor":23,"key":"Juzu Bracelet"},{"floor":26,"key":"Blue Candle"},{"floor":28,"key":"Centennial Puzzle"}],"event_choices":[{"damage_healed":0.0,"max_hp_gain":0.0,"max_hp_loss":0.0,"gold_gain":75.0,"event_name":"World of Goop","player_choice":"Gather Gold","floor":4.0,"gold_loss":0.0,"damage_taken":11.0},{"damage_healed":0.0,"max_hp_gain":0.0,"max_hp_loss":0.0,"gold_gain":0.0,"event_name":"Living Wall","player_choice":"Grow","floor":5.0,"gold_loss":0.0,"damage_taken":0.0,"cards_upgraded":["Sword Boomerang"]},{"damage_healed":0.0,"max_hp_gain":0.0,"max_hp_loss":0.0,"gold_gain":55.0,"event_name":"Golden Wing","player_choice":"Gained Gold","floor":7.0,"gold_loss":0.0,"damage_taken":0.0},{"damage_healed":0.0,"max_hp_gain":0.0,"max_hp_loss":0.0,"gold_gain":0.0,"event_name":"FaceTrader","player_choice":"Trade","floor":10.0,"gold_loss":0.0,"damage_taken":0.0,"relics_obtained":["SsserpentHead"]},{"damage_healed":0.0,"max_hp_gain":0.0,"max_hp_loss":0.0,"gold_gain":0.0,"event_name":"Mushrooms","player_choice":"Fought Mushrooms","floor":13.0,"gold_loss":0.0,"damage_taken":0.0},{"damage_healed":0,"gold_gain":0,"player_choice":"Shed Blood","damage_taken":23,"max_hp_gain":5,"max_hp_loss":0,"event_name":"Forgotten Altar","floor":20,"gold_loss":0},{"cards_removed":["Barricade"],"damage_healed":39,"gold_gain":0,"player_choice":"Offered Rare","damage_taken":0,"max_hp_gain":10,"max_hp_loss":0,"event_name":"Bonfire Elementals","floor":22,"gold_loss":0},{"damage_healed":0,"gold_gain":0,"player_choice":"Joined the Cult","damage_taken":6,"max_hp_gain":0,"max_hp_loss":0,"event_name":"Nest","floor":24,"gold_loss":0,"cards_obtained":["RitualDagger"]},{"damage_healed":0,"gold_gain":0,"player_choice":"Ignored","damage_taken":0,"max_hp_gain":0,"max_hp_loss":0,"event_name":"Vampires","floor":25,"gold_loss":0},{"damage_healed":0,"gold_gain":0,"player_choice":"Stole Relic","damage_taken":0,"relics_obtained":["Peace Pipe"],"max_hp_gain":0,"max_hp_loss":0,"event_name":"Addict","floor":30,"gold_loss":0,"cards_obtained":["Shame"]},{"damage_healed":0,"gold_gain":275,"player_choice":"Desecrate","damage_taken":0,"max_hp_gain":0,"max_hp_loss":0,"event_name":"Golden Shrine","floor":31,"gold_loss":0,"cards_obtained":["Regret"]}],"is_beta":false,"boss_relics":[{"not_picked":["Mark of Pain","Sozu"],"picked":"Empty Cage"}],"items_purged_floors":[14],"is_endless":false,"potions_floor_spawned":[3,6,13,19,23,27,29],"killed_by":"Collector","ascension_level":0}