{"gold_per_floor":[116,130,51,51,68,103,103,28,28,28,46,46,126,126,126,126],"floor_reached":16,"playtime":289,"items_purged":[],"score":181,"play_id":"cfd9e7dd-b4cb-45c9-991c-6a34ea9f4e6a","local_time":"20190205191232","is_ascension_mode":true,"campfire_choices":[{"data":"Bouncing Flask","floor":7,"key":"SMITH"},{"data":"Deadly Poison","floor":10,"key":"SMITH"},{"data":"Crippling Poison","floor":12,"key":"SMITH"},{"data":"1","floor":15,"key":"LIFT"}],"neow_cost":"NONE","seed_source_timestamp":273082375511198,"circlet_count":0,"master_deck":["AscendersBane","Defend_G","Defend_G","Defend_G","Defend_G","Defend_G","Strike_G","Strike_G","Strike_G","Strike_G","Strike_G","Survivor","Neutralize","Flechettes","Deadly Poison+1","Bouncing Flask+1","Dodge and Roll","Riddle With Holes","Caltrops","Crippling Poison+1"],"relics":["Runic Dome","Gremlin Horn","Bag of Preparation","Paper Crane","Girya"],"potions_floor_usage":[6],"damage_taken":[{"damage":1,"enemies":"Cultist","floor":1,"turns":5},{"damage":2,"enemies":"Jaw Worm","floor":2,"turns":3},{"damage":0,"enemies":"Small Slimes","floor":5,"turns":3},{"damage":28,"enemies":"Gremlin Nob","floor":6,"turns":4},{"damage":0,"enemies":"Looter","floor":11,"turns":2},{"damage":41,"enemies":"Slime Boss","floor":16,"turns":5}],"seed_played":"-7989312337091818533","potions_obtained":[{"floor":1,"key":"SmokeBomb"},{"floor":4,"key":"PowerPotion"},{"floor":4,"key":"SneckoOil"},{"floor":5,"key":"FairyPotion"},{"floor":6,"key":"Dexterity Potion"}],"is_trial":false,"path_per_floor":["M","M","$","?","M","E","R","$","T","R","M","R","T","?","R","B"],"character_chosen":"THE_SILENT","items_purchased":["Bouncing Flask","Caltrops"],"campfire_rested":0,"item_purchase_floors":[3,8],"current_hp_per_floor":[58,56,56,56,56,28,28,28,28,28,28,28,28,17,17,0],"gold":126,"neow_bonus":"BOSS_RELIC","is_prod":false,"is_daily":false,"chose_seed":false,"campfire_upgraded":3,"win_rate":0,"timestamp":1549390352,"path_taken":["M","M","$","?","M","E","R","?","T","R","M","R","?","?","R","BOSS"],"build_version":"2019-01-23","purchased_purges":0,"victory":false,"max_hp_per_floor":[66,66,66,66,66,66,66,66,66,66,66,66,66,66,66,66],"card_choices":[{"not_picked":["Bane","Endless Agony"],"picked":"Flechettes","floor":1},{"not_picked":["Prepared","Quick Slash"],"picked":"Deadly Poison","floor":2},{"not_picked":["Backflip","Tactician"],"picked":"Dodge and Roll","floor":5},{"not_picked":["Accuracy","All Out Attack"],"picked":"Riddle With Holes","floor":6},{"not_picked":["Deadly Poison","Poisoned Stab"],"picked":"Crippling Poison","floor":11}],"player_experience":503308,"relics_obtained":[{"floor":6,"key":"Gremlin Horn"},{"floor":9,"key":"Bag of Preparation"},{"floor":13,"key":"Paper Crane"}],"event_choices":[{"damage_healed":0,"gold_gain":0,"player_choice":"Got Potions","damage_taken":0,"max_hp_gain":0,"max_hp_loss":0,"event_name":"Lab","floor":4,"gold_loss":0},{"damage_healed":0,"gold_gain":0,"player_choice":"Success","damage_taken":11,"relics_obtained":["Girya"],"max_hp_gain":0,"max_hp_loss":0,"event_name":"Scrap Ooze","floor":14,"gold_loss":0}],"is_beta":false,"boss_relics":[],"items_purged_floors":[],"is_endless":false,"potions_floor_spawned":[1,5,6],"killed_by":"Slime Boss","ascension_level":17}