{"gold_per_floor":[114,134,134,147,159,159,185,198,198,208,208,208,133,145,145,219,219,235,285,297,2,21,21,48,67,67,92,92,4,4,32,32,106,106,122,122,122,140,140,175,175,187,187,187,197,50,80,100,100,100],"floor_reached":51,"playtime":2450,"items_purged":["Pain"],"score":1374,"play_id":"a8ab66a9-1213-461c-bd17-30a271abae5c","local_time":"20190503192012","is_ascension_mode":true,"campfire_choices":[{"data":"Predator","floor":6.0,"key":"SMITH"},{"data":"Cloak And Dagger","floor":11.0,"key":"SMITH"},{"data":"Dodge and Roll","floor":15.0,"key":"SMITH"},{"data":"After Image","floor":23.0,"key":"SMITH"},{"data":"Backstab","floor":30.0,"key":"SMITH"},{"floor":32.0,"key":"REST"},{"data":"Backstab","floor":41.0,"key":"SMITH"},{"data":"Flying Knee","floor":44,"key":"SMITH"},{"data":"Envenom","floor":49,"key":"SMITH"}],"neow_cost":"NONE","seed_source_timestamp":43736895967965,"circlet_count":0,"master_deck":["AscendersBane","Defend_G","Defend_G","Defend_G","Defend_G","Defend_G","Strike_G","Strike_G","Strike_G","Strike_G","Strike_G","Survivor","Neutralize+1","Predator+1","Slice","Flying Knee+1","Backstab+1","Backstab+1","Cloak And Dagger+1","Dodge and Roll+1","After Image+1","Deflect+1","Phantasmal Killer+1","PiercingWail+1","Bouncing Flask+1","Crippling Poison+1","Dodge and Roll+1","Bullet Time+1","Deflect+1","Backflip+1","Dodge and Roll+1","Blade Dance+1","Envenom+1","Infinite Blades+1","Escape Plan+1"],"special_seed":0,"relics":["Ring of the Snake","Pantograph","Kunai","Meat on the Bone","WarpedTongs","Runic Pyramid","Toxic Egg 2","Bottled Tornado","Art of War","Dream Catcher","Lantern","Cursed Key","Bag of Marbles","Strawberry"],"potions_floor_usage":[50],"damage_taken":[{"damage":0.0,"enemies":"2 Louse","floor":1.0,"turns":4.0},{"damage":2.0,"enemies":"Small Slimes","floor":2.0,"turns":4.0},{"damage":0.0,"enemies":"Cultist","floor":4.0,"turns":3.0},{"damage":0.0,"enemies":"2 Fungi Beasts","floor":5.0,"turns":3.0},{"damage":8.0,"enemies":"Gremlin Nob","floor":7.0,"turns":3.0},{"damage":8.0,"enemies":"Looter","floor":8.0,"turns":2.0},{"damage":6.0,"enemies":"Exordium Wildlife","floor":10.0,"turns":3.0},{"damage":0.0,"enemies":"3 Louse","floor":14.0,"turns":3.0},{"damage":38.0,"enemies":"Slime Boss","floor":16.0,"turns":13.0},{"damage":0.0,"enemies":"Chosen","floor":18.0,"turns":4.0},{"damage":0.0,"enemies":"3 Byrds","floor":20.0,"turns":6.0},{"damage":1.0,"enemies":"Snecko","floor":22.0,"turns":6.0},{"damage":16.0,"enemies":"Slavers","floor":24.0,"turns":6.0},{"damage":0.0,"enemies":"Snake Plant","floor":25.0,"turns":6.0},{"damage":5.0,"enemies":"Book of Stabbing","floor":27.0,"turns":8.0},{"damage":23.0,"enemies":"Slavers","floor":31.0,"turns":10.0},{"damage":5.0,"enemies":"Collector","floor":33.0,"turns":14.0},{"damage":0.0,"enemies":"3 Shapes","floor":35.0,"turns":6.0},{"damage":0.0,"enemies":"3 Darklings","floor":38.0,"turns":5.0},{"damage":11.0,"enemies":"Reptomancer","floor":40.0,"turns":8.0},{"damage":0.0,"enemies":"4 Shapes","floor":42.0,"turns":5.0},{"damage":0,"enemies":"Jaw Worm Horde","floor":45,"turns":4},{"damage":0,"enemies":"Giant Head","floor":47,"turns":8},{"damage":0,"enemies":"Sphere and 2 Shapes","floor":48,"turns":7},{"damage":32,"enemies":"Donu and Deca","floor":50,"turns":13}],"seed_played":"6525693160913104551","potions_obtained":[{"floor":1.0,"key":"Strength Potion"},{"floor":2.0,"key":"Weak Potion"},{"floor":8.0,"key":"Explosive Potion"},{"floor":18.0,"key":"Regen Potion"},{"floor":24.0,"key":"GhostInAJar"},{"floor":33.0,"key":"Fire Potion"},{"floor":40.0,"key":"Strength Potion"}],"is_trial":false,"path_per_floor":["M","M","?","M","M","R","E","M","T","M","R","?","$","M","R","B",null,"M","?","M","$","M","R","E","M","T","E","?","$","R","E","R","B",null,"M","?","?","M","?","E","R","M","T","R","M","$","E","M","R","B",null],"character_chosen":"THE_SILENT","items_purchased":["Toxic Egg 2","Deflect+1","PiercingWail+1","Bouncing Flask+1","Envenom"],"campfire_rested":1,"item_purchase_floors":[21,21,29,29,46],"current_hp_per_floor":[59,57,39,39,39,39,31,23,23,29,29,29,29,41,41,40,60,60,60,60,60,59,59,58,58,58,53,53,53,53,42,61,61,65,65,63,63,63,63,52,52,52,52,52,52,52,59,59,59,38],"gold":100,"neow_bonus":"UPGRADE_CARD","is_prod":false,"is_daily":false,"chose_seed":false,"campfire_upgraded":8,"win_rate":0,"timestamp":1556936412,"path_taken":["M","M","?","M","M","R","E","M","T","M","R","?","$","?","R","BOSS","M","?","M","$","M","R","E","M","T","E","?","?","R","E","R","BOSS","M","?","?","M","?","E","R","M","T","R","M","$","E","M","R","BOSS"],"build_version":"2019-01-23","purchased_purges":1,"victory":true,"max_hp_per_floor":[66,66,66,66,66,66,66,66,66,66,66,66,66,66,66,66,66,66,66,66,66,66,66,66,66,66,66,66,66,66,66,66,66,66,66,63,63,63,63,63,63,63,63,63,63,63,70,70,70,70],"card_choices":[{"not_picked":["Bouncing Flask","Finisher"],"picked":"Predator","floor":1.0},{"not_picked":["Reflex","Prepared"],"picked":"Slice","floor":2.0},{"not_picked":["Deflect","Eviscerate"],"picked":"Flying Knee","floor":4.0},{"not_picked":["Dagger Throw","Skewer"],"picked":"Backstab","floor":5.0},{"not_picked":["Slice","Dodge and Roll"],"picked":"Backstab","floor":7.0},{"not_picked":["Underhanded Strike","Flying Knee","Phantasmal Killer"],"picked":"SKIP","floor":8.0},{"not_picked":["Catalyst","Dodge and Roll"],"picked":"Cloak And Dagger","floor":10.0},{"not_picked":["Dagger Spray","Sucker Punch"],"picked":"Dodge and Roll","floor":14.0},{"not_picked":["Grand Finale","Envenom"],"picked":"After Image","floor":16.0},{"not_picked":["Masterful Stab","Prepared","Poisoned Stab"],"picked":"SKIP","floor":18.0},{"not_picked":["Quick Slash","Dodge and Roll","Reflex"],"picked":"SKIP","floor":20.0},{"not_picked":["Bane","All Out Attack","Underhanded Strike"],"picked":"SKIP","floor":22.0},{"not_picked":["Eviscerate","Dagger Throw"],"picked":"Phantasmal Killer+1","floor":24.0},{"not_picked":["Heel Hook","Dagger Spray","Dagger Throw"],"picked":"SKIP","floor":25.0},{"not_picked":["Sucker Punch","Tools of the Trade"],"picked":"Tactician+1","floor":27.0},{"not_picked":["Backflip+1","Flechettes"],"picked":"Crippling Poison+1","floor":31.0},{"not_picked":["Sucker Punch","Finisher"],"picked":"Dodge and Roll+1","floor":32.0},{"not_picked":["Glass Knife","Die Die Die"],"picked":"Bullet Time+1","floor":33.0},{"not_picked":["Expertise+1","Slice"],"picked":"Deflect+1","floor":35.0},{"not_picked":["Dagger Spray","Outmaneuver+1"],"picked":"Backflip+1","floor":38.0},{"not_picked":["Eviscerate+1","Slice+1","Reflex+1"],"picked":"SKIP","floor":40.0},{"not_picked":["Wraith Form v2","Riddle With Holes"],"picked":"Dodge and Roll+1","floor":42.0},{"not_picked":["Blur+1","Backflip+1"],"picked":"Blade Dance+1","floor":45},{"not_picked":["Eviscerate+1","Noxious Fumes"],"picked":"Infinite Blades+1","floor":47},{"not_picked":["Outmaneuver+1","Noxious Fumes"],"picked":"Escape Plan+1","floor":48}],"player_experience":2543532,"relics_obtained":[{"floor":7.0,"key":"Kunai"},{"floor":9.0,"key":"Meat on the Bone"},{"floor":24.0,"key":"Bottled Tornado"},{"floor":26.0,"key":"Art of War"},{"floor":27.0,"key":"Dream Catcher"},{"floor":31.0,"key":"Lantern"},{"floor":40.0,"key":"Bag of Marbles"},{"floor":47,"key":"Strawberry"}],"event_choices":[{"damage_healed":0.0,"max_hp_gain":0.0,"max_hp_loss":0.0,"gold_gain":0.0,"event_name":"Scrap Ooze","player_choice":"Success","floor":3.0,"gold_loss":0.0,"damage_taken":18.0,"relics_obtained":["Pantograph"]},{"damage_healed":0.0,"max_hp_gain":0.0,"max_hp_loss":0.0,"gold_gain":0.0,"event_name":"Accursed Blacksmith","player_choice":"Rummage","floor":12.0,"gold_loss":0.0,"damage_taken":0.0,"relics_obtained":["WarpedTongs"],"cards_obtained":["Pain"]},{"damage_healed":0.0,"max_hp_gain":0.0,"max_hp_loss":0.0,"gold_gain":50.0,"event_name":"Nest","player_choice":"Stole From Cult","floor":19.0,"gold_loss":0.0,"damage_taken":0.0},{"damage_healed":0.0,"max_hp_gain":0.0,"max_hp_loss":0.0,"gold_gain":0.0,"event_name":"Cursed Tome","player_choice":"Ignored","floor":28.0,"gold_loss":0.0,"damage_taken":0.0},{"damage_healed":0.0,"max_hp_gain":0.0,"max_hp_loss":3.0,"gold_gain":0.0,"event_name":"Winding Halls","player_choice":"Max HP","floor":36.0,"gold_loss":0.0,"damage_taken":0.0},{"damage_healed":0.0,"max_hp_gain":0.0,"max_hp_loss":0.0,"gold_gain":0.0,"event_name":"Tomb of Lord Red Mask","player_choice":"Ignored","floor":37.0,"gold_loss":0.0,"damage_taken":0.0},{"cards_removed":["Tactician"],"damage_healed":0.0,"max_hp_gain":0.0,"max_hp_loss":0.0,"gold_gain":0.0,"event_name":"Falling","player_choice":"Removed Skill","floor":39.0,"gold_loss":0.0,"damage_taken":0.0}],"is_beta":false,"boss_relics":[{"not_picked":["Lizard Tail","HoveringKite"],"picked":"Runic Pyramid"},{"not_picked":["Runic Dome","Eternal Feather"],"picked":"Cursed Key"}],"items_purged_floors":[13],"is_endless":false,"potions_floor_spawned":[1,2,8,14,16,18,24,33,35,38,40,48],"ascension_level":15}