{"gold_per_floor":[118,118,138,168,15,58,78,78,148,148,192,192,216,229,229,229],"floor_reached":16,"playtime":330,"items_purged":["Regret"],"score":236,"play_id":"39e3aad6-853b-4f28-a777-284a34609272","local_time":"20190317172253","is_ascension_mode":true,"campfire_choices":[{"data":"Perfected Strike","floor":8,"key":"SMITH"},{"data":"Whirlwind","floor":15,"key":"SMITH"}],"neow_cost":"NONE","seed_source_timestamp":7894857530300,"circlet_count":0,"master_deck":["AscendersBane","Strike_R","Strike_R","Strike_R","Strike_R","Strike_R","Defend_R","Defend_R","Defend_R","Defend_R","Bash","Perfected Strike+1","Rupture","Inflame","Whirlwind+1"],"relics":["Burning Blood","NeowsBlessing","Golden Idol","Tiny Chest","Champion Belt","Pear","Mercury Hourglass","Potion Belt"],"potions_floor_usage":[14,16],"damage_taken":[{"damage":0,"enemies":"Jaw Worm","floor":1,"turns":1},{"damage":0,"enemies":"2 Louse","floor":3,"turns":1},{"damage":0,"enemies":"Lagavulin","floor":6,"turns":1},{"damage":0,"enemies":"Small Slimes","floor":7,"turns":3},{"damage":15,"enemies":"3 Sentries","floor":11,"turns":6},{"damage":7,"enemies":"Looter","floor":13,"turns":3},{"damage":14,"enemies":"3 Louse","floor":14,"turns":2},{"damage":56,"enemies":"Hexaghost","floor":16,"turns":9}],"seed_played":"-4844619822615989255","potions_obtained":[{"floor":3,"key":"BloodPotion"},{"floor":13,"key":"Fruit Juice"}],"is_trial":false,"path_per_floor":["M","?","M","?","$","E","M","R","T","?","E","T","M","M","R","B"],"character_chosen":"IRONCLAD","items_purchased":["Rupture"],"campfire_rested":0,"item_purchase_floors":[5],"current_hp_per_floor":[74,48,54,54,54,60,66,66,76,58,49,49,48,45,45,0],"gold":229,"neow_bonus":"THREE_ENEMY_KILL","is_prod":false,"is_daily":false,"chose_seed":false,"campfire_upgraded":2,"win_rate":0,"timestamp":1552814573,"path_taken":["M","?","M","?","$","E","M","R","T","?","E","?","M","M","R","BOSS"],"build_version":"2019-01-23","purchased_purges":1,"victory":false,"max_hp_per_floor":[75,75,75,75,75,75,75,75,85,85,85,85,85,90,90,90],"card_choices":[{"not_picked":["Wild Strike","Twin Strike"],"picked":"Perfected Strike","floor":1},{"not_picked":["Anger","Spot Weakness","Searing Blow"],"picked":"SKIP","floor":3},{"not_picked":["Bloodletting","Intimidate"],"picked":"Inflame","floor":6},{"not_picked":["Anger","Carnage","Headbutt"],"picked":"SKIP","floor":7},{"not_picked":["Power Through","Clash"],"picked":"Whirlwind","floor":11},{"not_picked":["Thunderclap","Shrug It Off","Rage"],"picked":"SKIP","floor":13},{"not_picked":["Anger","Heavy Blade","Iron Wave"],"picked":"SKIP","floor":14}],"player_experience":2848945,"relics_obtained":[{"floor":6,"key":"Champion Belt"},{"floor":9,"key":"Pear"},{"floor":11,"key":"Potion Belt"}],"event_choices":[{"damage_healed":0,"gold_gain":0,"player_choice":"Take Damage","damage_taken":26,"relics_obtained":["Golden Idol"],"max_hp_gain":0,"max_hp_loss":0,"event_name":"Golden Idol","floor":2,"gold_loss":0},{"damage_healed":0,"gold_gain":0,"player_choice":"Box","damage_taken":0,"relics_obtained":["Tiny Chest"],"max_hp_gain":0,"max_hp_loss":0,"event_name":"Big Fish","floor":4,"gold_loss":0,"cards_obtained":["Regret"]},{"damage_healed":0,"gold_gain":0,"player_choice":"Success","damage_taken":18,"relics_obtained":["Mercury Hourglass"],"max_hp_gain":0,"max_hp_loss":0,"event_name":"Scrap Ooze","floor":10,"gold_loss":0}],"is_beta":false,"boss_relics":[],"items_purged_floors":[5],"is_endless":false,"potions_floor_spawned":[3,13],"killed_by":"Hexaghost","ascension_level":15}