{"gold_per_floor":[212,223,223,241,65,65,100,100,155,155,174,174,200,227,227,324,324,340,360,360,372,387,387,403,403,482,482,494,494,107,127,127,222,222,238,256,256,267,267,267,285,285,285,313,313,329,429,77,77,77],"floor_reached":51,"playtime":2845,"items_purged":["Strike_R","Strike_R"],"score":787,"play_id":"38b8b1c7-9829-4ad1-a199-115901768ff7","local_time":"20190208052539","is_ascension_mode":false,"campfire_choices":[{"data":"Bash","floor":6.0,"key":"SMITH"},{"floor":8.0,"key":"DIG"},{"floor":10.0,"key":"DIG"},{"floor":12.0,"key":"DIG"},{"floor":15.0,"key":"DIG"},{"data":"True Grit","floor":23.0,"key":"SMITH"},{"data":"Armaments","floor":25.0,"key":"SMITH"},{"floor":27.0,"key":"DIG"},{"floor":29.0,"key":"DIG"},{"floor":32.0,"key":"REST"},{"floor":40.0,"key":"REST"},{"floor":42,"key":"DIG"},{"floor":45,"key":"REST"},{"floor":49,"key":"REST"}],"neow_cost":"NONE","seed_source_timestamp":0,"circlet_count":0,"master_deck":["Defend_R","Defend_R","Defend_R","Defend_R","Bash+1","Sword Boomerang","Twin Strike","True Grit","Cleave","Clash+1","Twin Strike+1","Armaments+1","True Grit+1","Clash+1","Twin Strike+1","Armaments","Clash+1","Anger+1","Clothesline+1","Iron Wave+1","Madness","Madness","Clash+1","Iron Wave+1"],"special_seed":0,"relics":["Burning Blood","Anchor","Lantern","Shovel","Molten Egg 2","Tiny Chest","Art of War","Bronze Scales","Red Skull","Kunai","Pear","Runic Pyramid","Matryoshka","Regal Pillow","Bag of Preparation","StoneCalendar","Empty Cage","Question Card","Strawberry","Incense Burner","Darkstone Periapt","Ancient Tea Set"],"potions_floor_usage":[44,44,46],"damage_taken":[{"damage":5.0,"enemies":"Jaw Worm","floor":1.0,"turns":4.0},{"damage":0.0,"enemies":"Small Slimes","floor":2.0,"turns":4.0},{"damage":6.0,"enemies":"Cultist","floor":4.0,"turns":3.0},{"damage":27.0,"enemies":"3 Sentries","floor":7.0,"turns":7.0},{"damage":0.0,"enemies":"Large Slime","floor":11.0,"turns":5.0},{"damage":0.0,"enemies":"Gremlin Nob","floor":14.0,"turns":2.0},{"damage":31.0,"enemies":"Hexaghost","floor":16.0,"turns":9.0},{"damage":0.0,"enemies":"Chosen","floor":18.0,"turns":3.0},{"damage":4.0,"enemies":"2 Thieves","floor":19.0,"turns":4.0},{"damage":49.0,"enemies":"Snecko","floor":21.0,"turns":8.0},{"damage":10.0,"enemies":"3 Cultists","floor":22.0,"turns":5.0},{"damage":4.0,"enemies":"Centurion and Healer","floor":24.0,"turns":5.0},{"damage":13.0,"enemies":"Cultist and Chosen","floor":28.0,"turns":6.0},{"damage":0.0,"enemies":"Snecko","floor":31.0,"turns":4.0},{"damage":79.0,"enemies":"Automaton","floor":33.0,"turns":11.0},{"damage":46.0,"enemies":"3 Darklings","floor":35.0,"turns":7.0},{"damage":13.0,"enemies":"3 Shapes","floor":36.0,"turns":7.0},{"damage":8.0,"enemies":"Writhing Mass","floor":38.0,"turns":6.0},{"damage":8.0,"enemies":"Sphere and 2 Shapes","floor":41.0,"turns":5.0},{"damage":78,"enemies":"Reptomancer","floor":44,"turns":8},{"damage":0,"enemies":"Spire Growth","floor":46,"turns":4},{"damage":62,"enemies":"Time Eater","floor":50,"turns":14}],"seed_played":"2571915649546532561","potions_obtained":[{"floor":11.0,"key":"SteroidPotion"},{"floor":18.0,"key":"SpeedPotion"},{"floor":24.0,"key":"Strength Potion"},{"floor":31.0,"key":"Regen Potion"},{"floor":33.0,"key":"EssenceOfSteel"},{"floor":36.0,"key":"SpeedPotion"},{"floor":38.0,"key":"Block Potion"},{"floor":41.0,"key":"Block Potion"}],"is_trial":false,"path_per_floor":["M","M","?","M","$","R","E","R","T","R","M","R","T","E","R","B",null,"M","M","?","M","M","R","M","R","T","R","M","R","$","M","R","B",null,"M","M","?","M","?","R","M","R","T","E","R","M","?","$","R","B",null],"character_chosen":"IRONCLAD","items_purchased":["Cleave","Lantern","StoneCalendar","Clash+1","Ancient Tea Set","AttackPotion","SpeedPotion"],"campfire_rested":4,"item_purchase_floors":[5,5,30,30,48,48,48],"current_hp_per_floor":[80,80,47,47,47,47,26,26,26,26,32,32,32,38,48,23,90,90,90,90,47,43,43,45,45,45,45,38,38,38,44,86,13,90,50,43,43,41,30,72,70,70,77,20,64,70,70,70,97,41],"gold":77,"neow_bonus":"HUNDRED_GOLD","is_prod":false,"is_daily":false,"chose_seed":false,"campfire_upgraded":3,"win_rate":0,"timestamp":1549599939,"path_taken":["M","M","?","M","$","R","E","R","T","R","M","R","?","E","R","BOSS","M","M","?","M","?","R","M","R","T","R","M","R","$","M","R","BOSS","M","M","?","M","?","R","M","R","T","E","R","M","?","$","R","BOSS"],"build_version":"2019-01-23","purchased_purges":2,"victory":true,"max_hp_per_floor":[80,80,80,80,80,80,80,80,80,80,80,80,80,80,90,90,90,90,90,90,90,90,90,90,90,90,90,90,90,90,90,90,90,90,90,90,90,90,90,90,90,90,97,97,97,97,97,97,97,97],"card_choices":[{"not_picked":["Havoc","Dropkick"],"picked":"Sword Boomerang","floor":1.0},{"not_picked":["Battle Trance","Bloodletting"],"picked":"Twin Strike","floor":2.0},{"not_picked":["Whirlwind","Headbutt"],"picked":"True Grit","floor":4.0},{"not_picked":["Evolve","Intimidate","Fiend Fire"],"picked":"SKIP","floor":7.0},{"not_picked":["Dropkick+1","Cleave+1"],"picked":"Clash+1","floor":11.0},{"not_picked":["Searing Blow+1","Disarm"],"picked":"Twin Strike+1","floor":14.0},{"not_picked":["Havoc","Corruption"],"picked":"Armaments","floor":18.0},{"not_picked":["Intimidate","Clothesline+1"],"picked":"True Grit","floor":19.0},{"not_picked":["Metallicize+1","Carnage+1"],"picked":"Clash+1","floor":21.0},{"not_picked":["Corruption","Clothesline+1"],"picked":"Twin Strike+1","floor":22.0},{"not_picked":["Battle Trance+1","Wild Strike+1"],"picked":"Armaments","floor":24.0},{"not_picked":["Pommel Strike+1","Clothesline+1","Evolve"],"picked":"SKIP","floor":28.0},{"not_picked":["Limit Break","Cleave+1"],"picked":"Anger+1","floor":31.0},{"not_picked":["Combust","Wild Strike+1"],"picked":"Clothesline+1","floor":35.0},{"not_picked":["Ghostly Armor+1","Sword Boomerang+1"],"picked":"Iron Wave+1","floor":36.0},{"not_picked":["Warcry","Clothesline+1","Heavy Blade+1"],"picked":"SKIP","floor":38.0},{"not_picked":["Feel No Pain","Perfected Strike+1"],"picked":"Clash+1","floor":41.0},{"not_picked":["Feel No Pain","Exhume","Rupture+1","Sever Soul+1"],"picked":"SKIP","floor":44},{"not_picked":["True Grit","Perfected Strike+1","Hemokinesis+1"],"picked":"Iron Wave+1","floor":46}],"player_experience":544178,"relics_obtained":[{"floor":7.0,"key":"Shovel"},{"floor":8.0,"key":"Molten Egg 2"},{"floor":9.0,"key":"Tiny Chest"},{"floor":10.0,"key":"Art of War"},{"floor":12.0,"key":"Bronze Scales"},{"floor":13.0,"key":"Red Skull"},{"floor":14.0,"key":"Kunai"},{"floor":15.0,"key":"Pear"},{"floor":26.0,"key":"Matryoshka"},{"floor":27.0,"key":"Regal Pillow"},{"floor":29.0,"key":"Bag of Preparation"},{"floor":42,"key":"Question Card"},{"floor":43,"key":"Strawberry"},{"floor":43,"key":"Incense Burner"},{"floor":44,"key":"Darkstone Periapt"}],"event_choices":[{"damage_healed":0.0,"max_hp_gain":0.0,"max_hp_loss":0.0,"gold_gain":0.0,"event_name":"Scrap Ooze","player_choice":"Success","floor":3.0,"gold_loss":0.0,"damage_taken":33.0,"relics_obtained":["Anchor"]},{"cards_removed":["Strike_R"],"damage_healed":0.0,"max_hp_gain":0.0,"max_hp_loss":0.0,"gold_gain":0.0,"event_name":"Purifier","player_choice":"Purged","floor":20.0,"gold_loss":0.0,"damage_taken":0.0},{"damage_healed":0.0,"max_hp_gain":0.0,"max_hp_loss":0.0,"gold_gain":0.0,"event_name":"Tomb of Lord Red Mask","player_choice":"Ignored","floor":37.0,"gold_loss":0.0,"damage_taken":0.0},{"damage_healed":0.0,"max_hp_gain":0.0,"max_hp_loss":0.0,"gold_gain":0.0,"event_name":"Winding Halls","player_choice":"Embrace Madness","floor":39.0,"gold_loss":0.0,"damage_taken":11.0,"cards_obtained":["Madness","Madness"]},{"damage_healed":0,"gold_gain":100,"player_choice":"Pray","damage_taken":0,"max_hp_gain":0,"max_hp_loss":0,"event_name":"Golden Shrine","floor":47,"gold_loss":0}],"is_beta":false,"boss_relics":[{"not_picked":["Tiny House","Snecko Eye"],"picked":"Runic Pyramid"},{"not_picked":["Fusion Hammer","Lizard Tail"],"picked":"Empty Cage"}],"items_purged_floors":[30,48],"is_endless":false,"potions_floor_spawned":[11,18,24,31,33,36,38,41],"ascension_level":0}