{"gold_per_floor":[112,127,127,52,68,111,111,152,152,99,99,114,114,154,154,250,250,274,244,159,177,195,195,235,260,260,294,219,219,169,193,193,193],"floor_reached":33,"playtime":1315,"items_purged":["Injury"],"score":576,"play_id":"ea389bb2-9e6a-4835-a4ba-f88f223aaeea","local_time":"20180906105729","is_ascension_mode":true,"campfire_choices":[{"data":"Immolate","floor":7.0,"key":"SMITH"},{"floor":11.0,"key":"REST"},{"data":"True Grit","floor":15.0,"key":"SMITH"},{"data":"Intimidate","floor":23.0,"key":"SMITH"},{"floor":29,"key":"REST"},{"data":"Blood for Blood","floor":32,"key":"SMITH"}],"neow_cost":"PERCENT_DAMAGE","seed_source_timestamp":785342075302,"circlet_count":0,"master_deck":["Strike_R","Strike_R","Strike_R","Strike_R","Defend_R","Defend_R","Defend_R","Defend_R","Bash","AscendersBane","Immolate+1","Disarm","Thunderclap","True Grit+1","Headbutt","Shrug It Off","Battle Trance","Anger","Feed","Intimidate+1","Blood for Blood+1","Burning Pact","True Grit","Dark Embrace+1","Warcry"],"special_seed":0,"relics":["Burning Blood","Golden Idol","Boot","Ornamental Fan","Ancient Tea Set","FaceOfCleric","Orichalcum","Eternal Feather","Meat on the Bone","Centennial Puzzle","Smiling Mask","Mummified Hand"],"potions_floor_usage":[24,27,33],"damage_taken":[{"damage":0.0,"enemies":"2 Louse","floor":1.0,"turns":1.0},{"damage":7.0,"enemies":"Jaw Worm","floor":2.0,"turns":3.0},{"damage":0.0,"enemies":"Small Slimes","floor":5.0,"turns":2.0},{"damage":5.0,"enemies":"3 Sentries","floor":6.0,"turns":4.0},{"damage":32.0,"enemies":"Gremlin Nob","floor":8.0,"turns":4.0},{"damage":4.0,"enemies":"Red Slaver","floor":12.0,"turns":2.0},{"damage":31.0,"enemies":"Lagavulin","floor":14.0,"turns":8.0},{"damage":2.0,"enemies":"Slime Boss","floor":16.0,"turns":6.0},{"damage":22.0,"enemies":"2 Thieves","floor":18.0,"turns":4.0},{"damage":21.0,"enemies":"Spheric Guardian","floor":21.0,"turns":4.0},{"damage":38.0,"enemies":"Shelled Parasite and Fungi","floor":22.0,"turns":6.0},{"damage":25,"enemies":"Slavers","floor":24,"turns":5},{"damage":29,"enemies":"Centurion and Healer","floor":25,"turns":9},{"damage":56,"enemies":"Gremlin Leader","floor":27,"turns":10},{"damage":31,"enemies":"Sentry and Sphere","floor":31,"turns":6},{"damage":77,"enemies":"Collector","floor":33,"turns":6}],"seed_played":"3315228264847175761","potions_obtained":[{"floor":1.0,"key":"SkillPotion"},{"floor":5.0,"key":"Weak Potion"},{"floor":12.0,"key":"BloodPotion"},{"floor":19.0,"key":"Energy Potion"},{"floor":25,"key":"Regen Potion"},{"floor":31,"key":"BloodPotion"}],"is_trial":false,"path_per_floor":["M","M","?","$","M","E","R","E","T","$","R","M","?","E","R","B",null,"M","?","?","M","M","R","E","M","T","E","?","R","?","M","R"],"character_chosen":"IRONCLAD","items_purchased":["Shrug It Off"],"campfire_rested":2,"item_purchase_floors":[10],"current_hp_per_floor":[56,55,55,55,61,62,62,36,36,36,58,60,60,36,36,41,68,53,53,53,54,43,55,52,42,42,20,20,58,58,46,61,0],"gold":193,"neow_bonus":"THREE_RARE_CARDS","is_prod":false,"is_daily":false,"chose_seed":false,"campfire_upgraded":4,"win_rate":0,"timestamp":1536256649,"path_taken":["M","M","?","?","M","E","R","E","T","$","R","M","?","E","R","BOSS","M","?","?","?","M","R","E","M","T","E","?","R","?","M","R","BOSS"],"build_version":"2018-08-30","purchased_purges":1,"victory":false,"max_hp_per_floor":[75,75,75,75,75,75,75,75,75,75,75,75,75,76,76,77,77,78,78,78,82,83,83,87,88,88,89,89,89,89,90,90,90],"card_choices":[{"not_picked":["Offering","Berserk"],"picked":"Immolate","floor":0.0},{"not_picked":["Clash","Clothesline"],"picked":"Disarm","floor":1.0},{"not_picked":["Warcry","Cleave"],"picked":"Thunderclap","floor":2.0},{"not_picked":["Perfected Strike","Clash"],"picked":"True Grit","floor":5.0},{"not_picked":["Disarm","Clothesline","Perfected Strike"],"picked":"SKIP","floor":6.0},{"not_picked":["Brutality","Reckless Charge"],"picked":"Headbutt","floor":8.0},{"not_picked":["Fire Breathing","Heavy Blade"],"picked":"Battle Trance","floor":12.0},{"not_picked":["Carnage","Havoc"],"picked":"Anger","floor":14.0},{"not_picked":["Berserk","Barricade"],"picked":"Feed","floor":16.0},{"not_picked":["Thunderclap","Anger","Iron Wave"],"picked":"SKIP","floor":18.0},{"not_picked":["Warcry","Iron Wave"],"picked":"Intimidate","floor":21.0},{"not_picked":["Wild Strike","Brutality"],"picked":"Blood for Blood","floor":22.0},{"not_picked":["Warcry","Battle Trance"],"picked":"Burning Pact","floor":24},{"not_picked":["Seeing Red","Rampage"],"picked":"True Grit","floor":25},{"not_picked":["Flex+1","Wild Strike"],"picked":"Dark Embrace","floor":27},{"not_picked":["Anger","Havoc"],"picked":"Warcry","floor":31}],"player_experience":1075321,"relics_obtained":[{"floor":6.0,"key":"Boot"},{"floor":8.0,"key":"Ornamental Fan"},{"floor":9.0,"key":"Ancient Tea Set"},{"floor":14.0,"key":"Orichalcum"},{"floor":24,"key":"Centennial Puzzle"},{"floor":26,"key":"Smiling Mask"},{"floor":27,"key":"Mummified Hand"}],"event_choices":[{"event_name":"Golden Idol","player_choice":"Take Wound","floor":3.0,"damage_taken":0.0},{"event_name":"FaceTrader","player_choice":"Trade","floor":13.0,"damage_taken":0.0},{"event_name":"The Woman in Blue","player_choice":"Bought 2 Potions","floor":19.0,"damage_taken":0.0},{"event_name":"Addict","player_choice":"Obtained Relic","floor":20.0,"damage_taken":0.0},{"event_name":"Beggar","player_choice":"Gave Gold","floor":28,"damage_taken":0},{"event_name":"Designer","player_choice":"Upgrade Card","floor":30,"damage_taken":0}],"is_beta":false,"boss_relics":[{"not_picked":["Coffee Dripper","Orrery"],"picked":"Eternal Feather"}],"items_purged_floors":[4],"is_endless":false,"potions_floor_spawned":[1,5,12,21,25,31],"killed_by":"Collector","ascension_level":18}