{"gold_per_floor":[11,22,35,35,35,60,60,71,71,100,115,148,148,165,165,266,266,282,300,311,90,106,106,125,138,138,148,148,62,118,30,30,30],"floor_reached":33,"playtime":1403,"items_purged":["Strike_R"],"score":291,"play_id":"a7fb25ed-1590-4443-a8fd-ddd284d0f449","local_time":"25611124171217","is_ascension_mode":false,"campfire_choices":[{"data":"Bash","floor":7.0,"key":"SMITH"},{"data":"Dark Embrace","floor":13.0,"key":"SMITH"},{"floor":15.0,"key":"REST"},{"floor":23.0,"key":"REST"},{"floor":32,"key":"REST"}],"neow_cost":"NO_GOLD","seed_source_timestamp":23295862275729,"circlet_count":0,"master_deck":["Strike_R","Strike_R+1","Strike_R","Strike_R","Defend_R","Defend_R","Defend_R","Defend_R","Bash+1","Dark Embrace+1","Pommel Strike","Shockwave+1","Feel No Pain","Sever Soul+1","Wild Strike","Armaments","Shrug It Off","Impervious","Berserk","Wild Strike+1","Body Slam","True Grit+1","Feel No Pain","Evolve","Body Slam+1","Shrug It Off","Intimidate","Flex+1","Enlightenment","Immolate","Panacea"],"special_seed":0,"relics":["Burning Blood","Nunchaku","Bottled Tornado","Bottled Lightning","Prayer Wheel","Whetstone","Mark of Pain","Happy Flower","Enchiridion","Tiny Chest"],"potions_floor_usage":[25,27,30],"damage_taken":[{"damage":8.0,"enemies":"Cultist","floor":1.0,"turns":5.0},{"damage":0.0,"enemies":"Small Slimes","floor":2.0,"turns":3.0},{"damage":6.0,"enemies":"Jaw Worm","floor":3.0,"turns":3.0},{"damage":28.0,"enemies":"Gremlin Nob","floor":6.0,"turns":5.0},{"damage":4.0,"enemies":"Blue Slaver","floor":8.0,"turns":3.0},{"damage":12.0,"enemies":"3 Sentries","floor":10.0,"turns":7.0},{"damage":13.0,"enemies":"Lots of Slimes","floor":11.0,"turns":5.0},{"damage":8.0,"enemies":"Gremlin Nob","floor":12.0,"turns":4.0},{"damage":15.0,"enemies":"Gremlin Gang","floor":14.0,"turns":4.0},{"damage":22.0,"enemies":"Hexaghost","floor":16.0,"turns":9.0},{"damage":23.0,"enemies":"2 Thieves","floor":18.0,"turns":4.0},{"damage":20.0,"enemies":"Spheric Guardian","floor":19.0,"turns":6.0},{"damage":15.0,"enemies":"Cultist and Chosen","floor":20.0,"turns":6.0},{"damage":13.0,"enemies":"Centurion and Healer","floor":22.0,"turns":6.0},{"damage":6,"enemies":"Chosen and Byrds","floor":24,"turns":6},{"damage":21,"enemies":"Snake Plant","floor":25,"turns":3},{"damage":0,"enemies":"Cultist and Chosen","floor":27,"turns":6},{"damage":15,"enemies":"Slavers","floor":30,"turns":4},{"damage":60,"enemies":"Champ","floor":33,"turns":10}],"seed_played":"-5387600704299553124","potions_obtained":[{"floor":2.0,"key":"Dexterity Potion"},{"floor":3.0,"key":"BloodPotion"},{"floor":8.0,"key":"Explosive Potion"},{"floor":11.0,"key":"Fire Potion"},{"floor":12.0,"key":"LiquidBronze"},{"floor":19.0,"key":"EssenceOfSteel"},{"floor":25,"key":"AttackPotion"},{"floor":27,"key":"SteroidPotion"}],"is_trial":false,"path_per_floor":["M","M","M","?","?","E","R","M","T","E","M","E","R","M","R","B",null,"M","M","M","$","M","R","M","M","T","M","?","$","E","$","R","B"],"character_chosen":"IRONCLAD","items_purchased":["Happy Flower","Enlightenment","Panacea"],"campfire_rested":3,"item_purchase_floors":[21,29,31],"current_hp_per_floor":[78,80,80,68,68,46,46,48,48,42,43,41,41,32,56,40,80,63,49,40,40,33,57,57,42,42,48,32,32,23,23,47,0],"gold":30,"neow_bonus":"THREE_RARE_CARDS","is_prod":false,"is_daily":false,"chose_seed":false,"campfire_upgraded":2,"win_rate":0,"timestamp":1543054337,"path_taken":["M","M","M","?","?","E","R","M","T","E","M","E","R","M","R","BOSS","M","M","M","$","M","R","M","M","T","M","?","$","E","$","R","BOSS"],"build_version":"2018-11-15","purchased_purges":1,"victory":false,"max_hp_per_floor":[80,80,80,80,80,80,80,80,80,80,80,80,80,80,80,80,80,80,80,80,80,80,80,80,80,80,80,80,80,80,80,80,80],"card_choices":[{"not_picked":["Exhume","Barricade"],"picked":"Dark Embrace","floor":0.0},{"not_picked":["Thunderclap","Inflame"],"picked":"Pommel Strike","floor":1.0},{"not_picked":["Havoc","Clash"],"picked":"Shockwave","floor":2.0},{"not_picked":["Heavy Blade","Rampage"],"picked":"Feel No Pain","floor":3.0},{"not_picked":["Seeing Red","Disarm","Thunderclap"],"picked":"SKIP","floor":6.0},{"not_picked":["Sword Boomerang","Fire Breathing"],"picked":"Sever Soul","floor":8.0},{"not_picked":["Infernal Blade","Feel No Pain"],"picked":"Wild Strike","floor":10.0},{"not_picked":["Hemokinesis","Warcry"],"picked":"Armaments","floor":11.0},{"not_picked":["Thunderclap","Pommel Strike","Dropkick"],"picked":"SKIP","floor":11.0},{"not_picked":["Flame Barrier","Headbutt"],"picked":"Shrug It Off","floor":12.0},{"not_picked":["Uppercut","Iron Wave"],"picked":"Impervious","floor":14.0},{"not_picked":["Warcry","Rupture","Clash"],"picked":"SKIP","floor":14.0},{"not_picked":["Double Tap","Brutality"],"picked":"Berserk","floor":16.0},{"not_picked":["Havoc+1","Heavy Blade"],"picked":"Wild Strike+1","floor":18.0},{"not_picked":["Dual Wield","Sever Soul"],"picked":"Body Slam","floor":18.0},{"not_picked":["Iron Wave","Pommel Strike"],"picked":"True Grit+1","floor":19.0},{"not_picked":["Perfected Strike","Iron Wave","Cleave"],"picked":"SKIP","floor":19.0},{"not_picked":["Reaper","Battle Trance"],"picked":"Feel No Pain","floor":20.0},{"not_picked":["Pommel Strike","Perfected Strike+1"],"picked":"Evolve","floor":20.0},{"not_picked":["Headbutt+1","Pommel Strike"],"picked":"Body Slam+1","floor":22.0},{"not_picked":["Havoc","True Grit","Uppercut"],"picked":"SKIP","floor":22.0},{"not_picked":["Rampage","Cleave"],"picked":"Shrug It Off","floor":24},{"not_picked":["Thunderclap","Shrug It Off"],"picked":"Intimidate","floor":24},{"not_picked":["Clash","Feel No Pain+1","Cleave"],"picked":"SKIP","floor":25},{"not_picked":["Cleave+1","Demon Form","Body Slam"],"picked":"SKIP","floor":25},{"not_picked":["Pommel Strike","Wild Strike"],"picked":"Flex+1","floor":27},{"not_picked":["Body Slam","Clash+1","Wild Strike"],"picked":"SKIP","floor":27},{"not_picked":["Feed","Searing Blow"],"picked":"Immolate","floor":30}],"player_experience":180413,"relics_obtained":[{"floor":6.0,"key":"Bottled Tornado"},{"floor":9.0,"key":"Bottled Lightning"},{"floor":10.0,"key":"Prayer Wheel"},{"floor":12.0,"key":"Whetstone"},{"floor":28,"key":"Enchiridion"},{"floor":30,"key":"Tiny Chest"}],"event_choices":[{"damage_healed":0.0,"max_hp_gain":0.0,"max_hp_loss":0.0,"gold_gain":0.0,"event_name":"Scrap Ooze","player_choice":"Success","floor":4.0,"gold_loss":0.0,"damage_taken":12.0,"relics_obtained":["Nunchaku"]},{"damage_healed":0.0,"max_hp_gain":0.0,"max_hp_loss":0.0,"gold_gain":0.0,"event_name":"Living Wall","player_choice":"Grow","floor":5.0,"gold_loss":0.0,"damage_taken":0.0,"cards_upgraded":["Shockwave"]},{"damage_healed":0,"gold_gain":0,"player_choice":"Obtained Book","damage_taken":16,"max_hp_gain":0,"max_hp_loss":0,"event_name":"Cursed Tome","floor":28,"gold_loss":0}],"is_beta":false,"boss_relics":[{"not_picked":["Tiny House","Calling Bell"],"picked":"Mark of Pain"}],"items_purged_floors":[21],"is_endless":false,"potions_floor_spawned":[2,3,8,11,12,19,25,27],"killed_by":"Champ","ascension_level":0}