{"gold_per_floor":[117,117,136,61,61,92,111,111,111,89,89,89,101,112,112,112],"floor_reached":16,"playtime":1016,"items_purged":["Strike_B"],"score":100,"play_id":"e583db71-1ff7-4943-8e82-52af2948a979","local_time":"20181001221505","is_ascension_mode":false,"campfire_choices":[{"data":"Redo","floor":8,"key":"SMITH"},{"data":"Cold Snap","floor":11,"key":"SMITH"},{"data":"Zap","floor":15,"key":"SMITH"}],"neow_cost":"NONE","seed_source_timestamp":22004007335327,"circlet_count":0,"master_deck":["Strike_B","Strike_B+1","Strike_B+1","Defend_B","Defend_B","Defend_B+1","Defend_B","Zap+1","Dualcast+1","Rebound","Redo+1","Sweeping Beam","Cold Snap+1","Loop","Cold Snap"],"relics":["Coffee Dripper","Kunai","Whetstone"],"potions_floor_usage":[6,16,16],"damage_taken":[{"damage":1,"enemies":"Jaw Worm","floor":1,"turns":3},{"damage":2,"enemies":"Small Slimes","floor":3,"turns":3},{"damage":33,"enemies":"Lagavulin","floor":6,"turns":5},{"damage":6,"enemies":"Cultist","floor":7,"turns":3},{"damage":3,"enemies":"3 Louse","floor":13,"turns":3},{"damage":5,"enemies":"2 Fungi Beasts","floor":14,"turns":4},{"damage":16,"enemies":"The Guardian","floor":16,"turns":7}],"seed_played":"-3906312396519997366","potions_obtained":[{"floor":3,"key":"LiquidBronze"},{"floor":13,"key":"AttackPotion"},{"floor":14,"key":"SkillPotion"}],"is_trial":false,"path_per_floor":["M","?","M","$","?","E","M","R","T","$","R","?","M","M","R"],"character_chosen":"DEFECT","items_purchased":["Cold Snap"],"campfire_rested":0,"item_purchase_floors":[10],"current_hp_per_floor":[74,59,57,57,57,24,18,18,18,18,18,18,15,10,10,0],"gold":112,"neow_bonus":"BOSS_RELIC","is_prod":false,"is_daily":false,"chose_seed":false,"campfire_upgraded":3,"win_rate":0.0,"timestamp":1538446505,"path_taken":["M","?","M","?","?","E","M","R","T","$","R","?","M","?","R","BOSS"],"build_version":"2018-09-27","purchased_purges":1,"victory":false,"max_hp_per_floor":[75,75,75,75,75,75,75,75,75,75,75,75,75,75,75,75],"card_choices":[{"not_picked":["Stack","Defragment"],"picked":"Rebound","floor":1},{"not_picked":["Compile Driver","Scrape"],"picked":"Redo","floor":3},{"not_picked":["Reinforced Body","Tempest"],"picked":"Sweeping Beam","floor":6},{"not_picked":["Beam Cell","Go for the Eyes","Amplify"],"picked":"SKIP","floor":7},{"not_picked":["Beam Cell","Auto Shields"],"picked":"Loop","floor":13},{"not_picked":["Rebound","Sweeping Beam"],"picked":"Cold Snap","floor":14}],"player_experience":19695,"relics_obtained":[{"floor":6,"key":"Kunai"},{"floor":9,"key":"Whetstone"}],"event_choices":[{"event_name":"Shining Light","player_choice":"Entered Light","floor":2,"damage_taken":0},{"event_name":"The Cleric","player_choice":"Leave","floor":5,"damage_taken":0},{"event_name":"Golden Idol","player_choice":"Ignored","floor":12,"damage_taken":0}],"is_beta":false,"boss_relics":[],"items_purged_floors":[4],"is_endless":false,"potions_floor_spawned":[3,13,14],"killed_by":"The Guardian","ascension_level":0}