{"gold_per_floor":[113,125,135,118,118,146,163,182,182,216,230,256,14,27,27,27],"floor_reached":16,"playtime":1942,"items_purged":[],"score":157,"play_id":"12a6be4f-839b-4fa9-a5e6-4467b5640aa3","local_time":"20190509183345","is_ascension_mode":true,"campfire_choices":[{"floor":15,"key":"REST"}],"neow_cost":"NONE","seed_source_timestamp":35189309110976,"circlet_count":0,"master_deck":["Strike_R","Strike_R","Strike_R","Strike_R","Strike_R","Defend_R","Defend_R","Defend_R","Defend_R","Bash","Ghostly Armor","Pommel Strike","Shrug It Off","Feed","Feed","Uppercut","Shrug It Off","Perfected Strike","Armaments","Exhume","Armaments"],"relics":["Burning Blood","Blue Candle","Mummified Hand","Orichalcum","Bag of Preparation","Frozen Egg 2"],"potions_floor_usage":[4,6,6,6,6,6,6,16,16],"damage_taken":[{"damage":0,"enemies":"Small Slimes","floor":1,"turns":3},{"damage":6,"enemies":"Cultist","floor":2,"turns":3},{"damage":5,"enemies":"2 Louse","floor":3,"turns":3},{"damage":7,"enemies":"Exordium Thugs","floor":4,"turns":4},{"damage":6,"enemies":"Gremlin Nob","floor":6,"turns":3},{"damage":12,"enemies":"Blue Slaver","floor":7,"turns":3},{"damage":5,"enemies":"3 Louse","floor":8,"turns":6},{"damage":42,"enemies":"3 Sentries","floor":10,"turns":12},{"damage":10,"enemies":"Red Slaver","floor":11,"turns":4},{"damage":24,"enemies":"Lagavulin","floor":12,"turns":6},{"damage":8,"enemies":"2 Fungi Beasts","floor":14,"turns":3},{"damage":56,"enemies":"Hexaghost","floor":16,"turns":11}],"seed_played":"4167422579468525372","potions_obtained":[{"floor":1,"key":"Fire Potion"},{"floor":3,"key":"Dexterity Potion"},{"floor":4,"key":"LiquidBronze"},{"floor":5,"key":"PowerPotion"},{"floor":5,"key":"SteroidPotion"},{"floor":5,"key":"EntropicBrew"},{"floor":11,"key":"GamblersBrew"},{"floor":14,"key":"BloodPotion"}],"is_trial":false,"path_per_floor":["M","M","M","M","?","E","M","M","T","E","M","E","$","M","R","B"],"character_chosen":"IRONCLAD","items_purchased":["Frozen Egg 2"],"campfire_rested":1,"item_purchase_floors":[13],"current_hp_per_floor":[88,88,88,87,87,87,81,88,88,52,48,30,30,31,60,13],"gold":27,"neow_bonus":"TEN_PERCENT_HP_BONUS","is_prod":false,"is_daily":false,"chose_seed":false,"campfire_upgraded":0,"win_rate":0,"timestamp":1557394425,"path_taken":["M","M","M","M","?","E","M","M","T","E","M","E","$","?","R","BOSS"],"build_version":"2019-01-23","purchased_purges":0,"victory":false,"max_hp_per_floor":[88,88,88,88,88,88,88,94,94,94,94,94,94,97,97,97],"card_choices":[{"not_picked":["Sentinel","Hemokinesis"],"picked":"Ghostly Armor","floor":1},{"not_picked":["Spot Weakness","Shrug It Off"],"picked":"Pommel Strike","floor":2},{"not_picked":["Headbutt","Iron Wave"],"picked":"Shrug It Off","floor":3},{"not_picked":["Clash","Carnage"],"picked":"Feed","floor":4},{"not_picked":["Perfected Strike","Wild Strike"],"picked":"Feed","floor":6},{"not_picked":["Havoc","Dropkick"],"picked":"Uppercut","floor":7},{"not_picked":["Sever Soul","Sword Boomerang"],"picked":"Shrug It Off","floor":8},{"not_picked":["Searing Blow","Anger"],"picked":"Perfected Strike","floor":10},{"not_picked":["Disarm","Fire Breathing"],"picked":"Armaments","floor":11},{"not_picked":["Feel No Pain","Thunderclap"],"picked":"Exhume","floor":12},{"not_picked":["Flex","Cleave"],"picked":"Armaments","floor":14}],"player_experience":153441,"relics_obtained":[{"floor":6,"key":"Blue Candle"},{"floor":9,"key":"Mummified Hand"},{"floor":10,"key":"Orichalcum"},{"floor":12,"key":"Bag of Preparation"}],"event_choices":[{"damage_healed":0,"gold_gain":0,"player_choice":"Got Potions","damage_taken":0,"max_hp_gain":0,"max_hp_loss":0,"event_name":"Lab","floor":5,"gold_loss":0}],"is_beta":false,"boss_relics":[],"items_purged_floors":[],"is_endless":false,"potions_floor_spawned":[1,3,4,11,14],"killed_by":"Hexaghost","ascension_level":1}