{"gold_per_floor":[212,231,231,64,64,82,82,113,113,146,146,159,159,200,200,296,296,270,270,283,8,22,22,43,79,379,392,392],"floor_reached":28,"playtime":2229,"items_purged":["Strike_B"],"score":516,"play_id":"ca248b10-f8ae-4ab7-a2b5-f6faf9bfc0c5","local_time":"20181219214035","is_ascension_mode":true,"campfire_choices":[{"data":"Defragment","floor":7.0,"key":"SMITH"},{"data":"Defragment","floor":11.0,"key":"SMITH"},{"floor":15.0,"key":"REST"},{"floor":23.0,"key":"REST"}],"neow_cost":"NONE","seed_source_timestamp":443440850680686,"circlet_count":0,"master_deck":["AscendersBane","Strike_B","Strike_B","Strike_B","Defend_B","Defend_B","Defend_B","Defend_B","Zap","Dualcast","Static Discharge","Sweeping Beam","Defragment+1","Glacier","Defragment+1","Undo","Hologram","Cold Snap","Echo Form","Coolheaded","Defragment"],"special_seed":0,"relics":["Cracked Core","Sundial","Bottled Tornado","Kunai","Blue Candle","Golden Idol","Ice Cream","Philosopher\u0027s Stone","Symbiotic Virus","Old Coin"],"potions_floor_usage":[24],"damage_taken":[{"damage":0.0,"enemies":"2 Louse","floor":1.0,"turns":3.0},{"damage":4.0,"enemies":"Jaw Worm","floor":2.0,"turns":4.0},{"damage":4.0,"enemies":"Small Slimes","floor":6.0,"turns":3.0},{"damage":5.0,"enemies":"Lagavulin","floor":8.0,"turns":9.0},{"damage":8.0,"enemies":"3 Sentries","floor":10.0,"turns":8.0},{"damage":0.0,"enemies":"Looter","floor":12.0,"turns":3.0},{"damage":35.0,"enemies":"Gremlin Nob","floor":14.0,"turns":5.0},{"damage":23.0,"enemies":"Slime Boss","floor":16.0,"turns":14.0},{"damage":12.0,"enemies":"2 Thieves","floor":18.0,"turns":4.0},{"damage":0.0,"enemies":"Chosen","floor":20.0,"turns":7.0},{"damage":7.0,"enemies":"Snake Plant","floor":22.0,"turns":6.0},{"damage":0,"enemies":"Chosen and Byrds","floor":24,"turns":7},{"damage":54,"enemies":"Book of Stabbing","floor":25,"turns":4},{"damage":0,"enemies":"Snecko","floor":27,"turns":9},{"damage":0,"enemies":"Gremlin Leader","floor":28,"turns":1}],"seed_played":"4010443057341514417","potions_obtained":[{"floor":1.0,"key":"Regen Potion"},{"floor":10.0,"key":"PowerPotion"},{"floor":22.0,"key":"Ancient Potion"},{"floor":24,"key":"Ancient Potion"}],"is_trial":false,"path_per_floor":["M","M","?","$","?","M","R","E","T","E","R","M","?","E","R","B",null,"M","?","M","$","M","R","M","E","T","M","E"],"character_chosen":"DEFECT","items_purchased":["Defragment","PowerPotion","Symbiotic Virus"],"campfire_rested":2,"item_purchase_floors":[4,4,21],"current_hp_per_floor":[64,60,65,65,47,43,43,53,53,45,45,45,45,10,30,7,54,42,42,42,42,35,55,55,1,1,1,1],"gold":392,"neow_bonus":"HUNDRED_GOLD","is_prod":false,"is_daily":false,"chose_seed":false,"campfire_upgraded":2,"win_rate":0,"timestamp":1545273635,"path_taken":["M","M","?","$","?","M","R","E","T","E","R","M","?","E","R","BOSS","M","?","?","$","M","R","M","E","T","M","E"],"build_version":"2018-12-17","purchased_purges":1,"victory":false,"max_hp_per_floor":[71,71,76,76,76,76,76,76,76,76,76,76,69,69,69,69,69,69,69,69,69,69,69,69,69,69,69,69],"card_choices":[{"not_picked":["Conserve Battery","White Noise"],"picked":"Static Discharge","floor":1.0},{"not_picked":["Beam Cell","Barrage"],"picked":"Sweeping Beam","floor":2.0},{"not_picked":["Stack","Sweeping Beam"],"picked":"Glacier","floor":6.0},{"not_picked":["Leap","All For One"],"picked":"Defragment","floor":8.0},{"not_picked":["Melter","Sunder"],"picked":"Undo","floor":10.0},{"not_picked":["Leap","Static Discharge"],"picked":"Hologram","floor":12.0},{"not_picked":["Steam Power","Turbo"],"picked":"Cold Snap","floor":14.0},{"not_picked":["Fission","Core Surge"],"picked":"Echo Form","floor":16.0},{"not_picked":["Barrage+1","FTL+1"],"picked":"Coolheaded","floor":18.0},{"not_picked":["Rebound","Static Discharge","Scrape"],"picked":"SKIP","floor":20.0},{"not_picked":["Cold Snap","Barrage","Leap"],"picked":"SKIP","floor":22.0},{"not_picked":["White Noise","Chill","Auto Shields"],"picked":"SKIP","floor":24},{"not_picked":["Self Repair","Rebound"],"picked":"Defragment","floor":25},{"not_picked":["Redo","Rebound","Melter"],"picked":"SKIP","floor":27}],"player_experience":1383369,"relics_obtained":[{"floor":8.0,"key":"Bottled Tornado"},{"floor":9.0,"key":"Kunai"},{"floor":10.0,"key":"Blue Candle"},{"floor":14.0,"key":"Ice Cream"},{"floor":26,"key":"Old Coin"}],"event_choices":[{"damage_healed":0.0,"max_hp_gain":5.0,"max_hp_loss":0.0,"gold_gain":0.0,"event_name":"Big Fish","player_choice":"Donut","floor":3.0,"gold_loss":0.0,"damage_taken":0.0},{"damage_healed":0.0,"max_hp_gain":0.0,"max_hp_loss":0.0,"gold_gain":0.0,"event_name":"Scrap Ooze","player_choice":"Success","floor":5.0,"gold_loss":0.0,"damage_taken":18.0,"relics_obtained":["Sundial"]},{"damage_healed":0.0,"max_hp_gain":0.0,"max_hp_loss":7.0,"gold_gain":0.0,"event_name":"Golden Idol","player_choice":"Lose Max HP","floor":13.0,"gold_loss":0.0,"damage_taken":0.0,"relics_obtained":["Golden Idol"]},{"damage_healed":0.0,"max_hp_gain":0.0,"max_hp_loss":0.0,"gold_gain":0.0,"event_name":"Match and Keep!","player_choice":"0 cards matched","floor":19.0,"gold_loss":0.0,"damage_taken":0.0,"cards_obtained":[]}],"is_beta":true,"boss_relics":[{"not_picked":["Coffee Dripper","Pandora\u0027s Box"],"picked":"Philosopher\u0027s Stone"}],"items_purged_floors":[4],"is_endless":false,"potions_floor_spawned":[1,10,12,22,24],"killed_by":"Gremlin Leader","ascension_level":20}