{"gold_per_floor":[119,119,129,129,141,141,159,187,256,266,288,33,33,44,44,115,115,134,146,146,163,181,208,208,240,267,301,55,55,6,6,6,80,80,94,109,121,135,154,187,213,213,293,325,339,367,402,272,272,272,272,272,272,16,51,51],"floor_reached":57,"playtime":3326,"items_purged":["Heavy Blade","Carnage+1"],"score":3499,"play_id":"44c9a5d4-7fab-453f-9bec-b7c8df50a001","local_time":"20190509174500","is_ascension_mode":true,"campfire_choices":[{"data":"Carnage","floor":6.0,"key":"SMITH"},{"floor":13.0,"key":"REST"},{"data":"Juggernaut","floor":15.0,"key":"SMITH"},{"data":"Dark Embrace","floor":24.0,"key":"SMITH"},{"data":"Clothesline","floor":29.0,"key":"PURGE"},{"data":"Bash","floor":32.0,"key":"PURGE"},{"data":"Shrug It Off","floor":42.0,"key":"SMITH"},{"floor":49.0,"key":"RECALL"},{"data":"Battle Trance+1","floor":53.0,"key":"PURGE"}],"neow_cost":"PERCENT_DAMAGE","seed_source_timestamp":582341434800,"circlet_count":0,"master_deck":["AscendersBane","Shrug It Off+1","Power Through","Shockwave","True Grit+1","Juggernaut+1","Double Tap+1","Impervious+1","Seeing Red+1","Dark Embrace+1","Intimidate+1","Body Slam+1","Warcry+1","Rage+1","Offering+1","Trip+1","Evolve+1","Sentinel+1","Burning Pact+1","Finesse+1","Feel No Pain"],"special_seed":0,"relics":["Burning Blood","StoneCalendar","Toxic Egg 2","Odd Mushroom","Membership Card","Pandora\u0027s Box","Omamori","Pen Nib","Centennial Puzzle","Peace Pipe","WingedGreaves","Mercury Hourglass","Cursed Key","Pantograph","Ginger","Whetstone","Kunai","Mango","Lantern","Unceasing Top","Anchor"],"potions_floor_usage":[56,56],"damage_taken":[{"damage":4.0,"enemies":"Small Slimes","floor":1.0,"turns":4.0},{"damage":1.0,"enemies":"Cultist","floor":3.0,"turns":4.0},{"damage":2.0,"enemies":"Jaw Worm","floor":5.0,"turns":6.0},{"damage":10.0,"enemies":"Exordium Thugs","floor":7.0,"turns":4.0},{"damage":32.0,"enemies":"Lagavulin","floor":8.0,"turns":5.0},{"damage":6.0,"enemies":"Large Slime","floor":10.0,"turns":7.0},{"damage":23.0,"enemies":"The Mushroom Lair","floor":11.0,"turns":6.0},{"damage":7.0,"enemies":"Lots of Slimes","floor":14.0,"turns":6.0},{"damage":11.0,"enemies":"Slime Boss","floor":16.0,"turns":7.0},{"damage":11.0,"enemies":"Spheric Guardian","floor":18.0,"turns":7.0},{"damage":7.0,"enemies":"Shell Parasite","floor":19.0,"turns":7.0},{"damage":2.0,"enemies":"Sentry and Sphere","floor":21.0,"turns":6.0},{"damage":0.0,"enemies":"Snake Plant","floor":22.0,"turns":5.0},{"damage":0.0,"enemies":"Gremlin Leader","floor":23.0,"turns":2.0},{"damage":43.0,"enemies":"Book of Stabbing","floor":25.0,"turns":7.0},{"damage":15.0,"enemies":"Slavers","floor":27.0,"turns":7.0},{"damage":6.0,"enemies":"Champ","floor":33.0,"turns":3.0},{"damage":6.0,"enemies":"Orb Walker","floor":35.0,"turns":2.0},{"damage":13.0,"enemies":"3 Darklings","floor":36.0,"turns":3.0},{"damage":6.0,"enemies":"Writhing Mass","floor":37.0,"turns":1.0},{"damage":6.0,"enemies":"Maw","floor":38.0,"turns":5.0},{"damage":6.0,"enemies":"Sphere and 2 Shapes","floor":39.0,"turns":3.0},{"damage":6.0,"enemies":"Reptomancer","floor":40.0,"turns":1.0},{"damage":0.0,"enemies":"Giant Head","floor":41.0,"turns":3.0},{"damage":23.0,"enemies":"Reptomancer","floor":44.0,"turns":3.0},{"damage":0.0,"enemies":"Spire Growth","floor":45.0,"turns":3.0},{"damage":6.0,"enemies":"Giant Head","floor":46.0,"turns":3.0},{"damage":6.0,"enemies":"Reptomancer","floor":47.0,"turns":2.0},{"damage":26.0,"enemies":"Donu and Deca","floor":50.0,"turns":3.0},{"damage":6.0,"enemies":"Time Eater","floor":51.0,"turns":6.0},{"damage":12,"enemies":"Shield and Spear","floor":55,"turns":3},{"damage":17,"enemies":"The Heart","floor":56,"turns":5}],"seed_played":"6854107252634790721","potions_obtained":[{"floor":3.0,"key":"GamblersBrew"},{"floor":5.0,"key":"Poison Potion"},{"floor":7.0,"key":"Strength Potion"},{"floor":16.0,"key":"Weak Potion"},{"floor":19.0,"key":"SkillPotion"},{"floor":25.0,"key":"SteroidPotion"},{"floor":38.0,"key":"GamblersBrew"},{"floor":40.0,"key":"Poison Potion"},{"floor":45.0,"key":"EssenceOfSteel"},{"floor":46.0,"key":"Strength Potion"}],"is_trial":false,"path_per_floor":["M","?","M","?","M","R","M","E","T","M","?","$","R","M","R","B",null,"M","M","?","M","M","E","R","E","T","E","$","R","$","?","R","B",null,"M","M","M","M","M","E","E","R","T","E","M","E","E","$","R","B","B",null,"R","$","E","B",null],"character_chosen":"IRONCLAD","items_purchased":["Membership Card","FearPotion","WingedGreaves","Offering+1","Trip+1","Lantern","Unceasing Top","Finesse+1","Feel No Pain","SpeedPotion"],"campfire_rested":1,"item_purchase_floors":[12,12,28,28,30,48,54,54,54,54],"current_hp_per_floor":[52,52,57,57,61,61,57,31,31,31,14,14,36,35,35,30,64,59,58,58,62,68,74,74,37,37,28,28,28,28,28,28,28,63,63,56,56,56,56,56,62,62,62,45,51,51,65,65,65,69,89,89,89,89,83,78],"gold":51,"neow_bonus":"REMOVE_TWO","is_prod":false,"is_daily":false,"chose_seed":false,"campfire_upgraded":4,"win_rate":0,"timestamp":1557395100,"path_taken":["M","?","?","?","M","R","M","E","T","M","?","$","R","M","R","BOSS","M","M","?","M","M","E","R","E","T","E","?","R","$","?","R","BOSS","M","?","M","M","M","E","E","R","T","E","M","E","E","$","R","BOSS","BOSS","R","$","E","BOSS"],"build_version":"2019-05-07","purchased_purges":2,"victory":true,"max_hp_per_floor":[75,75,75,75,75,75,75,75,75,75,75,75,75,75,75,75,75,75,75,75,75,75,75,75,75,75,75,75,75,75,75,75,75,75,75,75,75,75,75,75,75,75,75,75,75,75,89,89,89,89,89,89,89,89,89,89],"card_choices":[{"not_picked":["Anger","Wild Strike"],"picked":"Shrug It Off","floor":1.0},{"not_picked":["Headbutt","Body Slam"],"picked":"Carnage","floor":3.0},{"not_picked":["Disarm","Pummel"],"picked":"Power Through","floor":5.0},{"not_picked":["Combust","Rupture","Anger"],"picked":"SKIP","floor":7.0},{"not_picked":["Clash","Power Through"],"picked":"Shockwave","floor":8.0},{"not_picked":["Cleave","Armaments+1"],"picked":"True Grit+1","floor":10.0},{"not_picked":["Blood for Blood","Fire Breathing"],"picked":"Juggernaut","floor":14.0},{"not_picked":["Limit Break+1","Demon Form"],"picked":"Double Tap+1","floor":16.0},{"not_picked":["Hemokinesis","Clash"],"picked":"Body Slam","floor":18.0},{"not_picked":["Iron Wave","Searing Blow"],"picked":"Warcry+1","floor":19.0},{"not_picked":["Armaments+1","Pommel Strike"],"picked":"Battle Trance+1","floor":21.0},{"not_picked":["Ghostly Armor+1","Shockwave+1","Headbutt"],"picked":"SKIP","floor":22.0},{"not_picked":["Cleave","Heavy Blade","Shrug It Off+1"],"picked":"SKIP","floor":23.0},{"not_picked":["Dual Wield+1","Twin Strike"],"picked":"Rage+1","floor":25.0},{"not_picked":["Corruption","Uppercut","Fire Breathing"],"picked":"SKIP","floor":27.0},{"not_picked":["Pommel Strike","Clash+1","Burning Pact+1"],"picked":"SKIP","floor":35.0},{"not_picked":["Sword Boomerang+1","Headbutt"],"picked":"Evolve+1","floor":36.0},{"not_picked":["Cleave","Whirlwind","Twin Strike"],"picked":"SKIP","floor":37.0},{"not_picked":["Shrug It Off+1","Pommel Strike","Combust"],"picked":"SKIP","floor":38.0},{"not_picked":["Cleave","Twin Strike"],"picked":"Sentinel+1","floor":39.0},{"not_picked":["Carnage","Inflame","Fire Breathing"],"picked":"SKIP","floor":40.0},{"not_picked":["Iron Wave","Hemokinesis","Sword Boomerang"],"picked":"SKIP","floor":41.0},{"not_picked":["Iron Wave","Hemokinesis","Sword Boomerang"],"picked":"SKIP","floor":41.0},{"not_picked":["Iron Wave","Twin Strike+1","Havoc+1"],"picked":"SKIP","floor":44.0},{"not_picked":["Iron Wave","Twin Strike+1","Havoc+1"],"picked":"SKIP","floor":44.0},{"not_picked":["Thunderclap+1","Shockwave+1","Demon Form"],"picked":"SKIP","floor":45.0},{"not_picked":["Power Through+1","Thunderclap"],"picked":"Burning Pact+1","floor":46.0},{"not_picked":["Warcry+1","Wild Strike","Evolve"],"picked":"SKIP","floor":47.0},{"not_picked":["Clothesline","Flex+1","Rupture"],"picked":"SKIP","floor":55}],"player_experience":1442956,"relics_obtained":[{"floor":8.0,"key":"StoneCalendar"},{"floor":9.0,"key":"Toxic Egg 2"},{"floor":11.0,"key":"Odd Mushroom"},{"floor":23.0,"key":"Omamori"},{"floor":25.0,"key":"Pen Nib"},{"floor":26.0,"key":"Centennial Puzzle"},{"floor":27.0,"key":"Peace Pipe"},{"floor":31.0,"key":"Mercury Hourglass"},{"floor":40.0,"key":"Pantograph"},{"floor":41.0,"key":"Ginger"},{"floor":44.0,"key":"Whetstone"},{"floor":46.0,"key":"Kunai"},{"floor":47.0,"key":"Mango"},{"floor":55,"key":"Anchor"}],"event_choices":[{"cards_removed":["Strike_R"],"damage_healed":0.0,"max_hp_gain":0.0,"max_hp_loss":0.0,"gold_gain":0.0,"event_name":"Purifier","player_choice":"Purged","floor":2.0,"gold_loss":0.0,"damage_taken":0.0},{"damage_healed":0.0,"max_hp_gain":0.0,"max_hp_loss":0.0,"gold_gain":0.0,"event_name":"Liars Game","player_choice":"Ignored","floor":4.0,"gold_loss":0.0,"damage_taken":0.0},{"damage_healed":0.0,"max_hp_gain":0.0,"max_hp_loss":0.0,"gold_gain":0.0,"event_name":"Mushrooms","player_choice":"Fought Mushrooms","floor":11.0,"gold_loss":0.0,"damage_taken":0.0},{"damage_healed":0.0,"max_hp_gain":0.0,"max_hp_loss":0.0,"gold_gain":0.0,"event_name":"Upgrade Shrine","player_choice":"Upgraded","floor":20.0,"gold_loss":0.0,"damage_taken":0.0,"cards_upgraded":["Body Slam"]},{"damage_healed":0.0,"max_hp_gain":0.0,"max_hp_loss":0.0,"gold_gain":0.0,"event_name":"Wheel of Change","player_choice":"Relic","floor":31.0,"gold_loss":0.0,"damage_taken":0.0}],"is_beta":true,"boss_relics":[{"not_picked":["Empty Cage","Orrery"],"picked":"Pandora\u0027s Box"},{"not_picked":["Eternal Feather","Busted Crown"],"picked":"Cursed Key"}],"items_purged_floors":[28,48],"is_endless":false,"potions_floor_spawned":[3,5,7,8,16,19,25,27,33,36,38,39,40,45,46],"ascension_level":20}