{"gold_per_floor":[115,115,115,133,147,147,176,176,176,176,29,45,117,128,128,225,225,240,339,108,108,127,127,127,127],"floor_reached":25,"playtime":684,"items_purged":["Defend_B"],"score":285,"play_id":"e15b6465-280c-40a1-9656-5b8b570937bd","local_time":"25611117033248","is_ascension_mode":true,"campfire_choices":[{"data":"Hologram","floor":6,"key":"SMITH"},{"floor":8,"key":"REST"},{"data":"1","floor":10,"key":"LIFT"},{"floor":15,"key":"REST"},{"floor":23,"key":"REST"}],"neow_cost":"NONE","seed_source_timestamp":44985596378308,"circlet_count":0,"master_deck":["Strike_B","Strike_B","Strike_B+1","Defend_B","Defend_B","Defend_B","Zap","Dualcast","Streamline+1","Hologram+1","Auto Shields","Ball Lightning+1","Creative AI","Conserve Battery","Conserve Battery"],"relics":["White Beast Statue","Bird Faced Urn","Girya","Omamori","Blue Candle","Inserter","Whetstone"],"potions_floor_usage":[7,7,14,16,24],"damage_taken":[{"damage":10,"enemies":"Small Slimes","floor":1,"turns":4},{"damage":4,"enemies":"2 Louse","floor":4,"turns":4},{"damage":6,"enemies":"Cultist","floor":5,"turns":3},{"damage":20,"enemies":"3 Sentries","floor":7,"turns":6},{"damage":11,"enemies":"Exordium Thugs","floor":12,"turns":5},{"damage":6,"enemies":"3 Louse","floor":14,"turns":4},{"damage":30,"enemies":"Slime Boss","floor":16,"turns":10},{"damage":1,"enemies":"Chosen","floor":18,"turns":4},{"damage":30,"enemies":"Spheric Guardian","floor":22,"turns":5},{"damage":42,"enemies":"Book of Stabbing","floor":24,"turns":5},{"damage":0,"enemies":"Snake Plant","floor":25,"turns":1}],"seed_played":"5124846729807196457","potions_obtained":[{"floor":1,"key":"LiquidBronze"},{"floor":4,"key":"GamblersBrew"},{"floor":5,"key":"SmokeBomb"},{"floor":7,"key":"Dexterity Potion"},{"floor":12,"key":"SkillPotion"},{"floor":14,"key":"Ancient Potion"},{"floor":16,"key":"SteroidPotion"}],"is_trial":false,"path_per_floor":["M","?","?","M","M","R","E","R","T","R","$","M","T","M","R","B",null,"M","?","$","?","M","R","E","M"],"character_chosen":"DEFECT","items_purchased":["Omamori","Whetstone"],"campfire_rested":3,"item_purchase_floors":[11,20],"current_hp_per_floor":[58,58,58,54,48,48,28,50,50,50,50,39,39,33,55,25,63,62,62,62,62,32,54,12,12],"gold":127,"neow_bonus":"BOSS_RELIC","is_prod":false,"is_daily":false,"chose_seed":false,"campfire_upgraded":1,"win_rate":0,"timestamp":1542400368,"path_taken":["M","?","?","M","?","R","E","R","T","R","$","M","?","M","R","BOSS","M","?","$","?","M","R","E","M"],"build_version":"2018-11-15","purchased_purges":1,"victory":false,"max_hp_per_floor":[75,75,75,75,75,75,75,75,75,75,75,75,75,75,75,75,75,75,75,75,75,75,75,75,75],"card_choices":[{"not_picked":["Coolheaded","Turbo"],"picked":"Streamline","floor":1},{"not_picked":["Turbo","Go for the Eyes"],"picked":"Hologram","floor":4},{"not_picked":["Cold Snap","Hologram","Force Field"],"picked":"SKIP","floor":5},{"not_picked":["Blizzard","Barrage"],"picked":"Auto Shields","floor":7},{"not_picked":["Capacitor","Streamline"],"picked":"Ball Lightning","floor":12},{"not_picked":["Biased Cognition","Sweeping Beam","Cold Snap"],"picked":"SKIP","floor":14},{"not_picked":["Meteor Strike","Amplify"],"picked":"Creative AI","floor":16},{"not_picked":["Go for the Eyes","Redo"],"picked":"Conserve Battery","floor":18},{"not_picked":["Hologram","Barrage"],"picked":"Conserve Battery","floor":22}],"player_experience":154960,"relics_obtained":[{"floor":7,"key":"Bird Faced Urn"},{"floor":9,"key":"Girya"},{"floor":13,"key":"Blue Candle"}],"event_choices":[{"damage_healed":0,"gold_gain":0,"player_choice":"Grow","damage_taken":0,"max_hp_gain":0,"max_hp_loss":0,"event_name":"Living Wall","floor":2,"gold_loss":0,"cards_upgraded":["Streamline"]},{"cards_removed":["Strike_B"],"damage_healed":0,"gold_gain":0,"player_choice":"Purged","damage_taken":0,"max_hp_gain":0,"max_hp_loss":0,"event_name":"Purifier","floor":3,"gold_loss":0},{"damage_healed":0,"gold_gain":99,"player_choice":"Stole From Cult","damage_taken":0,"max_hp_gain":0,"max_hp_loss":0,"event_name":"Nest","floor":19,"gold_loss":0},{"damage_healed":0,"gold_gain":0,"player_choice":"Ignored","damage_taken":0,"max_hp_gain":0,"max_hp_loss":0,"event_name":"Vampires","floor":21,"gold_loss":0}],"is_beta":false,"boss_relics":[{"not_picked":["Calling Bell","Snecko Eye"],"picked":"Inserter"}],"items_purged_floors":[20],"is_endless":false,"potions_floor_spawned":[1,4,5,7,12,14,16,18,22,24],"killed_by":"Snake Plant","ascension_level":6}