{"gold_per_floor":[111,111,36,0,12,12,39,39,87,122,122,122,154,168,168,246,246,263,188,188,204,214,245,245,280,348,363,381,381,410,420,420,498,498,511,131,131,178,1177,1177,1177,1206,1229,598,613,613,45,79,79,79],"floor_reached":50,"playtime":2501,"items_purged":["Strike_G","Tools of the Trade","Normality","Normality"],"score":1289,"play_id":"8bce2c69-4b8d-4f19-b4cf-3d17f6573cc5","local_time":"20190322230704","is_ascension_mode":true,"campfire_choices":[{"data":"Bouncing Flask","floor":6.0,"key":"SMITH"},{"data":"Neutralize","floor":8.0,"key":"SMITH"},{"floor":12.0,"key":"REST"},{"data":"Bane","floor":15.0,"key":"SMITH"},{"floor":24.0,"key":"REST"},{"data":"Burst","floor":29,"key":"SMITH"},{"data":"Catalyst","floor":32,"key":"SMITH"},{"data":"Calculated Gamble","floor":40,"key":"SMITH"},{"data":"Tactician","floor":41,"key":"SMITH"},{"floor":49,"key":"RECALL"}],"neow_cost":"TEN_PERCENT_HP_LOSS","seed_source_timestamp":0,"circlet_count":0,"master_deck":["AscendersBane","Survivor+1","Neutralize+1","Bouncing Flask+1","Backstab","Bane+1","Burst+1","Prepared","Venomology","Catalyst+1","Calculated Gamble+1","Crippling Poison+1","Deflect+1","Backflip","Tactician+1","Blur","Madness","Footwork","Well Laid Plans"],"special_seed":0,"relics":["Ring of the Snake","Mango","Potion Belt","Meat on the Bone","Gambling Chip","Pandora\u0027s Box","The Courier","Happy Flower","Art of War","HoveringKite","Incense Burner","WingedGreaves","Dream Catcher","PreservedInsect","Medical Kit","War Paint","Mummified Hand","Anchor","Sundial","Bottled Lightning"],"potions_floor_usage":[25,27,28,30,30,33,33,38,38,42,45,48,50,50,50],"damage_taken":[{"damage":0.0,"enemies":"Small Slimes","floor":1.0,"turns":4.0},{"damage":2.0,"enemies":"Jaw Worm","floor":5.0,"turns":4.0},{"damage":7.0,"enemies":"Lagavulin","floor":7.0,"turns":6.0},{"damage":20.0,"enemies":"3 Sentries","floor":10.0,"turns":11.0},{"damage":10.0,"enemies":"Lagavulin","floor":13.0,"turns":6.0},{"damage":0.0,"enemies":"2 Louse","floor":14.0,"turns":2.0},{"damage":5.0,"enemies":"Hexaghost","floor":16.0,"turns":8.0},{"damage":8.0,"enemies":"Chosen","floor":18.0,"turns":4.0},{"damage":13.0,"enemies":"2 Thieves","floor":21.0,"turns":5.0},{"damage":13.0,"enemies":"Snecko","floor":22.0,"turns":3.0},{"damage":27.0,"enemies":"Gremlin Leader","floor":23.0,"turns":8.0},{"damage":44,"enemies":"Slavers","floor":25,"turns":5},{"damage":8,"enemies":"Chosen and Byrds","floor":27,"turns":4},{"damage":8,"enemies":"Sentry and Sphere","floor":28,"turns":5},{"damage":0,"enemies":"Gremlin Leader","floor":30,"turns":5},{"damage":3,"enemies":"Snecko","floor":31,"turns":4},{"damage":0,"enemies":"Champ","floor":33,"turns":5},{"damage":0,"enemies":"Orb Walker","floor":35,"turns":1},{"damage":14,"enemies":"2 Orb Walkers","floor":38,"turns":4},{"damage":0,"enemies":"Reptomancer","floor":42,"turns":2},{"damage":0,"enemies":"3 Shapes","floor":45,"turns":3},{"damage":0,"enemies":"Nemesis","floor":48,"turns":7},{"damage":33,"enemies":"Donu and Deca","floor":50,"turns":7}],"seed_played":"-2407578104802173033","potions_obtained":[{"floor":1.0,"key":"Poison Potion"},{"floor":5.0,"key":"SteroidPotion"},{"floor":13.0,"key":"Regen Potion"},{"floor":21.0,"key":"GamblersBrew"},{"floor":25,"key":"GhostInAJar"},{"floor":30,"key":"Block Potion"},{"floor":35,"key":"AttackPotion"},{"floor":42,"key":"Regen Potion"},{"floor":45,"key":"Dexterity Potion"}],"is_trial":false,"path_per_floor":["M","?","$","?","M","R","E","R","T","E","?","R","E","M","R","B",null,"M","?","?","M","M","E","R","E","T","M","M","R","E","M","R","B",null,"M","$","?","?","?","R","R","E","T","$","M","?","$","E","R","B"],"character_chosen":"THE_SILENT","items_purchased":["Tactician","Incense Burner","Medical Kit","War Paint","Mummified Hand","Blur","Footwork","Well Laid Plans","Anchor","Sundial"],"campfire_rested":2,"item_purchase_floors":[36,36,44,44,44,44,47,47,47,47],"current_hp_per_floor":[59,41,41,41,39,39,46,46,46,26,26,48,38,38,38,45,67,68,68,68,55,42,27,49,17,17,21,25,25,37,46,46,46,67,67,67,67,53,53,53,53,53,53,53,65,55,55,55,55,22],"gold":79,"neow_bonus":"REMOVE_TWO","is_prod":false,"is_daily":false,"chose_seed":true,"campfire_upgraded":7,"win_rate":0,"timestamp":1553267224,"path_taken":["M","?","$","?","M","R","E","R","T","E","?","R","E","M","R","BOSS","M","?","?","M","M","E","R","E","T","?","M","R","E","M","R","BOSS","M","$","?","?","?","R","R","E","T","$","?","?","$","E","R","BOSS"],"build_version":"2019-01-23","purchased_purges":4,"victory":false,"max_hp_per_floor":[60,60,60,60,60,60,74,74,74,74,74,74,74,74,74,74,74,74,74,74,74,74,74,74,74,74,74,74,74,74,74,74,74,74,74,74,70,70,70,70,70,70,70,70,70,70,70,70,70,70],"card_choices":[{"not_picked":["Blade Dance","Accuracy"],"picked":"Bouncing Flask","floor":1.0},{"not_picked":["Backflip","Sucker Punch"],"picked":"Backstab","floor":5.0},{"not_picked":["Slice","Dagger Throw","Expertise"],"picked":"SKIP","floor":7.0},{"not_picked":["Prepared","Quick Slash","Infinite Blades"],"picked":"SKIP","floor":10.0},{"not_picked":["Leg Sweep","Dash","Setup"],"picked":"SKIP","floor":13.0},{"not_picked":["Expertise","Sucker Punch"],"picked":"Bane","floor":14.0},{"not_picked":["Doppelganger","Storm of Steel"],"picked":"Burst","floor":16.0},{"not_picked":["Endless Agony","Noxious Fumes","Backstab"],"picked":"SKIP","floor":18.0},{"not_picked":["Deflect","Underhanded Strike","Bane"],"picked":"SKIP","floor":21.0},{"not_picked":["Dagger Throw","Dagger Spray","Concentrate"],"picked":"SKIP","floor":22.0},{"not_picked":["Catalyst","Leg Sweep","Distraction"],"picked":"SKIP","floor":23.0},{"not_picked":["Concentrate","Masterful Stab+1","Dagger Throw+1"],"picked":"SKIP","floor":25},{"not_picked":["Doppelganger","Deadly Poison","Blade Dance"],"picked":"SKIP","floor":27},{"not_picked":["Caltrops","Heel Hook"],"picked":"Deflect+1","floor":28},{"not_picked":["Riddle With Holes","Sucker Punch"],"picked":"Backflip","floor":30},{"not_picked":["PiercingWail","Riddle With Holes","Concentrate"],"picked":"SKIP","floor":31},{"not_picked":["Dagger Throw","Backstab","Poisoned Stab"],"picked":"SKIP","floor":35},{"not_picked":["Sucker Punch","Dash+1","Flechettes"],"picked":"SKIP","floor":42},{"not_picked":["Sucker Punch","Dash+1","Flechettes"],"picked":"SKIP","floor":42},{"not_picked":["Outmaneuver","Prepared+1","Dodge and Roll"],"picked":"SKIP","floor":45},{"not_picked":["Dramatic Entrance","Blind"],"picked":"Madness","floor":46},{"not_picked":["Predator","Infinite Blades+1","Slice"],"picked":"SKIP","floor":48}],"player_experience":2875214,"relics_obtained":[{"floor":7.0,"key":"Mango"},{"floor":9.0,"key":"Potion Belt"},{"floor":10.0,"key":"Meat on the Bone"},{"floor":13.0,"key":"Gambling Chip"},{"floor":23.0,"key":"The Courier"},{"floor":25,"key":"Happy Flower"},{"floor":30,"key":"Art of War"},{"floor":38,"key":"WingedGreaves"},{"floor":42,"key":"Dream Catcher"},{"floor":43,"key":"PreservedInsect"},{"floor":48,"key":"Bottled Lightning"}],"event_choices":[{"damage_healed":0.0,"max_hp_gain":0.0,"max_hp_loss":0.0,"gold_gain":0.0,"event_name":"Shining Light","player_choice":"Entered Light","floor":2.0,"gold_loss":0.0,"damage_taken":18.0,"cards_upgraded":["Defend_G","Defend_G"]},{"damage_healed":0.0,"max_hp_gain":0.0,"max_hp_loss":0.0,"gold_gain":0.0,"event_name":"World of Goop","player_choice":"Left Gold","floor":4.0,"gold_loss":36.0,"damage_taken":0.0},{"damage_healed":0.0,"max_hp_gain":0.0,"max_hp_loss":0.0,"gold_gain":0.0,"event_name":"Liars Game","player_choice":"Ignored","floor":11.0,"gold_loss":0.0,"damage_taken":0.0},{"cards_removed":["Burst"],"damage_healed":0.0,"max_hp_gain":0.0,"max_hp_loss":0.0,"gold_gain":0.0,"event_name":"Beggar","player_choice":"Gave Gold","floor":19.0,"gold_loss":75.0,"damage_taken":0.0},{"damage_healed":0.0,"max_hp_gain":0.0,"max_hp_loss":0.0,"gold_gain":0.0,"event_name":"Vampires","player_choice":"Ignored","floor":20.0,"gold_loss":0.0,"damage_taken":0.0},{"damage_healed":0,"gold_gain":0,"player_choice":"Max HP","damage_taken":0,"max_hp_gain":0,"max_hp_loss":4,"event_name":"Winding Halls","floor":37,"gold_loss":0},{"damage_healed":0,"gold_gain":0,"player_choice":"Fight","damage_taken":0,"max_hp_gain":0,"max_hp_loss":0,"event_name":"Mysterious Sphere","floor":38,"gold_loss":0},{"damage_healed":0,"gold_gain":999,"player_choice":"Gold","damage_taken":0,"max_hp_gain":0,"max_hp_loss":0,"event_name":"MindBloom","floor":39,"gold_loss":0,"cards_obtained":["Normality","Normality"]},{"damage_healed":0,"gold_gain":0,"player_choice":"Memory 3","damage_taken":10,"max_hp_gain":0,"max_hp_loss":0,"event_name":"SensoryStone","floor":46,"gold_loss":0}],"is_beta":false,"boss_relics":[{"not_picked":["Cursed Key","Calling Bell"],"picked":"Pandora\u0027s Box"},{"not_picked":["Lizard Tail","Empty Cage"],"picked":"HoveringKite"}],"items_purged_floors":[3,36,44,47],"is_endless":false,"potions_floor_spawned":[1,5,13,21,25,30,31,35,42,45],"killed_by":"Donu and Deca","ascension_level":15}