{"gold_per_floor":[115,132,142,92,106,23,42,42,94,110,126,126,199,27,27,132,132,148,165,90,6,6,6,38,49,49,67,67,84,84,103,103,206,206,221,321,321,331,0,0,26,26,79,89,89,108,119,135,135,135],"floor_reached":51,"playtime":11338,"items_purged":[],"score":693,"play_id":"24a454f5-d648-4edd-9ebd-e26bcc6ebf29","local_time":"20190507224646","is_ascension_mode":false,"campfire_choices":[{"data":"Footwork","floor":8,"key":"SMITH"},{"data":"Neutralize","floor":12,"key":"SMITH"},{"data":"Adrenaline","floor":15,"key":"SMITH"},{"data":"Finesse","floor":23,"key":"SMITH"},{"data":"Deep Breath","floor":28,"key":"SMITH"},{"data":"Leg Sweep","floor":30,"key":"SMITH"},{"data":"Leg Sweep","floor":32,"key":"SMITH"},{"data":"Discovery","floor":40,"key":"SMITH"},{"data":"Well Laid Plans","floor":42,"key":"SMITH"},{"floor":45,"key":"REST"},{"data":"Poisoned Stab","floor":49,"key":"SMITH"}],"neow_cost":"NONE","seed_source_timestamp":102543520614778,"circlet_count":0,"master_deck":["Defend_G","Defend_G","Defend_G","Defend_G","Strike_G+1","Strike_G+1","Survivor","Neutralize+1","Dagger Throw","Finisher","Poisoned Stab+1","Dagger Spray","Deep Breath+1","Footwork+1","Blur","PiercingWail","Adrenaline+1","Crippling Poison","After Image+1","Blade Dance","Leg Sweep+1","Finesse+1","All Out Attack","Deadly Poison+1","Predator+1","Skewer+1","Leg Sweep+1","Unload+1","PiercingWail+1","Poisoned Stab+1","Discovery+1","Backflip+1","Well Laid Plans+1","Dagger Throw+1","Acrobatics+1","Deadly Poison+1","Dagger Spray+1","Caltrops+1"],"relics":["Ring of the Snake","Whetstone","Happy Flower","Sundial","Empty Cage","Bottled Flame","Molten Egg 2","Eternal Feather","Bird Faced Urn","Toxic Egg 2","Bronze Scales","Lantern"],"potions_floor_usage":[7,16,16,25,33,33,46,47],"damage_taken":[{"damage":0,"enemies":"Cultist","floor":1,"turns":4},{"damage":0,"enemies":"Small Slimes","floor":2,"turns":4},{"damage":0,"enemies":"Jaw Worm","floor":3,"turns":3},{"damage":2,"enemies":"Looter","floor":5,"turns":3},{"damage":0,"enemies":"Large Slime","floor":7,"turns":6},{"damage":0,"enemies":"Red Slaver","floor":10,"turns":3},{"damage":2,"enemies":"Blue Slaver","floor":11,"turns":5},{"damage":16,"enemies":"Hexaghost","floor":16,"turns":9},{"damage":0,"enemies":"Spheric Guardian","floor":18,"turns":6},{"damage":8,"enemies":"Chosen","floor":19,"turns":5},{"damage":0,"enemies":"Book of Stabbing","floor":24,"turns":8},{"damage":0,"enemies":"Centurion and Healer","floor":25,"turns":7},{"damage":3,"enemies":"Snake Plant","floor":27,"turns":5},{"damage":0,"enemies":"3 Cultists","floor":29,"turns":5},{"damage":6,"enemies":"Chosen and Byrds","floor":31,"turns":9},{"damage":34,"enemies":"Champ","floor":33,"turns":20},{"damage":1,"enemies":"3 Shapes","floor":35,"turns":5},{"damage":5,"enemies":"Mind Bloom Boss Battle","floor":36,"turns":10},{"damage":7,"enemies":"Orb Walker","floor":38,"turns":7},{"damage":15,"enemies":"Nemesis","floor":41,"turns":13},{"damage":62,"enemies":"Transient","floor":44,"turns":5},{"damage":1,"enemies":"Jaw Worm Horde","floor":46,"turns":5},{"damage":0,"enemies":"Writhing Mass","floor":47,"turns":6},{"damage":20,"enemies":"Maw","floor":48,"turns":11},{"damage":70,"enemies":"Time Eater","floor":50,"turns":18}],"seed_played":"2168163884689803923","potions_obtained":[{"floor":5,"key":"SpeedPotion"},{"floor":7,"key":"Strength Potion"},{"floor":10,"key":"Poison Potion"},{"floor":24,"key":"Explosive Potion"},{"floor":25,"key":"FearPotion"},{"floor":31,"key":"Dexterity Potion"},{"floor":33,"key":"SteroidPotion"},{"floor":41,"key":"GhostInAJar"},{"floor":44,"key":"SkillPotion"},{"floor":47,"key":"SmokeBomb"}],"is_trial":false,"path_per_floor":["M","M","M","?","M","$","M","R","T","M","M","R","T","$","R","B",null,"M","M","?","$","?","R","E","M","T","M","R","M","R","M","R","B",null,"M","?","?","M","$","R","E","R","T","M","R","M","M","M","R","B",null],"character_chosen":"THE_SILENT","items_purchased":["Deep Breath","Adrenaline","Crippling Poison","Finesse","Toxic Egg 2","Well Laid Plans"],"campfire_rested":1,"item_purchase_floors":[6,14,14,21,39,39],"current_hp_per_floor":[70,70,70,70,68,68,68,68,68,68,66,66,66,66,66,50,70,70,62,62,62,62,62,62,62,62,59,59,59,59,53,53,19,70,69,64,64,63,63,70,57,70,70,10,52,57,63,49,70,4],"gold":135,"neow_bonus":"RANDOM_COMMON_RELIC","is_prod":false,"is_daily":false,"chose_seed":false,"campfire_upgraded":10,"win_rate":0.0,"timestamp":1557236806,"path_taken":["M","?","M","?","M","$","M","R","T","M","M","R","?","$","R","BOSS","M","M","?","$","?","R","E","M","T","M","R","M","R","?","R","BOSS","M","?","?","M","$","R","E","R","T","M","R","M","?","M","R","BOSS"],"build_version":"2019-01-23","purchased_purges":0,"victory":true,"max_hp_per_floor":[70,70,70,70,70,70,70,70,70,70,70,70,70,70,70,70,70,70,70,70,70,70,70,70,70,70,70,70,70,70,70,70,70,70,70,70,70,70,70,70,70,70,70,70,70,70,70,70,70,70],"card_choices":[{"not_picked":["Backflip","Choke"],"picked":"Dagger Throw","floor":1},{"not_picked":["Flying Knee","Dagger Throw"],"picked":"Finisher","floor":2},{"not_picked":["Bouncing Flask","Dagger Spray"],"picked":"Poisoned Stab","floor":3},{"not_picked":["Flying Knee","Tactician"],"picked":"Dagger Spray","floor":5},{"not_picked":["Slice","Deadly Poison"],"picked":"Footwork","floor":7},{"not_picked":["Dagger Spray","Prepared"],"picked":"Blur","floor":10},{"not_picked":["Sucker Punch","Underhanded Strike"],"picked":"PiercingWail","floor":11},{"not_picked":["Unload","Bullet Time"],"picked":"After Image","floor":16},{"not_picked":["Underhanded Strike","Quick Slash"],"picked":"Blade Dance","floor":18},{"not_picked":["Expertise","Poisoned Stab+1"],"picked":"Leg Sweep","floor":19},{"not_picked":["Acrobatics","Quick Slash"],"picked":"All Out Attack","floor":24},{"not_picked":["Calculated Gamble","Riddle With Holes"],"picked":"Deadly Poison+1","floor":25},{"not_picked":["Reflex","Quick Slash+1"],"picked":"Predator+1","floor":27},{"not_picked":["Dagger Throw+1","Blade Dance"],"picked":"Skewer+1","floor":29},{"not_picked":["Slice+1","Heel Hook+1"],"picked":"Leg Sweep","floor":31},{"not_picked":["Die Die Die+1","Tools of the Trade"],"picked":"Unload+1","floor":33},{"not_picked":["Dagger Throw+1","Deflect+1"],"picked":"PiercingWail+1","floor":35},{"not_picked":["Skewer+1","Reflex+1"],"picked":"Poisoned Stab+1","floor":36},{"not_picked":["Bandage Up","Secret Weapon"],"picked":"Discovery","floor":37},{"not_picked":["Dodge and Roll","Backstab+1"],"picked":"Backflip+1","floor":38},{"not_picked":["Eviscerate+1","Riddle With Holes+1"],"picked":"Dagger Throw+1","floor":41},{"not_picked":["Underhanded Strike+1","Slice+1"],"picked":"Acrobatics+1","floor":44},{"not_picked":["Dagger Spray+1","Deflect+1"],"picked":"Deadly Poison+1","floor":46},{"not_picked":["Deflect+1","Eviscerate+1"],"picked":"Dagger Spray+1","floor":47},{"not_picked":["Underhanded Strike+1","Poisoned Stab+1"],"picked":"Caltrops+1","floor":48}],"player_experience":68452,"relics_obtained":[{"floor":9,"key":"Happy Flower"},{"floor":13,"key":"Sundial"},{"floor":24,"key":"Bottled Flame"},{"floor":26,"key":"Molten Egg 2"},{"floor":36,"key":"Bird Faced Urn"},{"floor":41,"key":"Bronze Scales"},{"floor":43,"key":"Lantern"}],"event_choices":[{"cards_removed":["Strike_G"],"damage_healed":0,"gold_gain":0,"player_choice":"Card Removal","damage_taken":0,"max_hp_gain":0,"max_hp_loss":0,"event_name":"The Cleric","floor":4,"gold_loss":50},{"cards_removed":["Defend_G"],"damage_healed":0,"gold_gain":0,"player_choice":"Gave Gold","damage_taken":0,"max_hp_gain":0,"max_hp_loss":0,"event_name":"Beggar","floor":20,"gold_loss":75},{"damage_healed":0,"gold_gain":0,"player_choice":"Forge","damage_taken":0,"max_hp_gain":0,"max_hp_loss":0,"event_name":"Accursed Blacksmith","floor":22,"gold_loss":0,"cards_upgraded":["After Image"]},{"damage_healed":0,"gold_gain":0,"player_choice":"Fight","damage_taken":0,"max_hp_gain":0,"max_hp_loss":0,"event_name":"MindBloom","floor":36,"gold_loss":0},{"damage_healed":0,"gold_gain":0,"player_choice":"Memory 1","damage_taken":0,"max_hp_gain":0,"max_hp_loss":0,"event_name":"SensoryStone","floor":37,"gold_loss":0}],"is_beta":false,"boss_relics":[{"not_picked":["WristBlade","Astrolabe"],"picked":"Empty Cage"},{"not_picked":["Lizard Tail","Busted Crown"],"picked":"Eternal Feather"}],"items_purged_floors":[],"is_endless":false,"potions_floor_spawned":[5,7,10,24,25,31,33,41,44,47],"ascension_level":0}