{"gold_per_floor":[112,128,128,128,143,143,143,174,174,174,186,214,229,57,57,152,152,167,180,57,57,57,57,92,118,118,149,149,41,61,79,79,176,176,193,193,19,34,46,46,77,77,77,77,97,115,127,5,5,5],"floor_reached":51,"playtime":4325,"items_purged":["Writhe","Strike_G"],"score":995,"play_id":"83157c0a-6594-4058-88eb-81975364691f","local_time":"20180704085954","is_ascension_mode":true,"campfire_choices":[{"data":"Phantasmal Killer","floor":6.0,"key":"SMITH"},{"data":"Neutralize","floor":10.0,"key":"SMITH"},{"floor":15.0,"key":"REST"},{"floor":23.0,"key":"REST"},{"floor":28.0,"key":"REST"},{"floor":32.0,"key":"REST"},{"data":"Footwork","floor":40,"key":"SMITH"},{"data":"Footwork","floor":42,"key":"SMITH"},{"data":"Cloak And Dagger","floor":44,"key":"SMITH"},{"data":"Night Terror","floor":49,"key":"SMITH"}],"neow_cost":"","seed_source_timestamp":415462377205,"circlet_count":0,"master_deck":["Defend_G","Defend_G","Defend_G","Defend_G","Defend_G","Strike_G","Survivor","Neutralize+1","Phantasmal Killer+1","All Out Attack","Noxious Fumes","PiercingWail","Endless Agony+1","Predator+1","Footwork+1","Crippling Poison","Dash+1","Die Die Die+1","Cloak And Dagger+1","Unload+1","Quick Slash+1","Caltrops","Backflip+1","Cloak And Dagger+1","Blur+1","Glass Knife+1","Terror+1","Cloak And Dagger+1","Adrenaline","Outmaneuver+1","Footwork+1","Backstab+1","Acrobatics+1","Dodge and Roll+1","Night Terror+1","Sucker Punch+1","PiercingWail"],"special_seed":0,"relics":["Ring of the Snake","The Courier","Ninja Scroll","Question Card","Molten Egg 2","Astrolabe","Anchor","Red Mask","Orichalcum","Mango","Pantograph","Coffee Dripper","Pen Nib","Pear"],"potions_floor_usage":[33,33,50,50],"damage_taken":[{"damage":1.0,"enemies":"Cultist","floor":1.0,"turns":3.0},{"damage":4.0,"enemies":"Jaw Worm","floor":2.0,"turns":6.0},{"damage":0.0,"enemies":"2 Louse","floor":5.0,"turns":2.0},{"damage":41.0,"enemies":"Lagavulin","floor":8.0,"turns":8.0},{"damage":1.0,"enemies":"Blue Slaver","floor":11.0,"turns":3.0},{"damage":11.0,"enemies":"3 Sentries","floor":12.0,"turns":5.0},{"damage":4.0,"enemies":"Exordium Thugs","floor":13.0,"turns":6.0},{"damage":8.0,"enemies":"The Guardian","floor":16.0,"turns":11.0},{"damage":21.0,"enemies":"2 Thieves","floor":18.0,"turns":4.0},{"damage":0.0,"enemies":"Spheric Guardian","floor":19.0,"turns":3.0},{"damage":3.0,"floor":24.0,"turns":5.0},{"damage":25.0,"enemies":"Book of Stabbing","floor":25.0,"turns":7.0},{"damage":32.0,"enemies":"Gremlin Leader","floor":27.0,"turns":7.0},{"damage":4.0,"enemies":"Centurion and Healer","floor":30.0,"turns":5.0},{"damage":3.0,"enemies":"Chosen and Byrds","floor":31.0,"turns":3.0},{"damage":55,"enemies":"Champ","floor":33,"turns":17},{"damage":2,"enemies":"3 Darklings","floor":35,"turns":5},{"damage":0,"enemies":"Orb Walker","floor":38,"turns":3},{"damage":0,"enemies":"4 Shapes","floor":39,"turns":5},{"damage":33,"enemies":"Giant Head","floor":41,"turns":9},{"damage":0,"enemies":"Sphere and 2 Shapes","floor":45,"turns":4},{"damage":0,"enemies":"Maw","floor":46,"turns":4},{"damage":6,"enemies":"3 Darklings","floor":47,"turns":4},{"damage":53,"enemies":"Awakened One","floor":50,"turns":20}],"seed_played":"765067383629119558","potions_obtained":[{"floor":2.0,"key":"SteroidPotion"},{"floor":5.0,"key":"LiquidBronze"},{"floor":13.0,"key":"Block Potion"},{"floor":16.0,"key":"EssenceOfSteel"},{"floor":25.0,"key":"SpeedPotion"},{"floor":27.0,"key":"Dexterity Potion"},{"floor":33,"key":"GhostInAJar"},{"floor":38,"key":"Dexterity Potion"},{"floor":39,"key":"FairyPotion"}],"is_trial":false,"path_per_floor":["M","M","?","?","M","R","?","E","T","R","M","E","M","$","R","B",null,"M","M","$","?","$","R","?","E","T","E","R","$","M","M","R","B",null,"M","?","$","M","M","R","E","R","T","R","M","M","M","$","R","B"],"character_chosen":"THE_SILENT","items_purchased":["Footwork","Crippling Poison","Dash+1","Anchor","Glass Knife+1","Footwork","Backstab+1","PiercingWail"],"campfire_rested":4,"item_purchase_floors":[],"current_hp_per_floor":[62,58,58,51,51,51,70,29,29,29,28,17,13,13,34,26,59,38,38,38,38,38,59,56,31,45,13,38,38,34,31,56,26,70,68,84,84,84,84,84,51,51,61,61,61,61,55,55,55,27],"gold":5,"neow_bonus":"","is_prod":false,"is_daily":false,"chose_seed":false,"campfire_upgraded":6,"win_rate":0,"timestamp":1530719994,"path_taken":["M","M","?","?","M","R","?","E","T","R","M","E","M","$","R","BOSS","M","M","$","?","$","R","?","E","T","E","R","$","M","M","R","BOSS","M","?","$","M","M","R","E","R","T","R","M","M","M","$","R","BOSS"],"build_version":"2018-06-28","purchased_purges":2,"victory":true,"max_hp_per_floor":[70,70,70,70,70,70,70,70,70,70,70,70,70,70,70,70,70,70,70,70,70,70,70,70,70,84,84,84,84,84,84,84,84,84,84,84,84,84,84,84,84,84,94,94,94,94,94,94,94,94],"card_choices":[{"not_picked":["Outmaneuver","Acrobatics"],"picked":"All Out Attack","floor":1.0},{"not_picked":["Deflect","Terror","Bane"],"picked":"SKIP","floor":2.0},{"not_picked":["Prepared","Calculated Gamble","Outmaneuver"],"picked":"SKIP","floor":5.0},{"not_picked":["Outmaneuver","All Out Attack"],"picked":"Noxious Fumes","floor":8.0},{"not_picked":["Reflex","Masterful Stab","Bane"],"picked":"PiercingWail","floor":11.0},{"not_picked":["Terror","All Out Attack","Escape Plan"],"picked":"Endless Agony","floor":12.0},{"not_picked":["Acrobatics","Endless Agony+1","Poisoned Stab+1"],"picked":"Predator+1","floor":13.0},{"not_picked":["Storm of Steel","Wraith Form v2","Tools of the Trade"],"picked":"Die Die Die+1","floor":16.0},{"not_picked":["Accuracy","Choke+1","Catalyst"],"picked":"Caltrops","floor":18.0},{"not_picked":["Deflect+1","Dagger Throw+1","Sucker Punch+1"],"picked":"Backflip+1","floor":19.0},{"not_picked":["Backflip","Escape Plan+1","Slice+1"],"picked":"Cloak And Dagger+1","floor":24.0},{"not_picked":["Escape Plan","Underhanded Strike+1","Flechettes+1"],"picked":"Blur+1","floor":25.0},{"not_picked":["Storm of Steel","Flying Knee+1","Bane+1","Prepared"],"picked":"SKIP","floor":27.0},{"not_picked":["Bane+1","Heel Hook+1","Dagger Throw+1"],"picked":"Terror+1","floor":30.0},{"not_picked":["Dagger Spray+1","Deadly Poison","Underhanded Strike+1"],"picked":"Cloak And Dagger","floor":31.0},{"not_picked":["Doppelganger","Die Die Die+1","Night Terror"],"picked":"Adrenaline","floor":33},{"not_picked":["Underhanded Strike+1","Concentrate+1","Endless Agony+1"],"picked":"Outmaneuver+1","floor":35},{"not_picked":["Backstab+1","Outmaneuver","Dodge and Roll+1"],"picked":"Acrobatics+1","floor":38},{"not_picked":["Concentrate+1","Dagger Throw+1","Flying Knee+1","Noxious Fumes+1"],"picked":"SKIP","floor":39},{"not_picked":["Underhanded Strike+1","Slice+1","Tactician","Outmaneuver+1"],"picked":"SKIP","floor":41},{"not_picked":["Flying Knee+1","Bane+1","Quick Slash+1"],"picked":"Dodge and Roll+1","floor":45},{"not_picked":["PiercingWail","Deflect+1","Sucker Punch+1"],"picked":"Night Terror","floor":46},{"not_picked":["Terror+1","Caltrops","Quick Slash+1"],"picked":"Sucker Punch+1","floor":47}],"player_experience":681488,"relics_obtained":[{"floor":8.0,"key":"Ninja Scroll"},{"floor":9.0,"key":"Question Card"},{"floor":12.0,"key":"Molten Egg 2"},{"floor":24.0,"key":"Red Mask"},{"floor":25.0,"key":"Orichalcum"},{"floor":26.0,"key":"Mango"},{"floor":27.0,"key":"Pantograph"},{"floor":41,"key":"Pen Nib"},{"floor":43,"key":"Pear"}],"event_choices":[{"event_name":"Liars Game","player_choice":"disagreed","floor":3.0,"damage_taken":0.0},{"event_name":"Scrap Ooze","player_choice":"success","floor":4.0,"damage_taken":7.0},{"event_name":"Big Fish","player_choice":"Banana","floor":7.0,"damage_taken":0.0},{"event_name":"Ghosts","player_choice":"Ignored","floor":21.0,"damage_taken":0.0},{"event_name":"Masked Bandits","player_choice":"Fought over 57 gold","floor":24.0,"damage_taken":0.0},{"event_name":"Winding Halls","player_choice":"Writhe","floor":36,"damage_taken":0}],"boss_relics":[{"not_picked":["Eternal Feather","Ectoplasm"],"picked":"Astrolabe"},{"not_picked":["Velvet Choker","Runic Pyramid"],"picked":"Coffee Dripper"}],"items_purged_floors":[37,48],"is_endless":false,"potions_floor_spawned":[2,5,13,16,25,27,31,33,38,39,46],"ascension_level":8}