{"gold_per_floor":[112,123,123,138,138,172,186,186,213,229,261,281,316,316,316,392,392,402,303,303,317,417,417,342,361,361,2,22,22,48,67,67,67],"floor_reached":33,"playtime":1295,"items_purged":["Strike_B"],"score":502,"play_id":"769b0226-1236-41a9-b218-b8f76f92be48","local_time":"20190408203953","is_ascension_mode":true,"campfire_choices":[{"data":"Zap","floor":8.0,"key":"SMITH"},{"floor":15.0,"key":"REST"},{"floor":29,"key":"REST"},{"data":"Defragment","floor":32,"key":"SMITH"}],"neow_cost":"NONE","seed_source_timestamp":44541345641524,"circlet_count":0,"master_deck":["AscendersBane","Strike_B+1","Strike_B","Defend_B","Defend_B","Defend_B","Defend_B","Zap+1","Dualcast","Leap","Gash+1","Sunder","Compile Driver","Loop","Conserve Battery","Cold Snap","Ball Lightning","Coolheaded","Rainbow","Buffer","Defragment+1","Leap","Glacier","Coolheaded+1","Echo Form","Hologram","Self Repair","Core Surge","Chaos"],"special_seed":0,"relics":["Cracked Core","PreservedInsect","Dream Catcher","Whetstone","Smiling Mask","Turnip","Nuclear Battery","Torii","Bottled Lightning","Sundial","DataDisk","Omamori"],"potions_floor_usage":[28,31],"damage_taken":[{"damage":0.0,"enemies":"Small Slimes","floor":1.0,"turns":3.0},{"damage":0.0,"enemies":"Cultist","floor":2.0,"turns":3.0},{"damage":0.0,"enemies":"Jaw Worm","floor":4.0,"turns":4.0},{"damage":15.0,"enemies":"3 Sentries","floor":6.0,"turns":6.0},{"damage":11.0,"enemies":"Blue Slaver","floor":7.0,"turns":4.0},{"damage":6.0,"enemies":"Large Slime","floor":10.0,"turns":5.0},{"damage":8.0,"enemies":"Gremlin Nob","floor":11.0,"turns":3.0},{"damage":0.0,"enemies":"2 Fungi Beasts","floor":12.0,"turns":4.0},{"damage":12.0,"enemies":"Lagavulin","floor":13.0,"turns":5.0},{"damage":26.0,"enemies":"Slime Boss","floor":16.0,"turns":6.0},{"damage":18.0,"enemies":"3 Byrds","floor":18.0,"turns":5.0},{"damage":15.0,"enemies":"2 Thieves","floor":21.0,"turns":5.0},{"damage":12.0,"enemies":"Colosseum Slavers","floor":22.0,"turns":6.0},{"damage":24.0,"enemies":"Colosseum Nobs","floor":22.0,"turns":4.0},{"damage":6.0,"enemies":"Centurion and Healer","floor":25.0,"turns":9.0},{"damage":0,"enemies":"Sentry and Sphere","floor":28,"turns":6},{"damage":17,"enemies":"Book of Stabbing","floor":30,"turns":7},{"damage":0,"enemies":"Snake Plant","floor":31,"turns":5},{"damage":22,"enemies":"Automaton","floor":33,"turns":4}],"seed_played":"53767737990723572","potions_obtained":[{"floor":2.0,"key":"Block Potion"},{"floor":4.0,"key":"SkillPotion"},{"floor":11.0,"key":"FocusPotion"},{"floor":13.0,"key":"Regen Potion"},{"floor":21.0,"key":"FairyPotion"}],"is_trial":false,"path_per_floor":["M","M","?","M","?","E","M","R","T","M","E","M","E","?","R","B",null,"M","$","?","M","?","?","?","M","T","$","M","R","E","M","R","B"],"character_chosen":"DEFECT","items_purchased":["Leap","DataDisk","Hologram","Self Repair","FocusPotion"],"campfire_rested":2,"item_purchase_floors":[19,27,27,27,27],"current_hp_per_floor":[64,64,64,64,64,49,38,38,38,32,24,24,12,12,33,7,55,37,37,37,36,7,7,7,1,1,1,1,22,12,19,19,0],"gold":67,"neow_bonus":"RANDOM_COMMON_RELIC","is_prod":false,"is_daily":false,"chose_seed":false,"campfire_upgraded":2,"win_rate":0,"timestamp":1554781193,"path_taken":["M","M","?","M","?","E","M","R","T","M","E","?","E","?","R","BOSS","M","$","?","M","?","?","?","M","T","?","M","R","E","?","R","BOSS"],"build_version":"2019-01-23","purchased_purges":1,"victory":false,"max_hp_per_floor":[71,71,71,71,71,71,71,71,71,71,71,71,71,71,71,71,71,71,71,71,71,71,71,71,71,71,71,71,71,71,71,71,71],"card_choices":[{"not_picked":["Beam Cell","Melter"],"picked":"Leap","floor":1.0},{"not_picked":["Heatsinks","Stack"],"picked":"Gash","floor":2.0},{"not_picked":["Sweeping Beam","Auto Shields"],"picked":"Sunder","floor":4.0},{"not_picked":["Machine Learning","Stack"],"picked":"Compile Driver","floor":6.0},{"not_picked":["Chaos","Fusion"],"picked":"Loop","floor":7.0},{"not_picked":["Scrape","Go for the Eyes"],"picked":"Conserve Battery","floor":10.0},{"not_picked":["Doom and Gloom","Reprogram"],"picked":"Cold Snap","floor":11.0},{"not_picked":["Cold Snap","Go for the Eyes"],"picked":"Ball Lightning","floor":12.0},{"not_picked":["Lockon","Leap"],"picked":"Coolheaded","floor":13.0},{"not_picked":["Loop","Fusion"],"picked":"Rainbow","floor":15.0},{"not_picked":["Rainbow","Hyperbeam"],"picked":"Buffer","floor":16.0},{"not_picked":["Leap","Compile Driver"],"picked":"Defragment","floor":18.0},{"not_picked":["Melter","Streamline"],"picked":"Glacier","floor":21.0},{"not_picked":["Redo","Steam"],"picked":"Coolheaded+1","floor":22.0},{"not_picked":["Tempest","Reinforced Body"],"picked":"Echo Form","floor":25.0},{"not_picked":["Coolheaded","Compile Driver","Conserve Battery"],"picked":"SKIP","floor":28},{"not_picked":["Blizzard","Double Energy"],"picked":"Core Surge","floor":30},{"not_picked":["Doom and Gloom","Storm"],"picked":"Chaos","floor":31}],"player_experience":2433623,"relics_obtained":[{"floor":6.0,"key":"Dream Catcher"},{"floor":9.0,"key":"Whetstone"},{"floor":11.0,"key":"Smiling Mask"},{"floor":13.0,"key":"Turnip"},{"floor":22.0,"key":"Torii"},{"floor":22.0,"key":"Bottled Lightning"},{"floor":26.0,"key":"Sundial"},{"floor":30,"key":"Omamori"}],"event_choices":[{"damage_healed":0.0,"max_hp_gain":0.0,"max_hp_loss":0.0,"gold_gain":0.0,"event_name":"Liars Game","player_choice":"Ignored","floor":3.0,"gold_loss":0.0,"damage_taken":0.0},{"damage_healed":0.0,"max_hp_gain":0.0,"max_hp_loss":0.0,"gold_gain":0.0,"event_name":"Lab","player_choice":"Got Potions","floor":5.0,"gold_loss":0.0,"damage_taken":0.0},{"damage_healed":0.0,"max_hp_gain":0.0,"max_hp_loss":0.0,"gold_gain":0.0,"event_name":"Golden Idol","player_choice":"Ignored","floor":14.0,"gold_loss":0.0,"damage_taken":0.0},{"damage_healed":0.0,"max_hp_gain":0.0,"max_hp_loss":0.0,"gold_gain":0.0,"event_name":"Vampires","player_choice":"Ignored","floor":20.0,"gold_loss":0.0,"damage_taken":0.0},{"damage_healed":0.0,"max_hp_gain":0.0,"max_hp_loss":0.0,"gold_gain":0.0,"event_name":"Colosseum","player_choice":"Fight","floor":22.0,"gold_loss":0.0,"damage_taken":0.0},{"damage_healed":0.0,"max_hp_gain":0.0,"max_hp_loss":0.0,"gold_gain":0.0,"event_name":"Colosseum","player_choice":"Fought Nobs","floor":22.0,"gold_loss":0.0,"damage_taken":0.0},{"damage_healed":0.0,"max_hp_gain":0.0,"max_hp_loss":0.0,"gold_gain":0.0,"event_name":"Ghosts","player_choice":"Ignored","floor":23.0,"gold_loss":0.0,"damage_taken":0.0},{"cards_removed":["Strike_B"],"damage_healed":0.0,"max_hp_gain":0.0,"max_hp_loss":0.0,"gold_gain":0.0,"event_name":"Beggar","player_choice":"Gave Gold","floor":24.0,"gold_loss":75.0,"damage_taken":0.0}],"is_beta":false,"boss_relics":[{"not_picked":["FrozenCore","Lizard Tail"],"picked":"Nuclear Battery"}],"items_purged_floors":[19],"is_endless":false,"potions_floor_spawned":[2,4,11,13,16,18,21,22],"killed_by":"Automaton","ascension_level":15}