{"gold_per_floor":[115,115,115,40,53,86,86,106,133,133,33,43,53,71,71,166,166,179,179,194,194,194,194,212,229,229,104,137,153,153,163,163,259,259,272,291,291,3,16,16,33,47,74,92,92,92,142,155,155,155],"floor_reached":50,"playtime":1938,"items_purged":["Strike_G","Defend_G","Defend_G"],"score":493,"play_id":"1821d892-f340-45ae-9344-37c90ccbfd8b","local_time":"20190113183816","is_ascension_mode":false,"campfire_choices":[{"floor":7.0,"key":"REST"},{"data":"Neutralize","floor":10.0,"key":"SMITH"},{"data":"Survivor","floor":15.0,"key":"SMITH"},{"data":"Corpse Explosion","floor":23.0,"key":"SMITH"},{"data":"Defend_G","floor":32.0,"key":"SMITH"},{"data":"Strike_G","floor":40,"key":"PURGE"},{"floor":49,"key":"REST"}],"neow_cost":"TEN_PERCENT_HP_LOSS","seed_source_timestamp":0,"circlet_count":0,"master_deck":["Defend_G+1","Defend_G+1","Defend_G+1","Strike_G+1","Strike_G+1","Survivor+1","Neutralize+1","Corpse Explosion+1"],"special_seed":0,"relics":["Ring of the Snake","Tingsha","Unceasing Top","Whetstone","Bag of Preparation","Busted Crown","MutagenicStrength","Blue Candle","Omamori","Velvet Choker","Peace Pipe","Potion Belt","Nunchaku"],"potions_floor_usage":[33,33,33,33,50,50],"damage_taken":[{"damage":2.0,"enemies":"Jaw Worm","floor":1.0,"turns":4.0},{"damage":0.0,"enemies":"Small Slimes","floor":5.0,"turns":3.0},{"damage":43.0,"enemies":"Gremlin Nob","floor":6.0,"turns":7.0},{"damage":0.0,"enemies":"2 Louse","floor":8.0,"turns":2.0},{"damage":0.0,"enemies":"Gremlin Gang","floor":12.0,"turns":5.0},{"damage":0.0,"enemies":"Large Slime","floor":13.0,"turns":8.0},{"damage":0.0,"enemies":"3 Louse","floor":14.0,"turns":2.0},{"damage":18.0,"enemies":"Hexaghost","floor":16.0,"turns":11.0},{"damage":5.0,"enemies":"Spheric Guardian","floor":18.0,"turns":5.0},{"damage":5.0,"enemies":"3 Byrds","floor":20.0,"turns":3.0},{"damage":0.0,"enemies":"Centurion and Healer","floor":24.0,"turns":3.0},{"damage":5.0,"enemies":"Sentry and Sphere","floor":25.0,"turns":4.0},{"damage":8.0,"enemies":"Book of Stabbing","floor":28.0,"turns":6.0},{"damage":0.0,"enemies":"Cultist and Chosen","floor":29.0,"turns":2.0},{"damage":1.0,"enemies":"Snake Plant","floor":31.0,"turns":4.0},{"damage":39,"enemies":"Champ","floor":33,"turns":14},{"damage":0,"enemies":"3 Shapes","floor":35,"turns":3},{"damage":0,"enemies":"3 Darklings","floor":36,"turns":2},{"damage":14,"enemies":"Writhing Mass","floor":39,"turns":7},{"damage":0,"enemies":"Jaw Worm Horde","floor":41,"turns":4},{"damage":0,"enemies":"Transient","floor":42,"turns":5},{"damage":0,"enemies":"3 Darklings","floor":44,"turns":2},{"damage":29,"enemies":"2 Orb Walkers","floor":47,"turns":4},{"damage":0,"enemies":"Jaw Worm Horde","floor":48,"turns":2},{"damage":58,"enemies":"Donu and Deca","floor":50,"turns":8}],"seed_played":"-8978307251487628332","potions_obtained":[{"floor":5.0,"key":"GhostInAJar"},{"floor":12.0,"key":"AttackPotion"},{"floor":14.0,"key":"Strength Potion"},{"floor":16.0,"key":"Swift Potion"},{"floor":24.0,"key":"EntropicBrew"},{"floor":25.0,"key":"Dexterity Potion"},{"floor":39,"key":"SneckoOil"},{"floor":44,"key":"FairyPotion"}],"is_trial":false,"path_per_floor":["M","?","T","$","M","E","R","M","T","R","$","M","M","M","R","B",null,"M","?","M","?","?","R","M","M","T","$","E","M","?","M","R","B",null,"M","M","?","$","M","R","M","M","T","M","$","$","?","M","R","B"],"character_chosen":"THE_SILENT","items_purchased":["Peace Pipe"],"campfire_rested":2,"item_purchase_floors":[38],"current_hp_per_floor":[61,48,48,48,48,5,23,23,23,23,23,23,23,23,23,5,63,58,63,58,58,58,58,58,53,53,53,45,45,45,44,44,5,63,63,63,63,63,49,49,49,49,49,49,49,49,20,20,38,0],"gold":155,"neow_bonus":"ONE_RARE_RELIC","is_prod":false,"is_daily":false,"chose_seed":false,"campfire_upgraded":4,"win_rate":0,"timestamp":1547401096,"path_taken":["M","?","?","$","M","E","R","M","T","R","$","M","?","M","R","BOSS","M","?","M","?","?","R","M","?","T","$","E","M","?","M","R","BOSS","M","M","?","$","M","R","M","M","T","?","?","$","?","M","R","BOSS"],"build_version":"2019-01-10","purchased_purges":3,"victory":false,"max_hp_per_floor":[63,63,63,63,63,63,63,63,63,63,63,63,63,63,63,63,63,63,63,63,63,63,63,63,63,63,63,63,63,63,63,63,63,63,63,63,63,63,63,63,63,63,63,63,63,63,63,63,63,63],"card_choices":[{"not_picked":["Quick Slash","Poisoned Stab","Cloak And Dagger"],"picked":"SKIP","floor":1.0},{"not_picked":["Finisher","Expertise","Riddle With Holes"],"picked":"SKIP","floor":5.0},{"not_picked":["Terror","Escape Plan","Dagger Spray"],"picked":"SKIP","floor":6.0},{"not_picked":["Outmaneuver","Flying Knee","Slice"],"picked":"SKIP","floor":8.0},{"not_picked":["Underhanded Strike","Endless Agony","Glass Knife"],"picked":"SKIP","floor":12.0},{"not_picked":["Underhanded Strike","Outmaneuver","Poisoned Stab"],"picked":"SKIP","floor":13.0},{"not_picked":["Backflip","Cloak And Dagger","Flying Knee"],"picked":"SKIP","floor":14.0},{"not_picked":["Unload","Glass Knife"],"picked":"Corpse Explosion","floor":16.0},{"not_picked":["Bane"],"picked":"SKIP","floor":18.0},{"not_picked":["Dagger Throw"],"picked":"SKIP","floor":20.0},{"not_picked":["Riddle With Holes"],"picked":"SKIP","floor":24.0},{"not_picked":["Footwork"],"picked":"SKIP","floor":25.0},{"not_picked":["Prepared"],"picked":"SKIP","floor":28.0},{"not_picked":["Footwork"],"picked":"SKIP","floor":29.0},{"not_picked":["Flying Knee"],"picked":"SKIP","floor":31.0},{"not_picked":["Outmaneuver"],"picked":"SKIP","floor":35},{"not_picked":["Deflect+1"],"picked":"SKIP","floor":36},{"not_picked":["All Out Attack+1"],"picked":"SKIP","floor":39},{"not_picked":["Infinite Blades"],"picked":"SKIP","floor":41},{"not_picked":["Deadly Poison"],"picked":"SKIP","floor":42},{"not_picked":["Poisoned Stab+1"],"picked":"SKIP","floor":44},{"not_picked":["Poisoned Stab+1"],"picked":"SKIP","floor":48}],"player_experience":450569,"relics_obtained":[{"floor":3.0,"key":"Unceasing Top"},{"floor":6.0,"key":"Whetstone"},{"floor":9.0,"key":"Bag of Preparation"},{"floor":26.0,"key":"Blue Candle"},{"floor":28.0,"key":"Omamori"},{"floor":43,"key":"Potion Belt"},{"floor":47,"key":"Nunchaku"}],"event_choices":[{"damage_healed":0.0,"max_hp_gain":0.0,"max_hp_loss":0.0,"gold_gain":0.0,"event_name":"Shining Light","player_choice":"Entered Light","floor":2.0,"gold_loss":0.0,"damage_taken":13.0,"cards_upgraded":["Defend_G","Defend_G"]},{"damage_healed":21.0,"max_hp_gain":0.0,"max_hp_loss":0.0,"gold_gain":0.0,"event_name":"The Library","player_choice":"Heal","floor":19.0,"gold_loss":0.0,"damage_taken":0.0},{"damage_healed":0.0,"max_hp_gain":0.0,"max_hp_loss":0.0,"gold_gain":0.0,"event_name":"Drug Dealer","player_choice":"Inject Mutagens","floor":21.0,"gold_loss":0.0,"damage_taken":0.0,"relics_obtained":["MutagenicStrength"]},{"cards_removed":["Strike_G"],"damage_healed":0.0,"max_hp_gain":0.0,"max_hp_loss":0.0,"gold_gain":0.0,"event_name":"Bonfire Elementals","player_choice":"Offered Basic","floor":22.0,"gold_loss":0.0,"damage_taken":0.0},{"damage_healed":0,"gold_gain":0,"player_choice":"Bought 0 Potions","damage_taken":0,"max_hp_gain":0,"max_hp_loss":0,"event_name":"The Woman in Blue","floor":37,"gold_loss":0},{"damage_healed":0,"gold_gain":0,"player_choice":"Fight","damage_taken":0,"max_hp_gain":0,"max_hp_loss":0,"event_name":"Mysterious Sphere","floor":47,"gold_loss":0}],"is_beta":false,"boss_relics":[{"not_picked":["Sozu","Black Star"],"picked":"Busted Crown"},{"not_picked":["Orrery","Runic Pyramid"],"picked":"Velvet Choker"}],"items_purged_floors":[4,11,27],"is_endless":false,"potions_floor_spawned":[5,12,14,16,24,25,28,31,39,41,42,44],"killed_by":"Donu and Deca","ascension_level":0}