{"gold_per_floor":[109,119,44,63,30,30,63,80,160,160,186,186,71,84,84,159,159,178,178,178,29,41,72,72,72,72,100,100,112,112,146,146,221,221,233,253,272,292,40,68,68,68,117,117,67,87,418,17,17,17],"floor_reached":50,"playtime":1581,"items_purged":["Strike_R","Strike_R"],"score":1059,"play_id":"45373ab6-6d51-486e-864e-134ad20b7638","local_time":"20181018103458","is_ascension_mode":true,"campfire_choices":[{"data":"Spot Weakness","floor":6.0,"key":"SMITH"},{"data":"Twin Strike","floor":10.0,"key":"SMITH"},{"data":"Anger","floor":12.0,"key":"SMITH"},{"data":"Inflame","floor":15.0,"key":"SMITH"},{"data":"True Grit","floor":24.0,"key":"SMITH"},{"data":"Disarm","floor":28.0,"key":"SMITH"},{"data":"Shrug It Off","floor":30.0,"key":"SMITH"},{"data":"Pummel","floor":32.0,"key":"SMITH"},{"data":"Flame Barrier","floor":41.0,"key":"SMITH"},{"data":"Metallicize","floor":44.0,"key":"SMITH"},{"data":"Defend_R","floor":49.0,"key":"SMITH"}],"neow_cost":"NONE","seed_source_timestamp":9268026431294,"circlet_count":0,"master_deck":["Strike_R+1","Strike_R+1","Defend_R","Defend_R","Defend_R+1","Bash+1","AscendersBane","Pommel Strike","Twin Strike+1","Pummel+1","Spot Weakness+1","Anger+1","Inflame+1","Heavy Blade+1","Metallicize+1","Immolate+1","True Grit+1","Pummel+1","Disarm+1","Iron Wave+1","Headbutt+1","Shrug It Off+1","True Grit+1","Flame Barrier+1","Shrug It Off+1","Pommel Strike+1","True Grit+1","Uppercut+1","Heavy Blade+1"],"special_seed":0,"relics":["Burning Blood","Prayer Wheel","Molten Egg 2","Bronze Scales","Coffee Dripper","Ornamental Fan","Paper Frog","Turnip","Whetstone","Pear","Eternal Feather","Lantern","Sundial","Blood Vial","Old Coin","Bag of Preparation","Bag of Marbles"],"potions_floor_usage":[50,50],"damage_taken":[{"damage":11.0,"enemies":"Jaw Worm","floor":1.0,"turns":4.0},{"damage":0.0,"enemies":"2 Louse","floor":2.0,"turns":3.0},{"damage":1.0,"enemies":"Cultist","floor":4.0,"turns":3.0},{"damage":13.0,"enemies":"Gremlin Nob","floor":7.0,"turns":4.0},{"damage":14.0,"enemies":"Red Slaver","floor":8.0,"turns":5.0},{"damage":5.0,"enemies":"3 Sentries","floor":11.0,"turns":4.0},{"damage":21.0,"enemies":"Blue Slaver","floor":14.0,"turns":3.0},{"damage":30.0,"enemies":"Slime Boss","floor":16.0,"turns":9.0},{"damage":2.0,"enemies":"3 Byrds","floor":18.0,"turns":4.0},{"damage":21.0,"enemies":"2 Thieves","floor":22.0,"turns":4.0},{"damage":0.0,"enemies":"Gremlin Leader","floor":23.0,"turns":3.0},{"damage":35.0,"enemies":"Slavers","floor":27.0,"turns":3.0},{"damage":3.0,"enemies":"Snake Plant","floor":29.0,"turns":3.0},{"damage":16.0,"enemies":"Gremlin Leader","floor":31.0,"turns":4.0},{"damage":30.0,"enemies":"Champ","floor":33.0,"turns":7.0},{"damage":1.0,"enemies":"3 Shapes","floor":35.0,"turns":6.0},{"damage":0.0,"enemies":"Orb Walker","floor":36.0,"turns":3.0},{"damage":25.0,"enemies":"Spire Growth","floor":37.0,"turns":4.0},{"damage":6.0,"enemies":"Sphere and 2 Shapes","floor":38.0,"turns":5.0},{"damage":50.0,"enemies":"Nemesis","floor":40.0,"turns":9.0},{"damage":16.0,"enemies":"3 Darklings","floor":46.0,"turns":4.0},{"damage":11.0,"enemies":"2 Orb Walkers","floor":47.0,"turns":4.0},{"damage":50,"enemies":"Donu and Deca","floor":50,"turns":3}],"seed_played":"7747555006217280957","potions_obtained":[{"floor":1.0,"key":"Explosive Potion"},{"floor":4.0,"key":"Ancient Potion"},{"floor":7.0,"key":"Energy Potion"},{"floor":16.0,"key":"AttackPotion"},{"floor":18.0,"key":"Strength Potion"},{"floor":27.0,"key":"Strength Potion"},{"floor":29.0,"key":"LiquidBronze"},{"floor":33.0,"key":"SteroidPotion"},{"floor":37.0,"key":"Strength Potion"},{"floor":47.0,"key":"AttackPotion"}],"is_trial":false,"path_per_floor":["M","M","?","M","$","R","E","M","T","R","E","R","$","M","R","B",null,"M","T","?","$","M","E","R","?","T","E","R","M","R","E","R","B",null,"M","M","M","M","$","E","R","?","T","R","$","M","E","$","R"],"character_chosen":"IRONCLAD","items_purchased":["Spot Weakness","Inflame","Heavy Blade+1","Pummel+1","Lantern","Pommel Strike+1","Bag of Preparation","Bag of Marbles","Heavy Blade+1","SteroidPotion"],"campfire_rested":0,"item_purchase_floors":[5,13,13,21,39,45,48,48,48,48],"current_hp_per_floor":[63,69,69,74,74,74,67,59,59,59,60,60,60,45,45,21,62,66,66,66,66,51,57,57,57,57,28,28,31,31,31,31,7,66,71,77,58,58,58,14,29,29,29,44,44,36,33,33,48,0],"gold":17,"neow_bonus":"UPGRADE_CARD","is_prod":false,"is_daily":false,"chose_seed":false,"campfire_upgraded":11,"win_rate":0,"timestamp":1539884098,"path_taken":["M","M","?","M","$","R","E","M","T","R","E","R","$","?","R","BOSS","M","?","?","$","M","E","R","?","T","E","R","?","R","E","R","BOSS","M","?","M","M","$","E","R","?","T","R","$","?","E","$","R","BOSS"],"build_version":"2018-10-11","purchased_purges":2,"victory":false,"max_hp_per_floor":[75,75,75,75,75,75,75,75,75,75,75,75,75,75,75,75,75,75,75,75,75,75,75,75,75,75,75,75,75,75,85,85,85,85,85,85,85,85,85,85,85,85,85,85,85,85,85,85,85,85],"card_choices":[{"not_picked":["Entrench","Rupture"],"picked":"Pommel Strike","floor":1.0},{"not_picked":["Warcry","Armaments"],"picked":"Twin Strike","floor":2.0},{"not_picked":["Sentinel","Wild Strike"],"picked":"Pummel","floor":4.0},{"not_picked":["Sword Boomerang","Wild Strike","Carnage"],"picked":"SKIP","floor":7.0},{"not_picked":["Infernal Blade","Heavy Blade"],"picked":"Anger","floor":8.0},{"not_picked":["Hemokinesis","Headbutt","Warcry"],"picked":"SKIP","floor":8.0},{"not_picked":["Dropkick+1","Havoc","Anger+1"],"picked":"SKIP","floor":11.0},{"not_picked":["Flex","Intimidate"],"picked":"Metallicize","floor":14.0},{"not_picked":["Wild Strike+1","Headbutt+1","Flex"],"picked":"SKIP","floor":14.0},{"not_picked":["Limit Break","Juggernaut"],"picked":"Immolate+1","floor":16.0},{"not_picked":["Warcry","Carnage+1"],"picked":"True Grit","floor":18.0},{"not_picked":["Dual Wield","Burning Pact","Thunderclap+1"],"picked":"SKIP","floor":18.0},{"not_picked":["Hemokinesis+1","Anger+1"],"picked":"Disarm","floor":22.0},{"not_picked":["Havoc","Armaments","Iron Wave+1"],"picked":"SKIP","floor":22.0},{"not_picked":["Heavy Blade+1","Havoc","Clothesline+1"],"picked":"SKIP","floor":23.0},{"not_picked":["Intimidate","Metallicize"],"picked":"Iron Wave+1","floor":27.0},{"not_picked":["Dual Wield","Perfected Strike+1"],"picked":"Headbutt+1","floor":29.0},{"not_picked":["Headbutt+1","Feed+1"],"picked":"Shrug It Off","floor":29.0},{"not_picked":["Entrench+1","Inflame","Seeing Red"],"picked":"SKIP","floor":31.0},{"not_picked":["Inflame","Intimidate"],"picked":"True Grit+1","floor":35.0},{"not_picked":["Iron Wave+1","Bloodletting","Armaments"],"picked":"SKIP","floor":35.0},{"not_picked":["Thunderclap+1","True Grit","Perfected Strike+1"],"picked":"SKIP","floor":36.0},{"not_picked":["Anger+1","Warcry","Armaments+1"],"picked":"SKIP","floor":36.0},{"not_picked":["Warcry+1","Carnage+1"],"picked":"Flame Barrier","floor":37.0},{"not_picked":["Dropkick+1","Heavy Blade+1","Bludgeon+1"],"picked":"SKIP","floor":37.0},{"not_picked":["Twin Strike+1","Warcry"],"picked":"Shrug It Off+1","floor":38.0},{"not_picked":["Clothesline+1","Intimidate","True Grit"],"picked":"SKIP","floor":38.0},{"not_picked":["Clothesline+1","Intimidate","True Grit"],"picked":"SKIP","floor":38.0},{"not_picked":["Second Wind","Warcry","Clash+1"],"picked":"SKIP","floor":40.0},{"not_picked":["Fire Breathing+1","Havoc+1"],"picked":"True Grit+1","floor":46.0},{"not_picked":["Heavy Blade+1","Havoc","Wild Strike+1"],"picked":"SKIP","floor":46.0},{"not_picked":["Disarm","Demon Form"],"picked":"Uppercut+1","floor":47.0}],"player_experience":1381277,"relics_obtained":[{"floor":7.0,"key":"Prayer Wheel"},{"floor":9.0,"key":"Molten Egg 2"},{"floor":11.0,"key":"Bronze Scales"},{"floor":19.0,"key":"Ornamental Fan"},{"floor":23.0,"key":"Paper Frog"},{"floor":26.0,"key":"Turnip"},{"floor":27.0,"key":"Whetstone"},{"floor":31.0,"key":"Pear"},{"floor":40.0,"key":"Sundial"},{"floor":43.0,"key":"Blood Vial"},{"floor":47.0,"key":"Old Coin"}],"event_choices":[{"event_name":"The Cleric","player_choice":"Card Removal","floor":3.0,"damage_taken":0.0},{"event_name":"Ghosts","player_choice":"Ignored","floor":20.0,"damage_taken":0.0},{"event_name":"The Mausoleum","player_choice":"No","floor":25.0,"damage_taken":0.0},{"event_name":"Falling","player_choice":"Removed Skill","floor":42.0,"damage_taken":0.0}],"is_beta":false,"boss_relics":[{"not_picked":["Pandora\u0027s Box","Black Blood"],"picked":"Coffee Dripper"},{"not_picked":["Runic Cube","Runic Pyramid"],"picked":"Eternal Feather"}],"items_purged_floors":[21,39],"is_endless":false,"potions_floor_spawned":[1,4,7,16,18,27,29,33,37,38,47],"killed_by":"Donu and Deca","ascension_level":15}