{"gold_per_floor":[113,113,129,129,140,140,169,169,169,169,184,211,231,104,104,180,180,190,16,66,79,29,29,57,76,76,109,109,122,122,154,154,232,232,252,307,307,18,31,58,75,101,172,191,250,269,280,18,18,18],"floor_reached":51,"playtime":3058,"items_purged":["Strike_G","Strike_G"],"score":1528,"play_id":"c83f1725-51a9-463b-a3cc-c56b2ebcd2e9","local_time":"20181121211658","is_ascension_mode":true,"campfire_choices":[{"data":"Neutralize","floor":6.0,"key":"SMITH"},{"data":"Cloak And Dagger","floor":10.0,"key":"SMITH"},{"floor":15.0,"key":"REST"},{"floor":23.0,"key":"REST"},{"floor":28.0,"key":"REST"},{"floor":30.0,"key":"REST"},{"data":"Footwork","floor":32.0,"key":"SMITH"},{"floor":49,"key":"REST"}],"neow_cost":"TEN_PERCENT_HP_LOSS","seed_source_timestamp":35114610449515,"circlet_count":0,"master_deck":["AscendersBane","Defend_G","Defend_G+1","Defend_G","Defend_G","Defend_G+1","Strike_G","Strike_G","Strike_G","Survivor","Neutralize+1","Flying Knee+1","Cloak And Dagger+1","Deadly Poison+1","Dodge and Roll","Parasite","Deflect","Poisoned Stab","Caltrops","Well Laid Plans","Footwork+1","Adrenaline","Dagger Throw+1","Quick Slash+1","Cloak And Dagger+1","Burst+1","Cloak And Dagger+1","PiercingWail+1","Impatience+1","Acrobatics+1","Deflect+1","Calculated Gamble+1","Catalyst+1","Cloak And Dagger+1","Prepared+1","Escape Plan+1","Cloak And Dagger+1","Apotheosis+1"],"special_seed":0,"relics":["Ring of the Snake","StoneCalendar","Paper Crane","The Courier","Pen Nib","Busted Crown","Vajra","Snake Skull","Toxic Egg 2","Kunai","Juzu Bracelet","Philosopher\u0027s Stone","The Specimen","Lee\u0027s Waffle","Ancient Tea Set","Happy Flower","Question Card","Tiny Chest"],"potions_floor_usage":[50],"damage_taken":[{"damage":6.0,"enemies":"Jaw Worm","floor":1.0,"turns":7.0},{"damage":0.0,"enemies":"2 Louse","floor":3.0,"turns":3.0},{"damage":0.0,"enemies":"Small Slimes","floor":5.0,"turns":4.0},{"damage":30.0,"enemies":"Gremlin Nob","floor":7.0,"turns":5.0},{"damage":3.0,"enemies":"2 Fungi Beasts","floor":11.0,"turns":5.0},{"damage":8.0,"enemies":"3 Sentries","floor":12.0,"turns":7.0},{"damage":0.0,"enemies":"Red Slaver","floor":13.0,"turns":4.0},{"damage":23.0,"enemies":"Slime Boss","floor":16.0,"turns":10.0},{"damage":6.0,"enemies":"Chosen","floor":18.0,"turns":7.0},{"damage":11.0,"enemies":"Shell Parasite","floor":21.0,"turns":5.0},{"damage":21.0,"enemies":"Gremlin Leader","floor":24.0,"turns":7.0},{"damage":11.0,"enemies":"Cultist and Chosen","floor":25.0,"turns":7.0},{"damage":7.0,"enemies":"Slavers","floor":27.0,"turns":7.0},{"damage":2.0,"enemies":"Centurion and Healer","floor":29.0,"turns":6.0},{"damage":1.0,"enemies":"Book of Stabbing","floor":31.0,"turns":5.0},{"damage":9.0,"enemies":"Champ","floor":33.0,"turns":14.0},{"damage":4.0,"enemies":"3 Shapes","floor":35.0,"turns":6.0},{"damage":17.0,"enemies":"2 Orb Walkers","floor":36.0,"turns":6.0},{"damage":3.0,"enemies":"3 Darklings","floor":39.0,"turns":7.0},{"damage":0.0,"enemies":"Nemesis","floor":40.0,"turns":7.0},{"damage":1.0,"enemies":"Spire Growth","floor":41.0,"turns":7.0},{"damage":0.0,"enemies":"Reptomancer","floor":42.0,"turns":7.0},{"damage":9.0,"enemies":"4 Shapes","floor":44.0,"turns":7.0},{"damage":0,"enemies":"Giant Head","floor":45,"turns":6},{"damage":3,"enemies":"Maw","floor":46,"turns":6},{"damage":9,"enemies":"Sphere and 2 Shapes","floor":47,"turns":6},{"damage":10,"enemies":"Awakened One","floor":50,"turns":14}],"seed_played":"-3159480623365336547","potions_obtained":[{"floor":1.0,"key":"Fire Potion"},{"floor":7.0,"key":"EssenceOfSteel"},{"floor":12.0,"key":"SpeedPotion"},{"floor":24.0,"key":"Energy Potion"},{"floor":27.0,"key":"AttackPotion"},{"floor":29.0,"key":"Swift Potion"},{"floor":31.0,"key":"GhostInAJar"},{"floor":36.0,"key":"Poison Potion"}],"is_trial":false,"path_per_floor":["M","?","M","?","M","R","E","?","T","R","M","E","M","$","R","B",null,"M","$","?","M","?","R","E","M","T","E","R","M","R","E","R","B",null,"M","?","?","$","M","E","M","E","T","M","E","M","M","$","R","B",null],"character_chosen":"THE_SILENT","items_purchased":["Well Laid Plans","Footwork","Vajra","Acrobatics+1","Deflect+1","Calculated Gamble+1","Lee\u0027s Waffle","Cloak And Dagger+1","Apotheosis+1"],"campfire_rested":5,"item_purchase_floors":[14,14,19,38,38,38,38,48,48],"current_hp_per_floor":[53,35,35,35,35,35,5,20,20,20,17,9,9,9,27,4,46,40,40,40,29,29,47,26,15,15,8,26,24,42,41,41,32,53,49,32,32,67,64,64,63,63,63,54,54,51,42,42,62,52],"gold":18,"neow_bonus":"ONE_RARE_RELIC","is_prod":false,"is_daily":false,"chose_seed":false,"campfire_upgraded":3,"win_rate":0,"timestamp":1542863818,"path_taken":["M","?","M","?","M","R","E","?","T","R","M","E","M","$","R","BOSS","M","$","?","M","?","R","E","?","T","E","R","M","R","E","R","BOSS","M","?","?","$","M","E","M","E","T","M","E","M","M","$","R","BOSS"],"build_version":"2018-11-15","purchased_purges":2,"victory":true,"max_hp_per_floor":[60,60,60,60,60,60,60,60,60,60,60,60,60,60,60,60,60,60,60,60,60,60,60,60,60,60,60,60,60,60,60,60,60,60,60,60,60,67,67,67,67,67,67,67,67,67,67,67,67,67],"card_choices":[{"not_picked":["Accuracy","Skewer"],"picked":"Flying Knee","floor":1.0},{"not_picked":["Underhanded Strike","Outmaneuver"],"picked":"Cloak And Dagger","floor":3.0},{"not_picked":["Slice","Blade Dance"],"picked":"Deadly Poison","floor":5.0},{"not_picked":["Reflex","Doppelganger"],"picked":"Dodge and Roll","floor":7.0},{"not_picked":["Underhanded Strike","Blade Dance"],"picked":"Deflect","floor":11.0},{"not_picked":["Phantasmal Killer","Deflect"],"picked":"Poisoned Stab","floor":12.0},{"not_picked":["Deflect","Distraction"],"picked":"Caltrops","floor":13.0},{"not_picked":["Venomology","Grand Finale"],"picked":"Adrenaline","floor":16.0},{"not_picked":[],"picked":"Dagger Throw+1","floor":18.0},{"not_picked":[],"picked":"Quick Slash+1","floor":21.0},{"not_picked":["Caltrops"],"picked":"SKIP","floor":24.0},{"not_picked":["Poisoned Stab"],"picked":"SKIP","floor":25.0},{"not_picked":["Underhanded Strike"],"picked":"SKIP","floor":27.0},{"not_picked":[],"picked":"Cloak And Dagger+1","floor":29.0},{"not_picked":["Tactician+1"],"picked":"SKIP","floor":31.0},{"not_picked":[],"picked":"Burst+1","floor":33.0},{"not_picked":[],"picked":"Cloak And Dagger+1","floor":35.0},{"not_picked":[],"picked":"PiercingWail+1","floor":36.0},{"not_picked":[],"picked":"Impatience+1","floor":37.0},{"not_picked":[],"picked":"Catalyst+1","floor":39.0},{"not_picked":["A Thousand Cuts"],"picked":"SKIP","floor":40.0},{"not_picked":["Calculated Gamble+1"],"picked":"SKIP","floor":41.0},{"not_picked":[],"picked":"Cloak And Dagger+1","floor":42.0},{"not_picked":["Sucker Punch"],"picked":"Prepared+1","floor":44.0},{"not_picked":["Endless Agony","Poisoned Stab"],"picked":"SKIP","floor":45},{"not_picked":["Eviscerate","Venomology+1"],"picked":"SKIP","floor":46},{"not_picked":["Blade Dance+1"],"picked":"Escape Plan+1","floor":47}],"player_experience":1646252,"relics_obtained":[{"floor":7.0,"key":"Paper Crane"},{"floor":9.0,"key":"The Courier"},{"floor":12.0,"key":"Pen Nib"},{"floor":24.0,"key":"Snake Skull"},{"floor":26.0,"key":"Toxic Egg 2"},{"floor":27.0,"key":"Kunai"},{"floor":31.0,"key":"Juzu Bracelet"},{"floor":36.0,"key":"The Specimen"},{"floor":40.0,"key":"Ancient Tea Set"},{"floor":42.0,"key":"Happy Flower"},{"floor":43.0,"key":"Question Card"},{"floor":45,"key":"Tiny Chest"}],"event_choices":[{"damage_healed":0.0,"max_hp_gain":0.0,"max_hp_loss":0.0,"gold_gain":0.0,"event_name":"Shining Light","player_choice":"Entered Light","floor":2.0,"gold_loss":0.0,"damage_taken":18.0,"cards_upgraded":["Defend_G","Defend_G"]},{"damage_healed":0.0,"max_hp_gain":0.0,"max_hp_loss":0.0,"gold_gain":0.0,"event_name":"Liars Game","player_choice":"Ignored","floor":4.0,"gold_loss":0.0,"damage_taken":0.0},{"damage_healed":15.0,"max_hp_gain":0.0,"max_hp_loss":0.0,"gold_gain":0.0,"event_name":"Mushrooms","player_choice":"Healed and dodged fight","floor":8.0,"gold_loss":0.0,"damage_taken":0.0,"cards_obtained":["Parasite"]},{"damage_healed":0.0,"max_hp_gain":0.0,"max_hp_loss":0.0,"gold_gain":50.0,"event_name":"Nest","player_choice":"Stole From Cult","floor":20.0,"gold_loss":0.0,"damage_taken":0.0},{"damage_healed":0.0,"max_hp_gain":0.0,"max_hp_loss":0.0,"gold_gain":0.0,"event_name":"Designer","player_choice":"Upgraded Two","floor":22.0,"gold_loss":50.0,"damage_taken":0.0,"cards_upgraded":["Flying Knee","Deadly Poison"]},{"damage_healed":0.0,"max_hp_gain":0.0,"max_hp_loss":0.0,"gold_gain":0.0,"event_name":"Mysterious Sphere","player_choice":"Fight","floor":36.0,"gold_loss":0.0,"damage_taken":0.0},{"damage_healed":0.0,"max_hp_gain":0.0,"max_hp_loss":0.0,"gold_gain":0.0,"event_name":"SensoryStone","player_choice":"Memory 1","floor":37.0,"gold_loss":0.0,"damage_taken":0.0}],"is_beta":false,"boss_relics":[{"not_picked":["Orrery","Lizard Tail"],"picked":"Busted Crown"},{"not_picked":["Runic Pyramid","Tiny House"],"picked":"Philosopher\u0027s Stone"}],"items_purged_floors":[19,48],"is_endless":false,"potions_floor_spawned":[1,7,12,24,27,29,31,35,36,40,42,45],"ascension_level":15}