{"gold_per_floor":[119,119,139,149,33,33,55,55,133,152,152,165,176,176,176,275,275,285,30,30,30,49,49,82,82,82,98,110,128,128,138,138,240,240,258,258,11,11,11,11,37,48,48,59,77,77,87,100,100,100],"floor_reached":51,"playtime":2777,"items_purged":["Regret"],"score":740,"play_id":"2113ce6a-0cac-4f52-a069-0247128d3070","local_time":"20181223142153","is_ascension_mode":false,"campfire_choices":[{"data":"Cloak And Dagger","floor":6.0,"key":"SMITH"},{"data":"Leg Sweep","floor":8.0,"key":"SMITH"},{"data":"Accuracy","floor":15.0,"key":"SMITH"},{"data":"Infinite Blades","floor":23.0,"key":"SMITH"},{"data":"Storm of Steel","floor":25.0,"key":"SMITH"},{"data":"Burst","floor":32.0,"key":"SMITH"},{"data":"Mind Blast","floor":40,"key":"SMITH"},{"data":"Footwork","floor":46,"key":"SMITH"},{"floor":49,"key":"REST"}],"neow_cost":"TEN_PERCENT_HP_LOSS","seed_source_timestamp":0,"circlet_count":0,"master_deck":["Defend_G","Defend_G","Defend_G","Defend_G","Defend_G","Strike_G","Strike_G","Strike_G","Strike_G","Strike_G","Survivor","Neutralize+1","Cloak And Dagger+1","Distraction","Blade Dance","Setup","Leg Sweep+1","PiercingWail","Accuracy+1","Burst+1","Blade Dance","Infinite Blades+1","Storm of Steel+1","Dodge and Roll","Terror","Cloak And Dagger","Prepared+1","Unload","PiercingWail+1","Burst+1","Mind Blast+1","Footwork+1","Crippling Poison+1","Writhe","Blur"],"special_seed":0,"relics":["Ring of the Snake","Dead Branch","Darkstone Periapt","Odd Mushroom","Bottled Flame","Kunai","Cursed Key","Matryoshka","MutagenicStrength","Question Card","Pen Nib","Gremlin Horn","WristBlade","Dodecahedron","Spirit Poop","Potion Belt","Shuriken","The Specimen"],"potions_floor_usage":[41,50,50,50],"damage_taken":[{"damage":0.0,"enemies":"Jaw Worm","floor":1.0,"turns":5.0},{"damage":2.0,"enemies":"Small Slimes","floor":3.0,"turns":3.0},{"damage":4.0,"enemies":"2 Louse","floor":4.0,"turns":2.0},{"damage":6.0,"enemies":"The Mushroom Lair","floor":7.0,"turns":4.0},{"damage":10.0,"enemies":"Large Slime","floor":10.0,"turns":6.0},{"damage":0.0,"enemies":"3 Louse","floor":12.0,"turns":4.0},{"damage":3.0,"enemies":"Lots of Slimes","floor":13.0,"turns":4.0},{"damage":11.0,"enemies":"The Guardian","floor":16.0,"turns":18.0},{"damage":12.0,"enemies":"Spheric Guardian","floor":18.0,"turns":7.0},{"damage":0.0,"enemies":"Shell Parasite","floor":22.0,"turns":6.0},{"damage":5.0,"enemies":"Slavers","floor":24.0,"turns":5.0},{"damage":0.0,"enemies":"Sentry and Sphere","floor":27.0,"turns":2.0},{"damage":5.0,"enemies":"Centurion and Healer","floor":28.0,"turns":4.0},{"damage":0.0,"enemies":"Snecko","floor":29.0,"turns":4.0},{"damage":0.0,"enemies":"Snake Plant","floor":31.0,"turns":3.0},{"damage":8.0,"enemies":"Champ","floor":33.0,"turns":11.0},{"damage":0,"enemies":"3 Darklings","floor":35,"turns":4},{"damage":0,"enemies":"Reptomancer","floor":41,"turns":3},{"damage":0,"enemies":"Orb Walker","floor":42,"turns":3},{"damage":5,"enemies":"Maw","floor":44,"turns":5},{"damage":0,"enemies":"Sphere and 2 Shapes","floor":45,"turns":2},{"damage":1,"enemies":"Jaw Worm Horde","floor":47,"turns":2},{"damage":6,"enemies":"Maw","floor":48,"turns":6},{"damage":4,"enemies":"Awakened One","floor":50,"turns":6}],"seed_played":"-3126897251636322849","potions_obtained":[{"floor":7.0,"key":"LiquidBronze"},{"floor":10.0,"key":"SteroidPotion"},{"floor":13.0,"key":"Fire Potion"},{"floor":29.0,"key":"Explosive Potion"},{"floor":31.0,"key":"SkillPotion"},{"floor":33.0,"key":"FairyPotion"},{"floor":41,"key":"Strength Potion"},{"floor":48,"key":"Explosive Potion"}],"is_trial":false,"path_per_floor":["M","?","M","M","$","R","?","R","T","M","?","M","M","?","R","B",null,"M","$","?","?","M","R","E","R","T","M","M","M","?","M","R","B",null,"M","?","$","?","?","R","E","M","T","M","M","R","M","M","R","B",null],"character_chosen":"THE_SILENT","items_purchased":["Setup","Matryoshka","Dodecahedron"],"campfire_rested":1,"item_purchase_floors":[5,19,37],"current_hp_per_floor":[63,69,67,63,63,63,57,57,57,47,47,47,44,37,37,26,69,57,57,57,57,57,57,52,52,58,58,53,53,53,53,53,45,75,75,75,75,75,75,75,75,75,81,76,76,76,75,69,81,77],"gold":100,"neow_bonus":"ONE_RARE_RELIC","is_prod":false,"is_daily":false,"chose_seed":false,"campfire_upgraded":8,"win_rate":0,"timestamp":1545571313,"path_taken":["M","?","M","M","$","R","?","R","T","M","?","M","M","?","R","BOSS","M","$","?","?","M","R","E","R","T","M","M","M","?","?","R","BOSS","M","?","?","?","?","R","E","M","T","M","?","R","M","M","R","BOSS"],"build_version":"2018-12-20","purchased_purges":1,"victory":true,"max_hp_per_floor":[63,69,69,69,69,69,69,69,69,69,69,69,69,69,69,69,69,69,69,69,69,69,69,69,69,75,75,75,75,75,75,75,75,75,75,75,75,75,75,75,75,75,81,81,81,81,81,81,81,81],"card_choices":[{"not_picked":["PiercingWail","Backstab"],"picked":"Cloak And Dagger","floor":1.0},{"not_picked":["Reflex","Acrobatics"],"picked":"Distraction","floor":3.0},{"not_picked":["Flying Knee","Acrobatics"],"picked":"Blade Dance","floor":4.0},{"not_picked":["Expertise","Deflect"],"picked":"Leg Sweep","floor":7.0},{"not_picked":["Backflip","Underhanded Strike"],"picked":"PiercingWail","floor":10.0},{"not_picked":["Dodge and Roll","Skewer"],"picked":"Accuracy","floor":12.0},{"not_picked":["Acrobatics","Backflip","Bane"],"picked":"SKIP","floor":13.0},{"not_picked":["Die Die Die","After Image"],"picked":"Burst","floor":16.0},{"not_picked":["Slice","Outmaneuver+1"],"picked":"Blade Dance","floor":18.0},{"not_picked":["Dagger Throw","Flying Knee+1","Reflex"],"picked":"SKIP","floor":22.0},{"not_picked":["Tactician","All Out Attack+1"],"picked":"Storm of Steel","floor":24.0},{"not_picked":["Catalyst+1","Endless Agony","Distraction"],"picked":"Dodge and Roll","floor":27.0},{"not_picked":["Endless Agony","Prepared","Riddle With Holes"],"picked":"Terror","floor":28.0},{"not_picked":["Dagger Spray","Underhanded Strike","Blade Dance"],"picked":"Cloak And Dagger","floor":29.0},{"not_picked":["Distraction+1","Endless Agony","Bouncing Flask"],"picked":"Prepared+1","floor":31.0},{"not_picked":["Corpse Explosion","Malaise","Grand Finale"],"picked":"Unload","floor":33.0},{"not_picked":["Eviscerate+1","Backstab+1","Bouncing Flask+1"],"picked":"PiercingWail+1","floor":35},{"not_picked":["HandOfGreed","Purity","Forethought"],"picked":"Mind Blast","floor":38},{"not_picked":["Quick Slash","Deflect","Blade Dance"],"picked":"Footwork","floor":41},{"not_picked":["Flying Knee","Sucker Punch","Backstab+1"],"picked":"Crippling Poison+1","floor":42},{"not_picked":["Quick Slash+1","Catalyst","Prepared+1"],"picked":"Blur","floor":44},{"not_picked":["Slice","Setup","Poisoned Stab","Quick Slash+1"],"picked":"SKIP","floor":45},{"not_picked":["Setup","Blade Dance","Venomology","Prepared"],"picked":"SKIP","floor":47},{"not_picked":["Quick Slash+1","Finisher","Outmaneuver","Deadly Poison"],"picked":"SKIP","floor":48}],"player_experience":379717,"relics_obtained":[{"floor":7.0,"key":"Odd Mushroom"},{"floor":9.0,"key":"Bottled Flame"},{"floor":24.0,"key":"Question Card"},{"floor":26.0,"key":"Pen Nib"},{"floor":26.0,"key":"Gremlin Horn"},{"floor":41,"key":"Potion Belt"},{"floor":43,"key":"Shuriken"},{"floor":43,"key":"The Specimen"}],"event_choices":[{"damage_healed":0.0,"max_hp_gain":0.0,"max_hp_loss":0.0,"gold_gain":0.0,"event_name":"Big Fish","player_choice":"Box","floor":2.0,"gold_loss":0.0,"damage_taken":0.0,"relics_obtained":["Darkstone Periapt"],"cards_obtained":["Regret"]},{"damage_healed":0.0,"max_hp_gain":0.0,"max_hp_loss":0.0,"gold_gain":0.0,"event_name":"Mushrooms","player_choice":"Fought Mushrooms","floor":7.0,"gold_loss":0.0,"damage_taken":0.0},{"damage_healed":0.0,"max_hp_gain":0.0,"max_hp_loss":0.0,"gold_gain":0.0,"event_name":"Living Wall","player_choice":"Grow","floor":11.0,"gold_loss":0.0,"damage_taken":0.0,"cards_upgraded":["Neutralize"]},{"damage_healed":0.0,"max_hp_gain":0.0,"max_hp_loss":0.0,"gold_gain":0.0,"event_name":"Scrap Ooze","player_choice":"Success","floor":14.0,"gold_loss":0.0,"damage_taken":7.0,"relics_obtained":["Kunai"]},{"damage_healed":0.0,"max_hp_gain":0.0,"max_hp_loss":0.0,"gold_gain":0.0,"event_name":"Drug Dealer","player_choice":"Inject Mutagens","floor":20.0,"gold_loss":0.0,"damage_taken":0.0,"relics_obtained":["MutagenicStrength"]},{"damage_healed":0.0,"max_hp_gain":0.0,"max_hp_loss":0.0,"gold_gain":0.0,"event_name":"The Library","player_choice":"Read","floor":21.0,"gold_loss":0.0,"damage_taken":0.0,"cards_obtained":["Infinite Blades"]},{"damage_healed":0.0,"max_hp_gain":0.0,"max_hp_loss":0.0,"gold_gain":0.0,"event_name":"N\u0027loth","player_choice":"Ignored","floor":30.0,"gold_loss":0.0,"damage_taken":0.0},{"damage_healed":0,"gold_gain":0,"player_choice":"Copied","damage_taken":0,"max_hp_gain":0,"max_hp_loss":0,"event_name":"Duplicator","floor":36,"gold_loss":0,"cards_obtained":["Burst"]},{"damage_healed":0,"gold_gain":0,"player_choice":"Memory 1","damage_taken":0,"max_hp_gain":0,"max_hp_loss":0,"event_name":"SensoryStone","floor":38,"gold_loss":0},{"cards_removed":["Shame"],"damage_healed":0,"gold_gain":0,"player_choice":"Offered Curse","damage_taken":0,"relics_obtained":["Spirit Poop"],"max_hp_gain":0,"max_hp_loss":0,"event_name":"Bonfire Elementals","floor":39,"gold_loss":0}],"is_beta":false,"boss_relics":[{"not_picked":["Snecko Eye","Calling Bell"],"picked":"Cursed Key"},{"not_picked":["Runic Pyramid","Fusion Hammer"],"picked":"WristBlade"}],"items_purged_floors":[5],"is_endless":false,"potions_floor_spawned":[7,10,13,29,31,33,41,48],"ascension_level":0}