{"gold_per_floor":[118,130,55,130,130,161,161,179,179,179,198,198,209,243,243,243],"floor_reached":16,"playtime":553,"items_purged":["Strike_R"],"score":193,"play_id":"a9746a25-8df4-4439-833a-f39d427226ad","local_time":"20190122022209","is_ascension_mode":true,"campfire_choices":[{"floor":7.0,"key":"REST"},{"data":"Intimidate","floor":10.0,"key":"SMITH"},{"floor":15.0,"key":"REST"}],"neow_cost":"NONE","seed_source_timestamp":73036174543088,"circlet_count":0,"master_deck":["AscendersBane","Strike_R","Strike_R","Strike_R","Defend_R","Defend_R","Defend_R","Bash","Wild Strike","Intimidate+1","Fiend Fire","Carnage","Havoc+1","Whirlwind","Feed"],"special_seed":0,"relics":["Burning Blood","Boot","Toxic Egg 2","Dodecahedron","Lantern"],"potions_floor_usage":[16],"damage_taken":[{"damage":4.0,"enemies":"2 Louse","floor":1.0,"turns":4.0},{"damage":7.0,"enemies":"Jaw Worm","floor":2.0,"turns":3.0},{"damage":51.0,"enemies":"Lagavulin","floor":6.0,"turns":7.0},{"damage":0.0,"enemies":"Cultist","floor":8.0,"turns":3.0},{"damage":10.0,"enemies":"2 Fungi Beasts","floor":11.0,"turns":3.0},{"damage":8.0,"enemies":"3 Louse","floor":13.0,"turns":2.0},{"damage":13.0,"enemies":"Gremlin Nob","floor":14.0,"turns":3.0},{"damage":52,"enemies":"Slime Boss","floor":16,"turns":7}],"seed_played":"-1242881822783609068","potions_obtained":[{"floor":6.0,"key":"Fire Potion"},{"floor":11.0,"key":"FearPotion"},{"floor":14.0,"key":"EssenceOfSteel"}],"is_trial":false,"path_per_floor":["M","M","$","?","?","E","R","M","T","R","M","?","M","E","R","B"],"character_chosen":"IRONCLAD","items_purchased":[],"campfire_rested":2,"item_purchase_floors":[],"current_hp_per_floor":[70,69,69,58,58,13,35,41,41,41,37,30,28,21,43,0],"gold":243,"neow_bonus":"RANDOM_COMMON_RELIC","is_prod":false,"is_daily":false,"chose_seed":false,"campfire_upgraded":1,"win_rate":0,"timestamp":1548120129,"path_taken":["M","M","$","?","?","E","R","M","T","R","M","?","M","E","R","BOSS"],"build_version":"2019-01-17v2","purchased_purges":1,"victory":false,"max_hp_per_floor":[75,75,75,75,75,75,75,75,75,75,75,75,75,75,75,75],"card_choices":[{"not_picked":["Reckless Charge","Anger"],"picked":"Wild Strike","floor":1.0},{"not_picked":["Dropkick","Infernal Blade"],"picked":"Intimidate","floor":2.0},{"not_picked":["Clash","Burning Pact"],"picked":"Carnage","floor":6.0},{"not_picked":["Wild Strike","Body Slam"],"picked":"Havoc+1","floor":8.0},{"not_picked":["Havoc+1","Warcry+1","Sever Soul"],"picked":"SKIP","floor":11.0},{"not_picked":["Infernal Blade+1","Immolate"],"picked":"Whirlwind","floor":13.0},{"not_picked":["True Grit+1","Cleave"],"picked":"Feed","floor":14.0}],"player_experience":526027,"relics_obtained":[{"floor":6.0,"key":"Toxic Egg 2"},{"floor":9.0,"key":"Dodecahedron"},{"floor":14.0,"key":"Lantern"}],"event_choices":[{"damage_healed":0.0,"max_hp_gain":0.0,"max_hp_loss":0.0,"gold_gain":75.0,"event_name":"World of Goop","player_choice":"Gather Gold","floor":4.0,"gold_loss":0.0,"damage_taken":11.0},{"damage_healed":0.0,"max_hp_gain":0.0,"max_hp_loss":0.0,"gold_gain":0.0,"cards_transformed":["Strike_R"],"event_name":"Living Wall","player_choice":"Change","floor":5.0,"gold_loss":0.0,"damage_taken":0.0,"cards_obtained":["Fiend Fire"]},{"cards_removed":["Defend_R"],"damage_healed":0.0,"max_hp_gain":0.0,"max_hp_loss":0.0,"gold_gain":0.0,"event_name":"Golden Wing","player_choice":"Card Removal","floor":12.0,"gold_loss":0.0,"damage_taken":7.0}],"is_beta":false,"boss_relics":[],"items_purged_floors":[3],"is_endless":false,"potions_floor_spawned":[6,11,14],"killed_by":"Slime Boss","ascension_level":15}