{"gold_per_floor":[114,114,164,17,17,17,17,51,51,51,51,51,70,89,89,89],"floor_reached":16,"playtime":445,"items_purged":["Decay"],"score":168,"play_id":"886e88d2-ef35-4d2e-b398-69d8e5c1d33c","local_time":"20180920104705","is_ascension_mode":true,"campfire_choices":[{"data":"Zap","floor":6.0,"key":"SMITH"},{"data":"Dualcast","floor":7.0,"key":"SMITH"},{"floor":12,"key":"REST"},{"data":"Go for the Eyes","floor":15,"key":"SMITH"}],"neow_cost":"CURSE","seed_source_timestamp":12457197655207,"circlet_count":0,"master_deck":["Strike_B","Strike_B","Strike_B","Strike_B","Defend_B","Defend_B","Defend_B","Zap+1","Dualcast+1","AscendersBane","Steam","FTL","Go for the Eyes+1","Beam Cell"],"special_seed":0,"relics":["Cracked Core","Unceasing Top","WingedGreaves","Golden Idol","Mummified Hand","Pen Nib"],"potions_floor_usage":[16],"damage_taken":[{"damage":6.0,"enemies":"Jaw Worm","floor":1.0,"turns":3.0},{"damage":20,"enemies":"3 Sentries","floor":8,"turns":9},{"damage":0,"enemies":"Cultist","floor":13,"turns":3},{"damage":0,"enemies":"2 Louse","floor":14,"turns":2},{"damage":37,"enemies":"Hexaghost","floor":16,"turns":9}],"seed_played":"-5818117871896021652","potions_obtained":[{"floor":1.0,"key":"SmokeBomb"},{"floor":14,"key":"SteroidPotion"}],"is_trial":false,"path_per_floor":["M","?","?","$","?","R","R","E","T","$","?","R","M","M","R"],"character_chosen":"DEFECT","items_purchased":["FTL"],"campfire_rested":1,"item_purchase_floors":[4],"current_hp_per_floor":[58,58,58,58,34,34,34,14,14,14,14,35,35,35,35,0],"gold":89,"neow_bonus":"ONE_RARE_RELIC","is_prod":false,"is_daily":false,"chose_seed":false,"campfire_upgraded":3,"win_rate":0,"timestamp":1537465625,"path_taken":["M","?","?","$","?","R","R","E","T","$","?","R","M","?","R","BOSS"],"build_version":"2018-09-06","purchased_purges":1,"victory":false,"max_hp_per_floor":[71,71,71,71,71,71,71,71,71,71,71,71,71,71,71,71],"card_choices":[{"not_picked":["White Noise","Reinforced Body"],"picked":"Steam","floor":1.0},{"not_picked":["Stack","Conserve Battery","Sweeping Beam"],"picked":"SKIP","floor":8},{"not_picked":["Stack","Ball Lightning"],"picked":"Go for the Eyes","floor":13},{"not_picked":["Glacier","Redo"],"picked":"Beam Cell","floor":14}],"player_experience":1172693,"relics_obtained":[{"floor":8,"key":"Mummified Hand"},{"floor":9,"key":"Pen Nib"}],"event_choices":[{"event_name":"WeMeetAgain","player_choice":"Potion","floor":2.0,"damage_taken":0.0},{"event_name":"Golden Shrine","player_choice":"Pray","floor":3.0,"damage_taken":0.0},{"event_name":"Golden Idol","player_choice":"Take Damage","floor":5.0,"damage_taken":0.0},{"event_name":"Living Wall","player_choice":"Forget","floor":11,"damage_taken":0}],"is_beta":false,"boss_relics":[],"items_purged_floors":[4],"is_endless":false,"potions_floor_spawned":[1,14],"killed_by":"Hexaghost","ascension_level":15}