{"gold_per_floor":[119,134,134,134,134,134,145,145,145,145,164,177,210,81,81,159,159,170,25,41,41,41,41,59,59,59,59,71,71,71,90,90,90],"floor_reached":33,"playtime":2795,"items_purged":["Strike_R","Strike_R"],"score":478,"play_id":"6bfdfa5b-5d99-4043-8869-03fa7d3a195a","local_time":"20190503074154","is_ascension_mode":true,"campfire_choices":[{"floor":6,"key":"REST"},{"data":"Metallicize","floor":8,"key":"SMITH"},{"data":"Clothesline","floor":10,"key":"SMITH"},{"data":"Pommel Strike","floor":15,"key":"SMITH"},{"data":"Immolate","floor":23,"key":"SMITH"},{"data":"Whirlwind","floor":25,"key":"SMITH"},{"data":"Inflame","floor":27,"key":"SMITH"},{"data":"Evolve","floor":29,"key":"SMITH"},{"floor":32,"key":"REST"}],"neow_cost":"TEN_PERCENT_HP_LOSS","seed_source_timestamp":578623764361100,"circlet_count":0,"master_deck":["AscendersBane","Strike_R","Defend_R+1","Defend_R","Defend_R","Defend_R+1","Bash+1","Carnage","Clothesline+1","Metallicize+1","Pommel Strike+1","Shrug It Off","Shrug It Off","Immolate+1","Impervious","Evolve+1","Inflame+1","Battle Trance","Whirlwind+1","Armaments+1","Reaper"],"relics":["Burning Blood","Champion Belt","Meat on the Bone","Prayer Wheel","Mark of Pain","Blue Candle"],"potions_floor_usage":[13,13,20,31],"damage_taken":[{"damage":16,"enemies":"Small Slimes","floor":1,"turns":4},{"damage":9,"enemies":"Jaw Worm","floor":2,"turns":5},{"damage":0,"enemies":"2 Louse","floor":7,"turns":3},{"damage":10,"enemies":"2 Fungi Beasts","floor":11,"turns":4},{"damage":13,"enemies":"Exordium Thugs","floor":12,"turns":6},{"damage":22,"enemies":"Gremlin Nob","floor":13,"turns":4},{"damage":30,"enemies":"The Guardian","floor":16,"turns":20},{"damage":21,"enemies":"3 Byrds","floor":18,"turns":7},{"damage":8,"enemies":"2 Thieves","floor":20,"turns":3},{"damage":6,"enemies":"Cultist and Chosen","floor":24,"turns":6},{"damage":11,"enemies":"Centurion and Healer","floor":28,"turns":4},{"damage":20,"enemies":"Snake Plant","floor":31,"turns":4},{"damage":104,"enemies":"Collector","floor":33,"turns":9}],"seed_played":"-3249899644684730624","potions_obtained":[{"floor":1,"key":"FearPotion"},{"floor":12,"key":"BloodPotion"},{"floor":18,"key":"AttackPotion"},{"floor":20,"key":"Ancient Potion"},{"floor":24,"key":"Block Potion"}],"is_trial":false,"path_per_floor":["M","M","?","?","?","R","M","R","T","R","M","M","E","$","R","B",null,"M","$","M","$","?","R","M","R","T","R","M","R","?","M","R","B"],"character_chosen":"IRONCLAD","items_purchased":["Shrug It Off","Evolve"],"campfire_rested":2,"item_purchase_floors":[14,19],"current_hp_per_floor":[58,55,55,35,35,55,61,61,61,61,57,50,52,52,52,40,61,46,46,44,44,44,44,44,44,44,44,51,51,51,49,68,0],"gold":90,"neow_bonus":"ONE_RARE_RELIC","is_prod":false,"is_daily":false,"chose_seed":false,"campfire_upgraded":7,"win_rate":0,"timestamp":1556858514,"path_taken":["M","M","?","?","?","R","M","R","T","R","M","M","E","$","R","BOSS","M","$","M","$","?","R","M","R","T","R","M","R","?","M","R","BOSS"],"build_version":"2019-01-23","purchased_purges":2,"victory":false,"max_hp_per_floor":[68,68,68,68,68,68,68,68,68,68,68,68,68,68,68,68,68,68,68,68,68,68,68,68,68,68,68,68,68,68,68,68,68],"card_choices":[{"not_picked":["Dropkick","Clash"],"picked":"Carnage","floor":1},{"not_picked":["Heavy Blade","Iron Wave"],"picked":"Clothesline","floor":2},{"not_picked":["Rupture","Havoc"],"picked":"Metallicize","floor":7},{"not_picked":["True Grit","Headbutt"],"picked":"Pommel Strike","floor":11},{"not_picked":["Wild Strike","Rage"],"picked":"Shrug It Off","floor":12},{"not_picked":["Burning Pact","Combust","Clothesline"],"picked":"SKIP","floor":13},{"not_picked":["Fiend Fire","Double Tap"],"picked":"Immolate","floor":16},{"not_picked":["Thunderclap","Dropkick"],"picked":"Impervious","floor":18},{"not_picked":["Sword Boomerang","Heavy Blade","Pommel Strike"],"picked":"SKIP","floor":18},{"not_picked":["Pommel Strike","Evolve"],"picked":"Inflame","floor":20},{"not_picked":["Thunderclap","Wild Strike"],"picked":"Battle Trance","floor":20},{"not_picked":["Perfected Strike","Cleave"],"picked":"Whirlwind","floor":24},{"not_picked":["Burning Pact","Clothesline","Thunderclap"],"picked":"SKIP","floor":24},{"not_picked":["Wild Strike","Body Slam"],"picked":"Armaments+1","floor":28},{"not_picked":["Heavy Blade","Twin Strike","Uppercut"],"picked":"SKIP","floor":28},{"not_picked":["Reckless Charge","Flex"],"picked":"Reaper","floor":31},{"not_picked":["Thunderclap","Body Slam","Pummel"],"picked":"SKIP","floor":31}],"player_experience":362544,"relics_obtained":[{"floor":9,"key":"Meat on the Bone"},{"floor":13,"key":"Prayer Wheel"},{"floor":26,"key":"Blue Candle"}],"event_choices":[{"damage_healed":0,"gold_gain":0,"player_choice":"Grow","damage_taken":0,"max_hp_gain":0,"max_hp_loss":0,"event_name":"Living Wall","floor":3,"gold_loss":0,"cards_upgraded":["Bash"]},{"damage_healed":0,"gold_gain":0,"player_choice":"Entered Light","damage_taken":20,"max_hp_gain":0,"max_hp_loss":0,"event_name":"Shining Light","floor":4,"gold_loss":0,"cards_upgraded":["Defend_R","Defend_R"]},{"damage_healed":0,"gold_gain":0,"player_choice":"Ignored","damage_taken":0,"max_hp_gain":0,"max_hp_loss":0,"event_name":"Golden Idol","floor":5,"gold_loss":0},{"cards_removed":["Strike_R"],"damage_healed":0,"gold_gain":0,"player_choice":"Elegance","damage_taken":0,"max_hp_gain":0,"max_hp_loss":0,"event_name":"Back to Basics","floor":22,"gold_loss":0},{"cards_removed":["Strike_R"],"damage_healed":0,"gold_gain":0,"player_choice":"Purged","damage_taken":0,"max_hp_gain":0,"max_hp_loss":0,"event_name":"Purifier","floor":30,"gold_loss":0}],"is_beta":false,"boss_relics":[{"not_picked":["Runic Cube","Empty Cage"],"picked":"Mark of Pain"}],"items_purged_floors":[14,19],"is_endless":false,"potions_floor_spawned":[1,12,18,20,24],"killed_by":"Collector","ascension_level":19}