{"gold_per_floor":[119,136,155,171,36,61,61,94,119,134,160,160,160,186,186,186],"floor_reached":16,"playtime":559,"items_purged":[],"score":210,"play_id":"e469245d-0a86-401e-a628-f204a52b0692","local_time":"20190201145051","is_ascension_mode":true,"campfire_choices":[{"data":"Immolate","floor":7,"key":"SMITH"},{"data":"Armaments","floor":13,"key":"SMITH"},{"data":"Disarm","floor":15,"key":"SMITH"}],"neow_cost":"NONE","seed_source_timestamp":28177260976852,"circlet_count":0,"master_deck":["AscendersBane","Strike_R","Strike_R","Strike_R","Strike_R","Strike_R","Defend_R","Defend_R","Defend_R","Defend_R","Bash","Disarm+1","Headbutt","Heavy Blade","Armaments+1","Immolate+1","True Grit","Feel No Pain","Pummel","Impervious"],"special_seed":0,"relics":["Burning Blood","Matryoshka","Lantern","Pen Nib","Dream Catcher","Nunchaku","Odd Mushroom"],"potions_floor_usage":[6,8,16],"damage_taken":[{"damage":1.0,"enemies":"Cultist","floor":1.0,"turns":4.0},{"damage":5.0,"enemies":"2 Louse","floor":2.0,"turns":3.0},{"damage":4.0,"enemies":"Small Slimes","floor":3.0,"turns":4.0},{"damage":18,"enemies":"2 Fungi Beasts","floor":4,"turns":4},{"damage":31,"enemies":"Gremlin Nob","floor":6,"turns":4},{"damage":26,"enemies":"Lagavulin","floor":8,"turns":7},{"damage":7,"enemies":"Exordium Thugs","floor":10,"turns":3},{"damage":10,"enemies":"3 Sentries","floor":11,"turns":3},{"damage":0,"enemies":"The Mushroom Lair","floor":14,"turns":1},{"damage":36,"enemies":"Hexaghost","floor":16,"turns":12}],"seed_played":"1114599207929896242","potions_obtained":[{"floor":1.0,"key":"BloodPotion"},{"floor":2.0,"key":"PowerPotion"},{"floor":10,"key":"SteroidPotion"}],"is_trial":false,"path_per_floor":["M","M","M","M","$","E","R","E","T","M","E","?","R","?","R","B"],"character_chosen":"IRONCLAD","items_purchased":["Immolate"],"campfire_rested":0,"item_purchase_floors":[5],"current_hp_per_floor":[80,81,82,70,70,53,53,33,33,32,28,28,28,34,34,0],"gold":186,"neow_bonus":"TEN_PERCENT_HP_BONUS","is_prod":false,"is_daily":false,"chose_seed":false,"campfire_upgraded":3,"win_rate":0,"timestamp":1549061451,"path_taken":["M","M","M","M","$","E","R","E","T","?","E","?","R","?","R","BOSS"],"build_version":"2019-01-23","purchased_purges":0,"victory":false,"max_hp_per_floor":[82,82,82,82,82,82,82,82,82,82,82,82,82,82,82,82],"card_choices":[{"not_picked":["Warcry","Cleave"],"picked":"Disarm","floor":1.0},{"not_picked":["Warcry","Second Wind"],"picked":"Headbutt","floor":2.0},{"not_picked":["Blood for Blood","Perfected Strike"],"picked":"Heavy Blade","floor":3.0},{"not_picked":["Clash","Rupture"],"picked":"Armaments","floor":4},{"not_picked":["Ghostly Armor","Intimidate"],"picked":"True Grit","floor":6},{"not_picked":["Dark Embrace","Rupture"],"picked":"Feel No Pain","floor":8},{"not_picked":["Searing Blow","Heavy Blade"],"picked":"Pummel","floor":10},{"not_picked":["Sword Boomerang","Intimidate"],"picked":"Impervious","floor":11}],"player_experience":2122111,"relics_obtained":[{"floor":6,"key":"Matryoshka"},{"floor":8,"key":"Lantern"},{"floor":9,"key":"Pen Nib"},{"floor":9,"key":"Dream Catcher"},{"floor":11,"key":"Nunchaku"},{"floor":14,"key":"Odd Mushroom"}],"event_choices":[{"damage_healed":0,"gold_gain":0,"player_choice":"Ignored","damage_taken":0,"max_hp_gain":0,"max_hp_loss":0,"event_name":"Liars Game","floor":12,"gold_loss":0},{"damage_healed":0,"gold_gain":0,"player_choice":"Fought Mushrooms","damage_taken":0,"max_hp_gain":0,"max_hp_loss":0,"event_name":"Mushrooms","floor":14,"gold_loss":0}],"is_beta":false,"boss_relics":[],"items_purged_floors":[],"is_endless":false,"potions_floor_spawned":[1,2,10],"killed_by":"Hexaghost","ascension_level":15}