{"gold_per_floor":[114,114,114,189,189,189,208,239,239,239,279,279,303,99,99,190,190,213,128,28,28,28,28],"floor_reached":23,"playtime":760,"items_purged":["Strike_R","Defend_R"],"score":371,"play_id":"bccd69ec-3405-4385-96e4-b618d83eed73","local_time":"20190419173243","is_ascension_mode":true,"campfire_choices":[{"data":"Bash","floor":6.0,"key":"SMITH"},{"floor":10.0,"key":"RECALL"},{"floor":12.0,"key":"REST"},{"data":"Whirlwind","floor":15.0,"key":"SMITH"}],"neow_cost":"NONE","seed_source_timestamp":0,"circlet_count":0,"master_deck":["AscendersBane","Bash+1","Pommel Strike","Iron Wave","Cleave","Clothesline","Armaments","Whirlwind+1","True Grit","Double Tap","Shockwave+1","Disarm+1","Sever Soul+1","Second Wind","Cleave"],"special_seed":0,"relics":["Burning Blood","NeowsBlessing","Golden Idol","Omamori","Gremlin Horn","Mercury Hourglass","Astrolabe","Boot"],"potions_floor_usage":[],"damage_taken":[{"damage":0.0,"enemies":"2 Louse","floor":1.0,"turns":1.0},{"damage":0.0,"enemies":"Jaw Worm","floor":7.0,"turns":1.0},{"damage":0.0,"enemies":"Lagavulin","floor":8.0,"turns":1.0},{"damage":20.0,"enemies":"3 Sentries","floor":11.0,"turns":7.0},{"damage":3.0,"enemies":"Small Slimes","floor":13.0,"turns":2.0},{"damage":32.0,"enemies":"Slime Boss","floor":16.0,"turns":7.0},{"damage":16,"enemies":"Chosen","floor":18,"turns":5},{"damage":55,"enemies":"Book of Stabbing","floor":23,"turns":8}],"seed_played":"2340836423888176633","potions_obtained":[{"floor":8.0,"key":"PowerPotion"},{"floor":11.0,"key":"Poison Potion"},{"floor":13.0,"key":"Strength Potion"},{"floor":16.0,"key":"Ancient Potion"}],"is_trial":false,"path_per_floor":["M","?","?","?","?","R","M","E","T","R","E","R","M","$","R","B",null,"M","?","$","?","$","E"],"character_chosen":"IRONCLAD","items_purchased":["Whirlwind","True Grit"],"campfire_rested":1,"item_purchase_floors":[14,14],"current_hp_per_floor":[74,67,49,38,38,38,44,50,50,50,36,58,61,61,61,35,65,55,55,55,55,55,0],"gold":28,"neow_bonus":"THREE_ENEMY_KILL","is_prod":false,"is_daily":false,"chose_seed":false,"campfire_upgraded":2,"win_rate":0,"timestamp":1555684363,"path_taken":["M","?","?","?","?","R","M","E","T","R","E","R","?","$","R","BOSS","M","?","$","?","?","E"],"build_version":"2019-01-23","purchased_purges":2,"victory":false,"max_hp_per_floor":[75,75,75,75,75,75,75,75,75,75,75,75,75,75,75,75,75,75,75,75,75,75,75],"card_choices":[{"not_picked":["Wild Strike","Twin Strike"],"picked":"Pommel Strike","floor":1.0},{"not_picked":["Corruption","Sword Boomerang"],"picked":"Iron Wave","floor":7.0},{"not_picked":["Anger","Double Tap"],"picked":"Cleave","floor":8.0},{"not_picked":["Thunderclap","Dropkick"],"picked":"Clothesline","floor":11.0},{"not_picked":["Havoc","Body Slam"],"picked":"Armaments","floor":13.0},{"not_picked":["Dark Embrace","Limit Break"],"picked":"Double Tap","floor":16.0},{"not_picked":["Pommel Strike","Pummel","Hemokinesis"],"picked":"SKIP","floor":18}],"player_experience":304354,"relics_obtained":[{"floor":8.0,"key":"Omamori"},{"floor":9.0,"key":"Gremlin Horn"},{"floor":11.0,"key":"Mercury Hourglass"}],"event_choices":[{"cards_removed":["Strike_R"],"damage_healed":0.0,"max_hp_gain":0.0,"max_hp_loss":0.0,"gold_gain":0.0,"event_name":"Golden Wing","player_choice":"Card Removal","floor":2.0,"gold_loss":0.0,"damage_taken":7.0},{"damage_healed":0.0,"max_hp_gain":0.0,"max_hp_loss":0.0,"gold_gain":0.0,"event_name":"Golden Idol","player_choice":"Take Damage","floor":3.0,"gold_loss":0.0,"damage_taken":18.0,"relics_obtained":["Golden Idol"]},{"damage_healed":0.0,"max_hp_gain":0.0,"max_hp_loss":0.0,"gold_gain":75.0,"event_name":"World of Goop","player_choice":"Gather Gold","floor":4.0,"gold_loss":0.0,"damage_taken":11.0},{"cards_removed":["Strike_R"],"damage_healed":0.0,"max_hp_gain":0.0,"max_hp_loss":0.0,"gold_gain":0.0,"event_name":"Living Wall","player_choice":"Forget","floor":5.0,"gold_loss":0.0,"damage_taken":0.0},{"damage_healed":0,"gold_gain":0,"player_choice":"Obtained Relic","damage_taken":0,"relics_obtained":["Boot"],"max_hp_gain":0,"max_hp_loss":0,"event_name":"Addict","floor":19,"gold_loss":85},{"damage_healed":0,"gold_gain":0,"cards_transformed":["Defend_R","Defend_R"],"player_choice":"Became Test Subject","damage_taken":0,"max_hp_gain":0,"max_hp_loss":0,"event_name":"Drug Dealer","floor":21,"gold_loss":0,"cards_obtained":["Second Wind","Cleave"]}],"is_beta":false,"boss_relics":[{"not_picked":["Runic Pyramid","Philosopher\u0027s Stone"],"picked":"Astrolabe"}],"items_purged_floors":[14,20],"is_endless":false,"potions_floor_spawned":[8,11,13,16],"killed_by":"Book of Stabbing","ascension_level":14}