{"gold_per_floor":[10,26,39,39,39,39,69,69,118,118,151,164,58,58,58,136,136,104,116,116,316,332,332,352,352,375,407,407,130,130,130,130,130],"floor_reached":33,"playtime":1452,"items_purged":["Strike_G"],"score":474,"play_id":"a94b3a44-f8a7-40c4-8cb3-d48fffb22a8c","local_time":"20180914212521","is_ascension_mode":true,"campfire_choices":[{"data":"Unload","floor":6,"key":"SMITH"},{"data":"Neutralize","floor":8,"key":"SMITH"},{"data":"Sucker Punch","floor":10,"key":"SMITH"},{"data":"Footwork","floor":15,"key":"SMITH"},{"floor":23,"key":"REST"},{"floor":25,"key":"REST"},{"data":"Backflip","floor":28,"key":"SMITH"},{"floor":32,"key":"REST"}],"neow_cost":"NO_GOLD","seed_source_timestamp":49118863864060,"circlet_count":0,"master_deck":["Defend_G","Defend_G","Defend_G","Defend_G","Defend_G","Strike_G","Strike_G","Strike_G","Survivor","Neutralize+1","AscendersBane","Unload+1","Poisoned Stab","Sucker Punch+1","Well Laid Plans","Dodge and Roll","Dagger Spray","Footwork+1","Dodge and Roll","Glass Knife","Leg Sweep","Dagger Spray","Masterful Stab+1","Infinite Blades","Backflip+1","Dagger Throw+1"],"relics":["Ring of the Snake","Omamori","Art of War","Sundial","Sozu","Orichalcum","Molten Egg 2","Juzu Bracelet"],"potions_floor_usage":[7,11,16,27],"damage_taken":[{"damage":4,"enemies":"2 Louse","floor":1,"turns":3},{"damage":0,"enemies":"Small Slimes","floor":2,"turns":4},{"damage":1,"enemies":"Jaw Worm","floor":3,"turns":2},{"damage":15,"enemies":"Lagavulin","floor":7,"turns":6},{"damage":11,"enemies":"3 Sentries","floor":11,"turns":9},{"damage":0,"enemies":"Red Slaver","floor":12,"turns":4},{"damage":13,"enemies":"The Guardian","floor":16,"turns":15},{"damage":17,"enemies":"2 Thieves","floor":18,"turns":5},{"damage":11,"enemies":"3 Byrds","floor":19,"turns":6},{"damage":16,"enemies":"Shelled Parasite and Fungi","floor":22,"turns":8},{"damage":5,"enemies":"3 Cultists","floor":24,"turns":6},{"damage":12,"enemies":"Slavers","floor":27,"turns":7},{"damage":67,"enemies":"Collector","floor":33,"turns":10}],"seed_played":"2959624150339722988","potions_obtained":[{"floor":2,"key":"SkillPotion"},{"floor":7,"key":"FearPotion"},{"floor":11,"key":"AttackPotion"},{"floor":16,"key":"Poison Potion"}],"is_trial":false,"path_per_floor":["M","M","M","?","?","R","E","R","T","R","E","M","$","$","R","B",null,"M","M","?","?","M","R","M","R","T","E","R","$","?","?","R"],"character_chosen":"THE_SILENT","items_purchased":["Footwork","Dodge and Roll","Dagger Throw+1","Juzu Bracelet"],"campfire_rested":3,"item_purchase_floors":[13,13,29,29],"current_hp_per_floor":[55,55,54,54,59,59,44,44,44,44,33,33,33,33,33,20,58,41,30,30,30,14,35,30,51,51,39,39,39,39,39,60,0],"gold":130,"neow_bonus":"THREE_RARE_CARDS","is_prod":false,"is_daily":false,"chose_seed":false,"campfire_upgraded":5,"win_rate":0,"timestamp":1536985521,"path_taken":["M","M","M","?","?","R","E","R","T","R","E","M","?","$","R","BOSS","M","M","?","?","M","R","?","R","T","E","R","$","?","?","R","BOSS"],"build_version":"2018-09-06","purchased_purges":1,"victory":false,"max_hp_per_floor":[66,66,66,66,71,71,71,71,71,71,71,71,71,71,71,71,71,71,71,71,71,71,71,71,71,71,71,71,71,71,71,71,71],"card_choices":[{"not_picked":["Venomology","Tools of the Trade"],"picked":"Unload","floor":0},{"not_picked":["Cloak And Dagger","Acrobatics"],"picked":"Poisoned Stab","floor":1},{"not_picked":["Escape Plan","Dodge and Roll"],"picked":"Sucker Punch","floor":2},{"not_picked":["Blade Dance","Skewer"],"picked":"Well Laid Plans","floor":3},{"not_picked":["Finisher","Blade Dance"],"picked":"Dodge and Roll","floor":7},{"not_picked":["Concentrate","Tactician"],"picked":"Dagger Spray","floor":11},{"not_picked":["Underhanded Strike","Dagger Spray","Acrobatics"],"picked":"SKIP","floor":12},{"not_picked":["Grand Finale","Venomology"],"picked":"Glass Knife","floor":16},{"not_picked":["Cloak And Dagger","Flying Knee"],"picked":"Leg Sweep","floor":18},{"not_picked":["Poisoned Stab","Underhanded Strike+1","Quick Slash"],"picked":"SKIP","floor":19},{"not_picked":["Sucker Punch","Finisher"],"picked":"Masterful Stab+1","floor":22},{"not_picked":["Well Laid Plans+1","Leg Sweep"],"picked":"Infinite Blades","floor":24},{"not_picked":["Dodge and Roll","Corpse Explosion"],"picked":"Backflip","floor":27}],"player_experience":1139595,"relics_obtained":[{"floor":7,"key":"Omamori"},{"floor":9,"key":"Art of War"},{"floor":11,"key":"Sundial"},{"floor":26,"key":"Orichalcum"},{"floor":27,"key":"Molten Egg 2"}],"event_choices":[{"event_name":"Liars Game","player_choice":"disagreed","floor":4,"damage_taken":0},{"event_name":"Big Fish","player_choice":"Donut","floor":5,"damage_taken":0},{"event_name":"Match and Keep!","player_choice":"1 cards matched","floor":20,"damage_taken":0},{"event_name":"Wheel of Change","player_choice":"Gold","floor":21,"damage_taken":0},{"event_name":"Bonfire Elementals","player_choice":"BASIC","floor":30,"damage_taken":0},{"event_name":"Vampires","player_choice":"Ignored","floor":31,"damage_taken":0}],"is_beta":false,"boss_relics":[{"not_picked":["Coffee Dripper","Fusion Hammer"],"picked":"Sozu"}],"items_purged_floors":[29],"is_endless":false,"potions_floor_spawned":[2,7,11,16,19,22,24],"killed_by":"Collector","ascension_level":15}