{"gold_per_floor":[118,118,118,137,153,153,179,117,117,117,149,160,160,179,179,256,256,271,44,56,74,74,74,74,108,131,141,141,41,41,55,55,131,131,146,59,59,69,69,69,69,69,69,81,92,92,104,104,104,104],"floor_reached":51,"playtime":2346,"items_purged":["Strike_B","Decay"],"score":1329,"play_id":"e1a5dddf-0f8a-4ae7-ad88-dce7a7107aa3","local_time":"20180912123649","is_ascension_mode":true,"campfire_choices":[{"data":"Zap","floor":6.0,"key":"SMITH"},{"floor":10.0,"key":"REST"},{"data":"Go for the Eyes","floor":15.0,"key":"SMITH"},{"floor":23.0,"key":"REST"},{"floor":30.0,"key":"REST"},{"data":"Defragment","floor":32.0,"key":"SMITH"},{"data":"Force Field","floor":40,"key":"SMITH"},{"data":"Coolheaded","floor":42,"key":"SMITH"},{"floor":49,"key":"REST"}],"neow_cost":"NONE","seed_source_timestamp":16060150947290,"circlet_count":0,"master_deck":["Strike_B+1","Defend_B+1","Defend_B+1","Defend_B+1","Defend_B+1","Zap+1","Dualcast","AscendersBane","Ball Lightning","Leap","Ball Lightning","Go for the Eyes+1","Leap","FTL+1","Streamline+1","Electrodynamics","Self Repair","Coolheaded+1","Undo","Conserve Battery","Auto Shields","Defragment+1","Doom and Gloom+1","Echo Form","Compile Driver+1","Loop","Writhe","Force Field+1","Capacitor+1","Coolheaded+1","Leap+1"],"special_seed":0,"relics":["Cracked Core","WingedGreaves","Molten Egg 2","Blood Vial","Sozu","Art of War","Regal Pillow","Empty Cage","Strawberry","Du-Vu Doll"],"potions_floor_usage":[50],"damage_taken":[{"damage":12.0,"enemies":"2 Louse","floor":1.0,"turns":3.0},{"damage":7.0,"enemies":"Small Slimes","floor":4.0,"turns":3.0},{"damage":6.0,"enemies":"Cultist","floor":5.0,"turns":3.0},{"damage":13.0,"enemies":"Lagavulin","floor":7.0,"turns":6.0},{"damage":31.0,"enemies":"3 Sentries","floor":11.0,"turns":7.0},{"damage":1.0,"enemies":"2 Fungi Beasts","floor":12.0,"turns":3.0},{"damage":0.0,"enemies":"Gremlin Nob","floor":13.0,"turns":1.0},{"damage":0.0,"enemies":"Large Slime","floor":14.0,"turns":4.0},{"damage":14.0,"enemies":"Hexaghost","floor":16.0,"turns":10.0},{"damage":10.0,"enemies":"Chosen","floor":18.0,"turns":4.0},{"damage":9.0,"enemies":"Shell Parasite","floor":20.0,"turns":6.0},{"damage":17.0,"enemies":"Chosen and Byrds","floor":21.0,"turns":6.0},{"damage":49.0,"enemies":"Book of Stabbing","floor":25.0,"turns":6.0},{"damage":14.0,"enemies":"Centurion and Healer","floor":27.0,"turns":8.0},{"damage":1.0,"enemies":"Snecko","floor":31.0,"turns":5.0},{"damage":39,"enemies":"Champ","floor":33,"turns":18},{"damage":18,"enemies":"Orb Walker","floor":35,"turns":4},{"damage":3,"enemies":"3 Shapes","floor":38,"turns":6},{"damage":6,"enemies":"Reptomancer","floor":44,"turns":6},{"damage":31,"enemies":"Sphere and 2 Shapes","floor":45,"turns":7},{"damage":16,"enemies":"Mind Bloom Boss Battle","floor":46,"turns":9},{"damage":22,"enemies":"Spire Growth","floor":47,"turns":6},{"damage":72,"enemies":"Time Eater","floor":50,"turns":17}],"seed_played":"-8927046297045948600","potions_obtained":[{"floor":1.0,"key":"Dexterity Potion"},{"floor":7.0,"key":"SmokeBomb"},{"floor":11.0,"key":"SkillPotion"},{"floor":14.0,"key":"EssenceOfSteel"}],"is_trial":false,"path_per_floor":["M","?","?","M","M","R","E","?","T","R","E","M","E","M","R","B",null,"M","$","M","M","?","R","?","E","T","M","?","$","R","M","R","B",null,"M","$","?","M","?","R","$","R","T","M","M","?","M","?","R","B"],"character_chosen":"DEFECT","items_purchased":["Coolheaded","Undo","Loop"],"campfire_rested":4,"item_purchase_floors":[19,19,36],"current_hp_per_floor":[52,52,52,45,39,39,26,26,26,47,16,17,19,21,21,9,56,48,48,48,40,40,61,61,14,14,9,9,9,45,53,53,23,59,50,50,64,71,71,71,71,71,78,78,54,54,41,41,78,13],"gold":104,"neow_bonus":"THREE_CARDS","is_prod":false,"is_daily":false,"chose_seed":false,"campfire_upgraded":5,"win_rate":0,"timestamp":1536781009,"path_taken":["M","?","?","M","M","R","E","?","T","R","E","?","E","M","R","BOSS","M","$","M","?","?","R","?","E","T","M","?","$","R","M","R","BOSS","M","$","?","?","?","R","?","R","T","M","M","?","?","?","R","BOSS"],"build_version":"2018-09-06","purchased_purges":2,"victory":true,"max_hp_per_floor":[71,71,71,71,71,71,71,71,71,71,71,71,71,71,71,71,71,71,71,71,71,71,71,71,71,71,71,71,71,71,71,71,71,71,71,71,71,71,71,71,71,71,78,78,78,78,78,78,78,78],"card_choices":[{"not_picked":["Beam Cell","Steam"],"picked":"Ball Lightning","floor":0.0},{"not_picked":["Storm","Aggregate"],"picked":"Leap","floor":1.0},{"not_picked":["Coolheaded","Rebound"],"picked":"Ball Lightning","floor":4.0},{"not_picked":["Creative AI","Sweeping Beam"],"picked":"Go for the Eyes","floor":5.0},{"not_picked":["Aggregate","Recycle","Go for the Eyes"],"picked":"SKIP","floor":7.0},{"not_picked":["Turbo","Melter+1"],"picked":"Leap","floor":11.0},{"not_picked":["Undo","Conserve Battery"],"picked":"FTL+1","floor":12.0},{"not_picked":["BootSequence","Cold Snap+1"],"picked":"Streamline+1","floor":14.0},{"not_picked":["Multi-Cast","Thunder Strike+1"],"picked":"Electrodynamics","floor":16.0},{"not_picked":["Loop","Darkness"],"picked":"Self Repair","floor":18.0},{"not_picked":["Coolheaded","Rebound+1"],"picked":"Conserve Battery","floor":20.0},{"not_picked":["Barrage+1","Hello World","Streamline+1"],"picked":"SKIP","floor":21.0},{"not_picked":["Compile Driver+1","Undo"],"picked":"Defragment","floor":25.0},{"not_picked":["Steam","Consume"],"picked":"Doom and Gloom+1","floor":27.0},{"not_picked":["Reprogram","Barrage+1","Chaos"],"picked":"SKIP","floor":31.0},{"not_picked":["Fission","Creative AI"],"picked":"Echo Form","floor":33},{"not_picked":["Go for the Eyes+1","Conserve Battery"],"picked":"Compile Driver+1","floor":35},{"not_picked":["Stack","Hello World"],"picked":"Force Field","floor":38},{"not_picked":["Static Discharge","Coolheaded"],"picked":"Capacitor","floor":44},{"not_picked":["Go for the Eyes+1","Hologram"],"picked":"Coolheaded+1","floor":45},{"not_picked":["Double Energy","Chaos+1"],"picked":"Leap+1","floor":47}],"player_experience":1109855,"relics_obtained":[{"floor":7.0,"key":"WingedGreaves"},{"floor":9.0,"key":"Molten Egg 2"},{"floor":11.0,"key":"Blood Vial"},{"floor":25.0,"key":"Art of War"},{"floor":26.0,"key":"Regal Pillow"},{"floor":43,"key":"Strawberry"},{"floor":46,"key":"Du-Vu Doll"}],"event_choices":[{"event_name":"Liars Game","player_choice":"disagreed","floor":2.0,"damage_taken":0.0},{"event_name":"FaceTrader","player_choice":"Leave","floor":3.0,"damage_taken":0.0},{"event_name":"World of Goop","player_choice":"Left","floor":8.0,"damage_taken":0.0},{"event_name":"Back to Basics","player_choice":"Simplicity","floor":22.0,"damage_taken":0.0},{"event_name":"The Library","player_choice":"Read","floor":24.0,"damage_taken":0.0},{"event_name":"Forgotten Altar","player_choice":"Smashed Altar","floor":28.0,"damage_taken":0.0},{"event_name":"Winding Halls","player_choice":"Writhe","floor":37,"damage_taken":0},{"event_name":"SecretPortal","player_choice":"Rejected Portal.","floor":39,"damage_taken":0},{"event_name":"MindBloom","player_choice":"Fight","floor":46,"damage_taken":0},{"event_name":"Upgrade Shrine","player_choice":"Upgraded","floor":48,"damage_taken":0}],"is_beta":false,"boss_relics":[{"not_picked":["Calling Bell","Busted Crown"],"picked":"Sozu"},{"not_picked":["Runic Dome","Pandora\u0027s Box"],"picked":"Empty Cage"}],"items_purged_floors":[19,29],"is_endless":false,"potions_floor_spawned":[1,7,11,14,18,21,33,38,44,46],"ascension_level":18}