{"gold_per_floor":[114,182,59,75,92,92,112,123,123,123,123,140,140,140,140,245,245,259,206,306,317,328,346,36,36,81,98,98,98,118,138,138,138],"floor_reached":33,"playtime":1663,"items_purged":["Strike_R"],"score":241,"play_id":"5d4238f8-3e09-407d-94fe-03f0a370881b","local_time":"20190208061106","is_ascension_mode":false,"campfire_choices":[{"data":"Body Slam","floor":6.0,"key":"SMITH"},{"data":"Armaments","floor":11.0,"key":"SMITH"},{"data":"Demon Form","floor":13.0,"key":"SMITH"},{"data":"Bash","floor":15.0,"key":"SMITH"},{"floor":25,"key":"REST"},{"floor":29,"key":"REST"},{"floor":32,"key":"REST"}],"neow_cost":"NONE","seed_source_timestamp":300476456415916,"circlet_count":0,"master_deck":["Strike_R+1","Strike_R","Strike_R","Defend_R+1","Defend_R","Defend_R","Defend_R","Bash+1","Body Slam+1","Armaments+1","Disarm","Clash","Demon Form+1","Demon Form","Power Through","True Grit","Burning Pact","Shrug It Off+1","True Grit","Pummel","Flame Barrier","Offering","Body Slam+1","Pummel","Feed"],"special_seed":0,"relics":["Burning Blood"],"potions_floor_usage":[33,33,33],"damage_taken":[{"damage":6.0,"enemies":"Cultist","floor":1.0,"turns":3.0},{"damage":1.0,"enemies":"Jaw Worm","floor":4.0,"turns":4.0},{"damage":5.0,"enemies":"2 Louse","floor":5.0,"turns":4.0},{"damage":11.0,"enemies":"Looter","floor":7.0,"turns":3.0},{"damage":15.0,"enemies":"Exordium Thugs","floor":8.0,"turns":7.0},{"damage":9.0,"enemies":"Large Slime","floor":12.0,"turns":7.0},{"damage":31.0,"enemies":"Slime Boss","floor":16.0,"turns":9.0},{"damage":13.0,"enemies":"Shell Parasite","floor":18.0,"turns":6.0},{"damage":18.0,"enemies":"Chosen","floor":21.0,"turns":8.0},{"damage":25.0,"enemies":"Snecko","floor":22.0,"turns":7.0},{"damage":40.0,"enemies":"Centurion and Healer","floor":23.0,"turns":10.0},{"damage":16,"enemies":"Snake Plant","floor":27,"turns":6},{"damage":29,"enemies":"Shelled Parasite and Fungi","floor":30,"turns":7},{"damage":26,"enemies":"Centurion and Healer","floor":31,"turns":6},{"damage":42,"enemies":"Automaton","floor":33,"turns":6}],"seed_played":"-3339415778860366714","potions_obtained":[{"floor":8.0,"key":"Dexterity Potion"},{"floor":16.0,"key":"Energy Potion"},{"floor":18.0,"key":"Dexterity Potion"}],"is_trial":false,"path_per_floor":["M","T","$","M","M","R","M","M","T","?","R","M","R","?","R","B",null,"M","$","?","M","M","M","$","R","T","M","$","R","M","M","R","B"],"character_chosen":"IRONCLAD","items_purchased":["Armaments","True Grit","Pummel","Flame Barrier","Offering"],"campfire_rested":3,"item_purchase_floors":[3,19,24,24,24],"current_hp_per_floor":[88,88,88,88,88,88,83,74,74,74,74,71,71,53,53,28,88,81,81,81,69,50,16,16,42,42,32,32,58,35,15,41,0],"gold":138,"neow_bonus":"TEN_PERCENT_HP_BONUS","is_prod":false,"is_daily":false,"chose_seed":false,"campfire_upgraded":4,"win_rate":0,"timestamp":1549602666,"path_taken":["M","?","$","M","?","R","M","M","T","?","R","?","R","?","R","BOSS","M","$","?","M","M","M","$","R","T","M","?","R","M","M","R","BOSS"],"build_version":"2019-01-23","purchased_purges":1,"victory":false,"max_hp_per_floor":[88,88,88,88,88,88,88,88,88,88,88,88,88,88,88,88,88,88,88,88,88,88,88,88,88,88,88,88,88,88,88,88,88],"card_choices":[{"not_picked":["Feel No Pain","Pommel Strike"],"picked":"Body Slam","floor":1.0},{"not_picked":["Evolve","Headbutt"],"picked":"Disarm","floor":4.0},{"not_picked":["Dropkick","Heavy Blade"],"picked":"Clash","floor":5.0},{"not_picked":["Heavy Blade","Twin Strike","Havoc"],"picked":"SKIP","floor":7.0},{"not_picked":["Warcry","Shrug It Off"],"picked":"Demon Form","floor":8.0},{"not_picked":["Anger","Hemokinesis","Headbutt"],"picked":"SKIP","floor":12.0},{"not_picked":["Bludgeon","Fiend Fire"],"picked":"Demon Form","floor":16.0},{"not_picked":["Wild Strike","Anger"],"picked":"Power Through","floor":18.0},{"not_picked":["Sword Boomerang","Searing Blow"],"picked":"Burning Pact","floor":21.0},{"not_picked":["Thunderclap+1","Havoc"],"picked":"Shrug It Off+1","floor":22.0},{"not_picked":["Flex","Clothesline"],"picked":"True Grit","floor":23.0},{"not_picked":["Perfected Strike","Infernal Blade"],"picked":"Body Slam+1","floor":27},{"not_picked":["Anger+1","Second Wind"],"picked":"Pummel","floor":30},{"not_picked":["Warcry+1","Headbutt"],"picked":"Feed","floor":31}],"player_experience":547099,"relics_obtained":[],"event_choices":[{"cards_removed":["Strike_R"],"damage_healed":0.0,"max_hp_gain":0.0,"max_hp_loss":0.0,"gold_gain":0.0,"event_name":"Bonfire Elementals","player_choice":"Offered Basic","floor":10.0,"gold_loss":0.0,"damage_taken":0.0},{"damage_healed":0.0,"max_hp_gain":0.0,"max_hp_loss":0.0,"gold_gain":0.0,"event_name":"Shining Light","player_choice":"Entered Light","floor":14.0,"gold_loss":0.0,"damage_taken":18.0,"cards_upgraded":["Strike_R","Defend_R"]},{"damage_healed":0.0,"max_hp_gain":0.0,"max_hp_loss":0.0,"gold_gain":100.0,"event_name":"Golden Shrine","player_choice":"Pray","floor":20.0,"gold_loss":0.0,"damage_taken":0.0}],"is_beta":false,"boss_relics":[{"not_picked":["Fusion Hammer","Sozu","Velvet Choker"]}],"items_purged_floors":[3],"is_endless":false,"potions_floor_spawned":[8,16,18,22,31],"killed_by":"Automaton","ascension_level":0}