{"gold_per_floor":[119,294,294,311,311,342,7,40,119,119,144,144,159,182,182,280,280,293,293,305,305,315,346,346,380,380,380,380],"floor_reached":28,"playtime":1734,"items_purged":["Doubt"],"score":327,"play_id":"968dbcfc-b635-4076-af5c-f800f7c5b68f","local_time":"20181121205245","is_ascension_mode":true,"campfire_choices":[{"data":"Poisoned Stab","floor":10,"key":"SMITH"},{"data":"Poisoned Stab","floor":12,"key":"SMITH"},{"floor":15,"key":"REST"},{"floor":24,"key":"REST"}],"neow_cost":"NONE","seed_source_timestamp":3312281670461540,"circlet_count":0,"master_deck":["Defend_G","Defend_G+1","Defend_G","Defend_G+1","Defend_G","Strike_G+1","Strike_G","Strike_G+1","Strike_G","Strike_G","Survivor","Neutralize","Backstab","Poisoned Stab+1","Backflip","Unload","Poisoned Stab+1","Blade Dance","Deadly Poison","After Image+1","Tools of the Trade","PiercingWail+1","Bane","Catalyst+1","Envenom"],"relics":["Ring of the Snake","NeowsBlessing","War Paint","Calipers","Tiny Chest","Omamori","Darkstone Periapt","Bag of Preparation","Oddly Smooth Stone","Busted Crown","Bronze Scales","PreservedInsect","Frozen Egg 2","Ornamental Fan"],"potions_floor_usage":[8,16,20,25],"damage_taken":[{"damage":0,"enemies":"Cultist","floor":1,"turns":1},{"damage":0,"enemies":"Jaw Worm","floor":4,"turns":1},{"damage":0,"enemies":"Lagavulin","floor":6,"turns":1},{"damage":4,"enemies":"3 Sentries","floor":8,"turns":7},{"damage":18,"enemies":"Lagavulin","floor":11,"turns":5},{"damage":0,"enemies":"Small Slimes","floor":13,"turns":1},{"damage":33,"enemies":"Hexaghost","floor":16,"turns":10},{"damage":0,"enemies":"Shell Parasite","floor":18,"turns":4},{"damage":9,"enemies":"3 Byrds","floor":20,"turns":2},{"damage":12,"enemies":"Cultist and Chosen","floor":22,"turns":6},{"damage":20,"enemies":"Book of Stabbing","floor":23,"turns":6},{"damage":36,"enemies":"Gremlin Leader","floor":25,"turns":6},{"damage":25,"enemies":"Shelled Parasite and Fungi","floor":28,"turns":3}],"seed_played":"-4875305467423960401","potions_obtained":[{"floor":1,"key":"Energy Potion"},{"floor":13,"key":"SpeedPotion"},{"floor":16,"key":"LiquidBronze"},{"floor":22,"key":"Explosive Potion"}],"is_trial":false,"path_per_floor":["M","?","?","M","?","E","$","E","T","R","E","R","M","T","R","B",null,"M","?","M","?","M","E","R","E","T","T","M"],"character_chosen":"THE_SILENT","items_purchased":["Tiny Chest","Unload"],"campfire_rested":2,"item_purchase_floors":[7,7],"current_hp_per_floor":[70,70,67,67,53,53,53,49,49,49,31,31,31,31,52,19,70,70,70,61,61,49,29,50,14,14,14,0],"gold":380,"neow_bonus":"THREE_ENEMY_KILL","is_prod":false,"is_daily":false,"chose_seed":false,"campfire_upgraded":2,"win_rate":0,"timestamp":1542851565,"path_taken":["M","?","?","M","?","E","$","E","T","R","E","R","M","?","R","BOSS","M","?","?","?","?","E","R","E","T","?","M"],"build_version":"2018-11-15","purchased_purges":1,"victory":false,"max_hp_per_floor":[70,70,70,70,70,70,70,70,70,70,70,70,70,70,70,70,70,70,70,70,70,70,70,70,70,70,70,70],"card_choices":[{"not_picked":["Endless Agony","Deflect"],"picked":"Backstab","floor":1},{"not_picked":["Crippling Poison","PiercingWail"],"picked":"Poisoned Stab","floor":4},{"not_picked":["Flying Knee","Cloak And Dagger"],"picked":"Backflip","floor":6},{"not_picked":["Skewer","Accuracy"],"picked":"Poisoned Stab","floor":8},{"not_picked":["Reflex","Caltrops"],"picked":"Blade Dance","floor":11},{"not_picked":["Dagger Throw","Cloak And Dagger"],"picked":"Deadly Poison","floor":13},{"not_picked":["Unload","Burst"],"picked":"After Image","floor":16},{"not_picked":["Predator"],"picked":"SKIP","floor":18},{"not_picked":[],"picked":"PiercingWail+1","floor":20},{"not_picked":[],"picked":"Bane","floor":22},{"not_picked":[],"picked":"Catalyst+1","floor":23},{"not_picked":[],"picked":"Envenom","floor":25}],"player_experience":151373,"relics_obtained":[{"floor":6,"key":"Calipers"},{"floor":8,"key":"Omamori"},{"floor":9,"key":"Darkstone Periapt"},{"floor":11,"key":"Bag of Preparation"},{"floor":14,"key":"Oddly Smooth Stone"},{"floor":23,"key":"Bronze Scales"},{"floor":25,"key":"PreservedInsect"},{"floor":26,"key":"Frozen Egg 2"},{"floor":27,"key":"Ornamental Fan"}],"event_choices":[{"damage_healed":0,"gold_gain":175,"player_choice":"AGREE","damage_taken":0,"max_hp_gain":0,"max_hp_loss":0,"event_name":"Liars Game","floor":2,"gold_loss":0,"cards_obtained":["Doubt"]},{"damage_healed":0,"gold_gain":0,"player_choice":"Success","damage_taken":3,"relics_obtained":["War Paint"],"max_hp_gain":0,"max_hp_loss":0,"event_name":"Scrap Ooze","floor":3,"gold_loss":0},{"damage_healed":0,"gold_gain":0,"player_choice":"Entered Light","damage_taken":14,"max_hp_gain":0,"max_hp_loss":0,"event_name":"Shining Light","floor":5,"gold_loss":0,"cards_upgraded":["Strike_G","Strike_G"]},{"damage_healed":0,"gold_gain":0,"player_choice":"1 cards matched","damage_taken":0,"max_hp_gain":0,"max_hp_loss":0,"event_name":"Match and Keep!","floor":19,"gold_loss":0,"cards_obtained":["Tools of the Trade"]},{"damage_healed":0,"gold_gain":0,"player_choice":"Upgraded","damage_taken":0,"max_hp_gain":0,"max_hp_loss":0,"event_name":"Upgrade Shrine","floor":21,"gold_loss":0,"cards_upgraded":["After Image"]}],"is_beta":false,"boss_relics":[{"not_picked":["Orrery","Snecko Eye"],"picked":"Busted Crown"}],"items_purged_floors":[7],"is_endless":false,"potions_floor_spawned":[1,13,16,22],"killed_by":"Shelled Parasite and Fungi","ascension_level":2}