{"gold_per_floor":[112,112,132,3,23,23,49,49,49,66,66,96,146,156,156,227,227,238,17,17,17,30,30,30],"floor_reached":24,"playtime":808,"items_purged":["Strike_B","Strike_B"],"score":408,"play_id":"f13c8d66-08d0-4991-add4-6ca94e019311","local_time":"20181209211146","is_ascension_mode":true,"campfire_choices":[{"data":"Streamline","floor":6.0,"key":"SMITH"},{"floor":8.0,"key":"REST"},{"data":"Zap","floor":11.0,"key":"SMITH"},{"floor":15.0,"key":"REST"},{"floor":23.0,"key":"REST"}],"neow_cost":"PERCENT_DAMAGE","seed_source_timestamp":5435018370666,"circlet_count":0,"master_deck":["AscendersBane","Strike_B","Defend_B","Defend_B","Defend_B","Defend_B","Zap+1","Dualcast","Streamline+1","Rebound","White Noise","Steam","Hello World","Creative AI","Heatsinks","Electrodynamics","Steam Power"],"special_seed":0,"relics":["Cracked Core","StoneCalendar","Smiling Mask","Matryoshka","Philosopher\u0027s Stone","Nilry\u0027s Codex"],"potions_floor_usage":[24],"damage_taken":[{"damage":10.0,"enemies":"Small Slimes","floor":1.0,"turns":3.0},{"damage":1.0,"enemies":"Cultist","floor":3.0,"turns":3.0},{"damage":0.0,"enemies":"2 Louse","floor":5.0,"turns":1.0},{"damage":19.0,"enemies":"Lagavulin","floor":7.0,"turns":6.0},{"damage":11.0,"enemies":"Blue Slaver","floor":10.0,"turns":5.0},{"damage":17.0,"enemies":"3 Sentries","floor":12.0,"turns":6.0},{"damage":5.0,"enemies":"Large Slime","floor":14.0,"turns":5.0},{"damage":19.0,"enemies":"The Guardian","floor":16.0,"turns":8.0},{"damage":7.0,"enemies":"Spheric Guardian","floor":18.0,"turns":5.0},{"damage":19.0,"enemies":"Shell Parasite","floor":22.0,"turns":6.0},{"damage":42,"enemies":"Cultist and Chosen","floor":24,"turns":5}],"seed_played":"-1741309164373492877","potions_obtained":[{"floor":1.0,"key":"Fire Potion"},{"floor":22.0,"key":"FearPotion"}],"is_trial":false,"path_per_floor":["M","?","M","$","M","R","E","R","T","M","R","E","?","M","R","B",null,"M","$","?","?","M","R","M"],"character_chosen":"DEFECT","items_purchased":["FearPotion","Electrodynamics"],"campfire_rested":3,"item_purchase_floors":[4,19],"current_hp_per_floor":[36,36,35,35,35,35,16,37,37,26,26,9,9,4,25,6,55,48,48,48,27,8,29,0],"gold":30,"neow_bonus":"ONE_RARE_RELIC","is_prod":false,"is_daily":false,"chose_seed":false,"campfire_upgraded":2,"win_rate":0,"timestamp":1544361106,"path_taken":["M","?","M","$","M","R","E","R","T","M","R","E","?","?","R","BOSS","M","$","?","?","M","R","M"],"build_version":"2018-12-06","purchased_purges":2,"victory":false,"max_hp_per_floor":[71,71,71,71,71,71,71,71,71,71,71,71,71,71,71,71,71,71,71,71,71,71,71,71],"card_choices":[{"not_picked":["Compile Driver","Rebound"],"picked":"Streamline","floor":1.0},{"not_picked":["Hologram","Streamline"],"picked":"White Noise","floor":3.0},{"not_picked":["Ball Lightning","Sweeping Beam"],"picked":"Steam","floor":5.0},{"not_picked":["Barrage","Ball Lightning"],"picked":"Hello World","floor":7.0},{"not_picked":["Static Discharge","White Noise","Ball Lightning"],"picked":"SKIP","floor":10.0},{"not_picked":["Rebound","Static Discharge","Sweeping Beam"],"picked":"SKIP","floor":12.0},{"not_picked":["Compile Driver","Go for the Eyes","Reboot"],"picked":"SKIP","floor":14.0},{"not_picked":["Biased Cognition","Seek"],"picked":"Creative AI","floor":16.0},{"not_picked":["Sweeping Beam","Barrage"],"picked":"Heatsinks","floor":18.0},{"not_picked":["Aggregate","Blizzard"],"picked":"Steam Power","floor":22.0}],"player_experience":2339491,"relics_obtained":[{"floor":7.0,"key":"Smiling Mask"},{"floor":12.0,"key":"Matryoshka"},{"floor":21.0,"key":"Nilry\u0027s Codex"}],"event_choices":[{"damage_healed":0.0,"max_hp_gain":0.0,"max_hp_loss":0.0,"gold_gain":0.0,"cards_transformed":["Strike_B"],"event_name":"Living Wall","player_choice":"Change","floor":2.0,"gold_loss":0.0,"damage_taken":0.0,"cards_obtained":["Rebound"]},{"damage_healed":0.0,"max_hp_gain":0.0,"max_hp_loss":0.0,"gold_gain":50.0,"event_name":"Golden Shrine","player_choice":"Pray","floor":13.0,"gold_loss":0.0,"damage_taken":0.0},{"damage_healed":0.0,"max_hp_gain":0.0,"max_hp_loss":0.0,"gold_gain":0.0,"event_name":"Vampires","player_choice":"Ignored","floor":20.0,"gold_loss":0.0,"damage_taken":0.0},{"damage_healed":0.0,"max_hp_gain":0.0,"max_hp_loss":0.0,"gold_gain":0.0,"event_name":"Cursed Tome","player_choice":"Obtained Book","floor":21.0,"gold_loss":0.0,"damage_taken":21.0}],"is_beta":false,"boss_relics":[{"not_picked":["Ectoplasm","Fusion Hammer"],"picked":"Philosopher\u0027s Stone"}],"items_purged_floors":[4,19],"is_endless":false,"potions_floor_spawned":[1,5,7,22],"killed_by":"Cultist and Chosen","ascension_level":20}