{"gold_per_floor":[213,225,8,18,29,54,54,86,386,362,362,382,35,67,67,141,141,155,55,55,70,80,80,94,94,94,94,121,121,46,0,0,75,75,87,98,98,114,114,114,143,143,143,157,157,157,13,38,38,38,38],"floor_reached":52,"playtime":3069,"items_purged":["Strike_B","Strike_B","Doubt"],"score":2021,"play_id":"5ff2ec6d-f25e-4cf5-ae6d-ec1881f779f0","local_time":"20190408183108","is_ascension_mode":true,"campfire_choices":[{"floor":7.0,"key":"REST"},{"floor":15.0,"key":"REST"},{"floor":23.0,"key":"REST"},{"floor":25.0,"key":"DIG"},{"floor":27.0,"key":"DIG"},{"floor":29.0,"key":"DIG"},{"data":"Discovery","floor":32.0,"key":"SMITH"},{"floor":40.0,"key":"DIG"},{"floor":42.0,"key":"REST"},{"floor":45.0,"key":"REST"},{"floor":49.0,"key":"DIG"}],"neow_cost":"NONE","seed_source_timestamp":11979762959500,"circlet_count":0,"master_deck":["AscendersBane","Defend_B","Defend_B","Defend_B","Defend_B","Zap+1","Dualcast","Gash","White Noise","All For One","Defragment","Hello World","Go for the Eyes","Gash","Hyperbeam","Metallicize","Impervious","Outmaneuver+1","Pommel Strike+1","Thunderclap+1","Discovery+1","After Image","Havoc","Concentrate+1","Discovery","Chill","Loop+1","Infinite Blades","Panacea","Transmutation"],"special_seed":0,"relics":["FrozenCore","Happy Flower","Shovel","Old Coin","PrismaticShard","Dead Branch","Potion Belt","The Courier","Anchor","Dream Catcher","Torii","Cursed Key","Du-Vu Doll","War Paint","Mummified Hand","Pear","FossilizedHelix"],"potions_floor_usage":[51],"damage_taken":[{"damage":7.0,"enemies":"Jaw Worm","floor":1.0,"turns":4.0},{"damage":3.0,"enemies":"2 Louse","floor":2.0,"turns":3.0},{"damage":0.0,"enemies":"Small Slimes","floor":4.0,"turns":2.0},{"damage":7.0,"enemies":"Looter","floor":5.0,"turns":4.0},{"damage":37.0,"enemies":"Gremlin Nob","floor":6.0,"turns":4.0},{"damage":20.0,"enemies":"Lagavulin","floor":8.0,"turns":7.0},{"damage":6.0,"enemies":"Exordium Thugs","floor":10.0,"turns":4.0},{"damage":9.0,"enemies":"Blue Slaver","floor":12.0,"turns":3.0},{"damage":16.0,"enemies":"3 Sentries","floor":14.0,"turns":5.0},{"damage":21.0,"enemies":"Hexaghost","floor":16.0,"turns":8.0},{"damage":3.0,"enemies":"Shell Parasite","floor":18.0,"turns":7.0},{"damage":6.0,"enemies":"Chosen","floor":21.0,"turns":7.0},{"damage":17.0,"enemies":"3 Cultists","floor":22.0,"turns":5.0},{"damage":0.0,"enemies":"Centurion and Healer","floor":24.0,"turns":8.0},{"damage":25.0,"enemies":"Gremlin Leader","floor":28.0,"turns":7.0},{"damage":6.0,"enemies":"Collector","floor":33.0,"turns":11.0},{"damage":0.0,"enemies":"3 Darklings","floor":35.0,"turns":4.0},{"damage":0.0,"enemies":"Orb Walker","floor":36.0,"turns":6.0},{"damage":0.0,"enemies":"Writhing Mass","floor":38.0,"turns":5.0},{"damage":37.0,"enemies":"Reptomancer","floor":41.0,"turns":8.0},{"damage":24.0,"enemies":"Maw","floor":44.0,"turns":7.0},{"damage":0.0,"enemies":"Nemesis","floor":48.0,"turns":3.0},{"damage":0.0,"enemies":"Donu and Deca","floor":50.0,"turns":12.0},{"damage":19,"enemies":"Time Eater","floor":51,"turns":11}],"seed_played":"3476342019375655774","potions_obtained":[{"floor":5.0,"key":"FearPotion"},{"floor":8.0,"key":"SmokeBomb"},{"floor":10.0,"key":"Block Potion"},{"floor":12.0,"key":"GamblersBrew"},{"floor":14.0,"key":"SteroidPotion"},{"floor":16.0,"key":"FocusPotion"},{"floor":21.0,"key":"Dexterity Potion"},{"floor":24.0,"key":"PowerPotion"},{"floor":41.0,"key":"Poison Potion"},{"floor":44.0,"key":"EssenceOfSteel"},{"floor":48.0,"key":"FocusPotion"}],"is_trial":false,"path_per_floor":["M","M","$","M","M","E","R","E","T","M","?","M","$","E","R","B",null,"M","$","?","M","M","R","M","R","T","R","E","R","?","$","R","B",null,"M","M","?","M","?","R","E","R","T","M","R","?","$","E","R","B","B",null],"character_chosen":"DEFECT","items_purchased":["All For One","PowerPotion","PrismaticShard","AttackPotion","PowerPotion","Block Potion"],"campfire_rested":5,"item_purchase_floors":[3,3,13,13,31,47],"current_hp_per_floor":[57,54,54,54,47,10,31,11,11,5,28,19,19,3,24,3,54,51,51,51,45,28,49,49,49,49,49,24,24,24,24,24,18,58,58,58,58,58,58,58,21,42,42,18,39,29,29,39,39,39,20],"gold":38,"neow_bonus":"HUNDRED_GOLD","is_prod":false,"is_daily":false,"chose_seed":false,"campfire_upgraded":1,"win_rate":0,"timestamp":1554719468,"path_taken":["M","M","$","M","M","E","R","E","T","M","?","M","$","E","R","BOSS","M","$","?","M","M","R","M","R","T","R","E","R","?","$","R","BOSS","M","M","?","M","?","R","E","R","T","?","R","?","$","E","R","BOSS","BOSS"],"build_version":"2019-04-04","purchased_purges":3,"victory":true,"max_hp_per_floor":[71,71,71,71,71,71,71,71,71,71,71,71,71,71,71,71,71,71,71,71,71,71,71,71,71,71,71,71,71,71,71,71,71,71,71,71,71,71,71,71,71,71,71,71,71,71,71,81,81,81,81],"card_choices":[{"not_picked":["Sweeping Beam","Redo"],"picked":"Gash","floor":1.0},{"not_picked":["Recycle","Redo"],"picked":"White Noise","floor":2.0},{"not_picked":["Doom and Gloom","Redo"],"picked":"Defragment","floor":4.0},{"not_picked":["Loop","Turbo"],"picked":"Hello World","floor":5.0},{"not_picked":["Force Field","Rebound","Compile Driver"],"picked":"SKIP","floor":6.0},{"not_picked":["Lockon","Capacitor"],"picked":"Go for the Eyes","floor":8.0},{"not_picked":["Storm","Hologram"],"picked":"Gash","floor":10.0},{"not_picked":["Conserve Battery","Melter"],"picked":"Hyperbeam","floor":12.0},{"not_picked":["Ball Lightning","Blur"],"picked":"Metallicize","floor":14.0},{"not_picked":["The Bomb","Limit Break"],"picked":"Impervious","floor":16.0},{"not_picked":["Noxious Fumes","Clothesline"],"picked":"Outmaneuver+1","floor":18.0},{"not_picked":["Mind Blast","Ball Lightning","Deadly Poison"],"picked":"SKIP","floor":21.0},{"not_picked":["Perfected Strike","Streamline"],"picked":"Pommel Strike+1","floor":22.0},{"not_picked":["Aggregate","Beam Cell"],"picked":"Thunderclap+1","floor":24.0},{"not_picked":["Forethought","Caltrops"],"picked":"Discovery","floor":28.0},{"not_picked":["Rainbow","Bullet Time"],"picked":"After Image","floor":33.0},{"not_picked":["Loop","Body Slam"],"picked":"Havoc","floor":35.0},{"not_picked":["Backstab","Poisoned Stab"],"picked":"Concentrate","floor":36.0},{"not_picked":["Sentinel","Hello World"],"picked":"Discovery","floor":38.0},{"not_picked":["Flechettes","Sunder","Cleave"],"picked":"SKIP","floor":41.0},{"not_picked":["Coolheaded+1","Flying Knee"],"picked":"Chill","floor":42.0},{"not_picked":["Heavy Blade","Ball Lightning"],"picked":"Loop+1","floor":44.0},{"not_picked":["Prepared+1","Anger"],"picked":"Infinite Blades","floor":45.0},{"not_picked":["Secret Technique","Sadistic Nature"],"picked":"Panacea","floor":46.0},{"not_picked":["Discovery","Blind"],"picked":"Transmutation","floor":46.0},{"not_picked":["All Out Attack","Clothesline","Melter+1"],"picked":"SKIP","floor":48.0},{"not_picked":["All Out Attack","Clothesline","Melter+1"],"picked":"SKIP","floor":48.0}],"player_experience":1366983,"relics_obtained":[{"floor":6.0,"key":"Happy Flower"},{"floor":8.0,"key":"Shovel"},{"floor":9.0,"key":"Old Coin"},{"floor":14.0,"key":"Dead Branch"},{"floor":25.0,"key":"Potion Belt"},{"floor":26.0,"key":"The Courier"},{"floor":27.0,"key":"Anchor"},{"floor":28.0,"key":"Dream Catcher"},{"floor":29.0,"key":"Torii"},{"floor":40.0,"key":"Du-Vu Doll"},{"floor":41.0,"key":"War Paint"},{"floor":43.0,"key":"Mummified Hand"},{"floor":48.0,"key":"Pear"},{"floor":49.0,"key":"FossilizedHelix"}],"event_choices":[{"damage_healed":23.0,"max_hp_gain":0.0,"max_hp_loss":0.0,"gold_gain":0.0,"event_name":"Big Fish","player_choice":"Banana","floor":11.0,"gold_loss":0.0,"damage_taken":0.0},{"cards_removed":["Strike_B"],"damage_healed":0.0,"max_hp_gain":0.0,"max_hp_loss":0.0,"gold_gain":0.0,"event_name":"Back to Basics","player_choice":"Elegance","floor":20.0,"gold_loss":0.0,"damage_taken":0.0},{"cards_removed":["Strike_B"],"damage_healed":0.0,"max_hp_gain":0.0,"max_hp_loss":0.0,"gold_gain":0.0,"event_name":"Beggar","player_choice":"Gave Gold","floor":30.0,"gold_loss":75.0,"damage_taken":0.0},{"damage_healed":0.0,"max_hp_gain":0.0,"max_hp_loss":0.0,"gold_gain":0.0,"event_name":"Mysterious Sphere","player_choice":"Ignored","floor":37.0,"gold_loss":0.0,"damage_taken":0.0},{"damage_healed":0.0,"max_hp_gain":0.0,"max_hp_loss":0.0,"gold_gain":0.0,"event_name":"Tomb of Lord Red Mask","player_choice":"Ignored","floor":39.0,"gold_loss":0.0,"damage_taken":0.0},{"damage_healed":0.0,"max_hp_gain":0.0,"max_hp_loss":0.0,"gold_gain":0.0,"event_name":"SensoryStone","player_choice":"Memory 3","floor":46.0,"gold_loss":0.0,"damage_taken":10.0}],"is_beta":true,"boss_relics":[{"not_picked":["Calling Bell","Velvet Choker"],"picked":"FrozenCore"},{"not_picked":["Busted Crown","Tiny House"],"picked":"Cursed Key"}],"items_purged_floors":[13,19,47],"is_endless":false,"potions_floor_spawned":[5,8,10,12,14,16,21,22,24,41,44,48],"ascension_level":20}