{"gold_per_floor":[119,136,154,165,175,175,203,203,230,243,268,21,21,41,41,120,120,136,116,41,57,72,72,83,109,109,109,109,122,122,135,135,206,206,225,51,151,162,177,177,203,203,203,221,234,234,253,272,272,272],"floor_reached":50,"playtime":4906,"items_purged":["Strike_R"],"score":1049,"play_id":"4aa76732-e67c-4571-a75a-1a9c70c2684f","local_time":"20190330002628","is_ascension_mode":true,"campfire_choices":[{"data":"Bash","floor":6,"key":"SMITH"},{"data":"Uppercut","floor":8,"key":"SMITH"},{"floor":15,"key":"REST"},{"floor":23,"key":"REST"},{"floor":27,"key":"REST"},{"floor":32,"key":"REST"},{"floor":40,"key":"REST"},{"floor":42,"key":"REST"},{"floor":49,"key":"REST"}],"neow_cost":"NONE","seed_source_timestamp":841463444300000,"circlet_count":0,"master_deck":["AscendersBane","Strike_R","Defend_R","Defend_R","Defend_R+1","Defend_R","Bash+1","Impervious+1","Uppercut+1","Combust","Anger","True Grit+1","Spot Weakness+1","Armaments+1","Disarm+1","Warcry+1","Exhume+1","Flex+1","Sword Boomerang+1","Feed","Sword Boomerang+1","Feel No Pain+1","Flame Barrier+1","Spot Weakness+1","Dual Wield+1","Corruption+1"],"relics":["Burning Blood","Toxic Egg 2","Happy Flower","Boot","War Paint","Runic Pyramid","Potion Belt","The Courier","Empty Cage","Cauldron","Thread and Needle","Bottled Flame"],"potions_floor_usage":[14,25,25,33,35,37,37,39,41,45,45],"damage_taken":[{"damage":6,"enemies":"Cultist","floor":1,"turns":4},{"damage":12,"enemies":"Small Slimes","floor":2,"turns":4},{"damage":2,"enemies":"2 Louse","floor":3,"turns":3},{"damage":7,"enemies":"Looter","floor":4,"turns":3},{"damage":5,"enemies":"2 Fungi Beasts","floor":5,"turns":4},{"damage":6,"enemies":"Gremlin Nob","floor":7,"turns":4},{"damage":0,"enemies":"Large Slime","floor":10,"turns":4},{"damage":40,"enemies":"Lagavulin","floor":11,"turns":8},{"damage":6,"enemies":"Lots of Slimes","floor":14,"turns":3},{"damage":23,"enemies":"Slime Boss","floor":16,"turns":8},{"damage":16,"enemies":"Shell Parasite","floor":18,"turns":5},{"damage":9,"enemies":"2 Thieves","floor":19,"turns":5},{"damage":14,"enemies":"Shelled Parasite and Fungi","floor":21,"turns":7},{"damage":31,"enemies":"3 Cultists","floor":22,"turns":5},{"damage":5,"enemies":"Centurion and Healer","floor":24,"turns":10},{"damage":24,"enemies":"Gremlin Leader","floor":25,"turns":7},{"damage":20,"enemies":"Colosseum Slavers","floor":28,"turns":6},{"damage":12,"enemies":"Snake Plant","floor":29,"turns":4},{"damage":5,"enemies":"3 Cultists","floor":31,"turns":6},{"damage":16,"enemies":"Champ","floor":33,"turns":14},{"damage":45,"enemies":"3 Darklings","floor":35,"turns":6},{"damage":12,"enemies":"Mind Bloom Boss Battle","floor":37,"turns":11},{"damage":0,"enemies":"Orb Walker","floor":38,"turns":5},{"damage":25,"enemies":"Jaw Worm Horde","floor":39,"turns":7},{"damage":50,"enemies":"Giant Head","floor":41,"turns":8},{"damage":10,"enemies":"3 Darklings","floor":44,"turns":6},{"damage":32,"enemies":"Transient","floor":45,"turns":6},{"damage":3,"enemies":"Maw","floor":47,"turns":8},{"damage":11,"enemies":"3 Darklings","floor":48,"turns":6},{"damage":46,"enemies":"Donu and Deca","floor":50,"turns":7}],"seed_played":"-8458938339935269152","potions_obtained":[{"floor":1,"key":"FearPotion"},{"floor":3,"key":"Explosive Potion"},{"floor":22,"key":"PowerPotion"},{"floor":24,"key":"GamblersBrew"},{"floor":29,"key":"SpeedPotion"},{"floor":31,"key":"Explosive Potion"},{"floor":36,"key":"Regen Potion"},{"floor":36,"key":"Dexterity Potion"},{"floor":36,"key":"Block Potion"},{"floor":36,"key":"FearPotion"},{"floor":38,"key":"Fire Potion"},{"floor":41,"key":"Poison Potion"},{"floor":48,"key":"Fire Potion"}],"is_trial":false,"path_per_floor":["M","M","M","M","M","R","E","R","T","M","E","$","?","M","R","B",null,"M","M","?","M","M","R","M","E","T","R","?","M","?","M","R","B",null,"M","$","?","M","M","R","E","R","T","M","M","?","M","M","R","B"],"character_chosen":"IRONCLAD","items_purchased":["War Paint","Cauldron"],"campfire_rested":7,"item_purchase_floors":[12,36],"current_hp_per_floor":[68,62,66,65,66,66,66,66,66,72,38,38,38,38,60,43,67,57,54,54,46,21,43,44,26,26,48,34,28,28,29,51,41,67,28,28,41,50,34,59,15,40,40,40,14,14,20,18,46,0],"gold":272,"neow_bonus":"ONE_RANDOM_RARE_CARD","is_prod":false,"is_daily":false,"chose_seed":false,"campfire_upgraded":2,"win_rate":0,"timestamp":1553905588,"path_taken":["M","M","?","M","M","R","E","R","T","M","E","$","?","M","R","BOSS","M","M","?","M","M","R","M","E","T","R","?","M","?","M","R","BOSS","M","$","?","M","M","R","E","R","T","M","M","?","M","?","R","BOSS"],"build_version":"2019-01-23","purchased_purges":1,"victory":false,"max_hp_per_floor":[75,75,75,75,75,75,75,75,75,75,75,75,75,75,75,75,75,75,75,75,75,75,75,75,75,75,75,75,75,75,75,75,75,75,75,75,79,82,85,85,85,85,85,89,89,89,92,95,95,95],"card_choices":[{"not_picked":["Shrug It Off","Searing Blow"],"picked":"Uppercut","floor":1},{"not_picked":["Warcry","Dropkick"],"picked":"Combust","floor":2},{"not_picked":["Clothesline","Clash"],"picked":"Anger","floor":3},{"not_picked":["Headbutt","Clash"],"picked":"True Grit","floor":4},{"not_picked":["Bloodletting","Fire Breathing","Exhume"],"picked":"SKIP","floor":5},{"not_picked":["Headbutt","Havoc"],"picked":"Spot Weakness","floor":7},{"not_picked":["Cleave","Anger"],"picked":"Armaments+1","floor":10},{"not_picked":["Bludgeon","Pommel Strike"],"picked":"Disarm+1","floor":11},{"not_picked":["Flex+1","Clothesline"],"picked":"Warcry+1","floor":14},{"not_picked":["Berserk","Juggernaut"],"picked":"Exhume+1","floor":16},{"not_picked":["Havoc+1","Anger","Headbutt"],"picked":"SKIP","floor":18},{"not_picked":["Headbutt","Searing Blow","Clash"],"picked":"SKIP","floor":19},{"not_picked":["Hemokinesis","Havoc+1"],"picked":"Flex+1","floor":21},{"not_picked":["Carnage","Cleave","Hemokinesis"],"picked":"SKIP","floor":22},{"not_picked":["Power Through+1","Warcry+1","Dual Wield+1"],"picked":"SKIP","floor":24},{"not_picked":["Warcry+1","Sever Soul"],"picked":"Sword Boomerang+1","floor":25},{"not_picked":["Heavy Blade+1","Ghostly Armor+1","Iron Wave"],"picked":"SKIP","floor":29},{"not_picked":["Searing Blow","Perfected Strike","Clothesline"],"picked":"SKIP","floor":31},{"not_picked":["Immolate","Demon Form"],"picked":"Feed","floor":33},{"not_picked":["Hemokinesis","Cleave"],"picked":"Sword Boomerang+1","floor":35},{"not_picked":["Flex+1","Headbutt"],"picked":"Feel No Pain+1","floor":37},{"not_picked":["Metallicize","Armaments+1"],"picked":"Flame Barrier+1","floor":38},{"not_picked":["Anger","Clash"],"picked":"Spot Weakness+1","floor":39},{"not_picked":["Fire Breathing+1","Brutality","Combust+1"],"picked":"SKIP","floor":41},{"not_picked":["Twin Strike","Sever Soul"],"picked":"Dual Wield+1","floor":44},{"not_picked":["Heavy Blade","Metallicize","Twin Strike+1"],"picked":"SKIP","floor":45},{"not_picked":["Rupture","Wild Strike"],"picked":"Corruption+1","floor":47},{"not_picked":["Dropkick","Cleave","Perfected Strike"],"picked":"SKIP","floor":48}],"player_experience":2383002,"relics_obtained":[{"floor":7,"key":"Toxic Egg 2"},{"floor":9,"key":"Happy Flower"},{"floor":11,"key":"Boot"},{"floor":25,"key":"Potion Belt"},{"floor":26,"key":"The Courier"},{"floor":37,"key":"Thread and Needle"},{"floor":41,"key":"Bottled Flame"}],"event_choices":[{"damage_healed":0,"gold_gain":0,"player_choice":"Leave","damage_taken":0,"max_hp_gain":0,"max_hp_loss":0,"event_name":"The Cleric","floor":13,"gold_loss":0},{"cards_removed":["Strike_R"],"damage_healed":0,"gold_gain":0,"player_choice":"Gave Gold","damage_taken":0,"max_hp_gain":0,"max_hp_loss":0,"event_name":"Beggar","floor":20,"gold_loss":75},{"damage_healed":0,"gold_gain":0,"player_choice":"Fight","damage_taken":0,"max_hp_gain":0,"max_hp_loss":0,"event_name":"Colosseum","floor":28,"gold_loss":0},{"damage_healed":0,"gold_gain":0,"player_choice":"Fled From Nobs","damage_taken":0,"max_hp_gain":0,"max_hp_loss":0,"event_name":"Colosseum","floor":28,"gold_loss":0},{"damage_healed":0,"gold_gain":0,"player_choice":"Ignored","damage_taken":0,"max_hp_gain":0,"max_hp_loss":0,"event_name":"Cursed Tome","floor":30,"gold_loss":0},{"damage_healed":0,"gold_gain":0,"player_choice":"Fight","damage_taken":0,"max_hp_gain":0,"max_hp_loss":0,"event_name":"MindBloom","floor":37,"gold_loss":0},{"damage_healed":0,"gold_gain":0,"player_choice":"Upgraded","damage_taken":0,"max_hp_gain":0,"max_hp_loss":0,"event_name":"Upgrade Shrine","floor":46,"gold_loss":0,"cards_upgraded":["Impervious"]}],"is_beta":false,"boss_relics":[{"not_picked":["Cursed Key","Fusion Hammer"],"picked":"Runic Pyramid"},{"not_picked":["Orrery","Sozu"],"picked":"Empty Cage"}],"items_purged_floors":[12],"is_endless":false,"potions_floor_spawned":[1,3,5,10,22,24,29,31,38,41,48],"killed_by":"Donu and Deca","ascension_level":20}