{"gold_per_floor":[11,27,27,43,218,218,250,250,250,283,296,296,13,13,13,115,115,134,151,250,264,275,275],"floor_reached":23,"playtime":644,"items_purged":[],"score":312,"play_id":"eac67b33-b86a-439d-8d77-136af2433c1c","local_time":"25620220202058","is_ascension_mode":true,"campfire_choices":[{"data":"Hologram","floor":6,"key":"SMITH"},{"data":"Barrage","floor":8,"key":"SMITH"},{"data":"Rainbow","floor":15,"key":"SMITH"}],"neow_cost":"NO_GOLD","seed_source_timestamp":15751776211676,"circlet_count":0,"master_deck":["AscendersBane","Strike_B","Strike_B","Strike_B","Defend_B","Defend_B","Defend_B","Defend_B","Zap+1","Dualcast","Barrage+1","Hologram+1","Beam Cell","Skim","White Noise+1","Leap","Rainbow+1","Capacitor","Electrodynamics","Cold Snap+1","Reinforced Body+1","Redo+1"],"relics":["Cracked Core","Letter Opener","Blue Candle","Juzu Bracelet","Empty Cage"],"potions_floor_usage":[11,16,18,21,23,23],"damage_taken":[{"damage":8,"enemies":"Small Slimes","floor":1,"turns":3},{"damage":3,"enemies":"2 Louse","floor":2,"turns":3},{"damage":1,"enemies":"Cultist","floor":4,"turns":3},{"damage":25,"enemies":"Lagavulin","floor":7,"turns":7},{"damage":32,"enemies":"Gremlin Nob","floor":10,"turns":4},{"damage":8,"enemies":"Large Slime","floor":11,"turns":4},{"damage":21,"enemies":"Slime Boss","floor":16,"turns":9},{"damage":19,"enemies":"Spheric Guardian","floor":18,"turns":5},{"damage":33,"enemies":"Shell Parasite","floor":19,"turns":8},{"damage":11,"enemies":"Snecko","floor":21,"turns":3},{"damage":0,"enemies":"3 Cultists","floor":22,"turns":3},{"damage":13,"enemies":"Book of Stabbing","floor":23,"turns":4}],"seed_played":"6025962766183552482","potions_obtained":[{"floor":10,"key":"Weak Potion"},{"floor":11,"key":"Weak Potion"},{"floor":16,"key":"EssenceOfSteel"},{"floor":19,"key":"AttackPotion"},{"floor":22,"key":"FocusPotion"}],"is_trial":false,"path_per_floor":["M","M","?","M","?","R","E","R","T","E","M","?","$","?","R","B",null,"M","M","?","M","M","E"],"character_chosen":"DEFECT","items_purchased":["Rainbow","Capacitor","Dexterity Potion"],"campfire_rested":0,"item_purchase_floors":[13,13,13],"current_hp_per_floor":[74,71,71,70,70,70,45,45,45,13,5,5,5,34,34,13,70,51,18,18,7,7,0],"gold":275,"neow_bonus":"TWENTY_PERCENT_HP_BONUS","is_prod":false,"is_daily":false,"chose_seed":false,"campfire_upgraded":3,"win_rate":0,"timestamp":1550668858,"path_taken":["M","M","?","M","?","R","E","R","T","E","M","?","$","?","R","BOSS","M","M","?","M","M","E"],"build_version":"2019-01-23","purchased_purges":0,"victory":false,"max_hp_per_floor":[89,89,89,89,89,89,89,89,89,89,89,89,89,89,89,89,89,89,89,89,89,89,89],"card_choices":[{"not_picked":["Steam","Go for the Eyes"],"picked":"Barrage","floor":1},{"not_picked":["Skim","Steam"],"picked":"Hologram","floor":2},{"not_picked":["Gash","Loop"],"picked":"Beam Cell","floor":4},{"not_picked":["Double Energy","Steam Power"],"picked":"Skim","floor":7},{"not_picked":["Doom and Gloom","Sweeping Beam"],"picked":"White Noise","floor":10},{"not_picked":["Reprogram","Compile Driver"],"picked":"Leap","floor":11},{"not_picked":["Core Surge","Reboot"],"picked":"Electrodynamics","floor":16},{"not_picked":["Leap","Hologram","Undo"],"picked":"SKIP","floor":18},{"not_picked":["Leap","Go for the Eyes"],"picked":"Cold Snap+1","floor":19},{"not_picked":["Fusion","Static Discharge"],"picked":"Reinforced Body+1","floor":21},{"not_picked":["Gash","Steam"],"picked":"Redo+1","floor":22}],"player_experience":257868,"relics_obtained":[{"floor":7,"key":"Letter Opener"},{"floor":9,"key":"Blue Candle"},{"floor":10,"key":"Juzu Bracelet"}],"event_choices":[{"damage_healed":0,"gold_gain":0,"player_choice":"Grow","damage_taken":0,"max_hp_gain":0,"max_hp_loss":0,"event_name":"Living Wall","floor":3,"gold_loss":0,"cards_upgraded":["Zap"]},{"damage_healed":0,"gold_gain":175,"player_choice":"AGREE","damage_taken":0,"max_hp_gain":0,"max_hp_loss":0,"event_name":"Liars Game","floor":5,"gold_loss":0,"cards_obtained":["Doubt"]},{"damage_healed":0,"gold_gain":0,"player_choice":"Forge","damage_taken":0,"max_hp_gain":0,"max_hp_loss":0,"event_name":"Accursed Blacksmith","floor":12,"gold_loss":0,"cards_upgraded":["White Noise"]},{"damage_healed":29,"gold_gain":0,"player_choice":"Banana","damage_taken":0,"max_hp_gain":0,"max_hp_loss":0,"event_name":"Big Fish","floor":14,"gold_loss":0},{"damage_healed":0,"gold_gain":99,"player_choice":"Stole From Cult","damage_taken":0,"max_hp_gain":0,"max_hp_loss":0,"event_name":"Nest","floor":20,"gold_loss":0}],"is_beta":false,"boss_relics":[{"not_picked":["Runic Pyramid","Runic Dome"],"picked":"Empty Cage"}],"items_purged_floors":[],"is_endless":false,"potions_floor_spawned":[10,11,16,19,22],"killed_by":"Book of Stabbing","ascension_level":11}