{"gold_per_floor":[211,225,239,253,253,253,253,278,278,290,290,290,306,318,318,318],"floor_reached":16,"playtime":1543,"items_purged":[],"score":114,"play_id":"07a06c5c-dd22-467c-98b6-e3acb02b4ffa","local_time":"20181106202558","is_ascension_mode":true,"campfire_choices":[{"data":"Perfected Strike","floor":6,"key":"SMITH"},{"floor":12,"key":"REST"},{"floor":15,"key":"REST"}],"neow_cost":"NONE","seed_source_timestamp":2014834108580169,"circlet_count":0,"master_deck":["Strike_R+1","Strike_R","Strike_R","Strike_R","Strike_R","Defend_R","Defend_R","Defend_R","Defend_R","Bash","Sword Boomerang+1","Headbutt","Cleave+1","Perfected Strike+1","Bludgeon","Cleave","Twin Strike","Shrug It Off","Rampage","Juggernaut"],"relics":["Burning Blood","Prayer Wheel","Calipers","Question Card"],"potions_floor_usage":[8,14],"damage_taken":[{"damage":6,"enemies":"Cultist","floor":1,"turns":3},{"damage":0,"enemies":"Small Slimes","floor":2,"turns":3},{"damage":7,"enemies":"Jaw Worm","floor":3,"turns":3},{"damage":22,"enemies":"Looter","floor":4,"turns":3},{"damage":36,"enemies":"Lagavulin","floor":8,"turns":5},{"damage":14,"enemies":"Red Slaver","floor":10,"turns":2},{"damage":18,"enemies":"Exordium Thugs","floor":13,"turns":3},{"damage":8,"enemies":"Exordium Wildlife","floor":14,"turns":2},{"damage":60,"enemies":"Hexaghost","floor":16,"turns":9}],"seed_played":"-6973635310712613525","potions_obtained":[{"floor":3,"key":"Regen Potion"},{"floor":8,"key":"Block Potion"},{"floor":13,"key":"Explosive Potion"}],"is_trial":false,"path_per_floor":["M","M","M","M","?","R","?","E","T","M","?","R","M","M","R","B"],"character_chosen":"IRONCLAD","items_purchased":[],"campfire_rested":2,"item_purchase_floors":[],"current_hp_per_floor":[80,80,79,63,47,47,47,31,31,23,23,47,35,33,57,0],"gold":318,"neow_bonus":"HUNDRED_GOLD","is_prod":false,"is_daily":false,"chose_seed":false,"campfire_upgraded":1,"win_rate":0,"timestamp":1541553958,"path_taken":["M","?","M","M","?","R","?","E","T","M","?","R","M","?","R","BOSS"],"build_version":"2018-11-01","purchased_purges":0,"victory":false,"max_hp_per_floor":[80,80,80,80,80,80,80,80,80,80,80,80,80,80,80,80],"card_choices":[{"not_picked":["Evolve","Uppercut"],"picked":"Sword Boomerang","floor":1},{"not_picked":["Twin Strike","Flex"],"picked":"Headbutt","floor":2},{"not_picked":["Iron Wave","Power Through"],"picked":"Cleave","floor":3},{"not_picked":["Power Through","Ghostly Armor"],"picked":"Perfected Strike","floor":4},{"not_picked":["Dark Embrace","Carnage"],"picked":"Bludgeon","floor":8},{"not_picked":["Armaments","Anger"],"picked":"Cleave","floor":10},{"not_picked":["Anger","Sever Soul"],"picked":"Twin Strike","floor":10},{"not_picked":["Havoc","Armaments","Searing Blow"],"picked":"Shrug It Off","floor":13},{"not_picked":["True Grit","Heavy Blade","Headbutt","Rage"],"picked":"SKIP","floor":13},{"not_picked":["Evolve","Hemokinesis","Heavy Blade"],"picked":"Rampage","floor":14},{"not_picked":["Inflame","Armaments","Warcry"],"picked":"Juggernaut","floor":14}],"player_experience":104863,"relics_obtained":[{"floor":8,"key":"Prayer Wheel"},{"floor":9,"key":"Calipers"}],"event_choices":[{"damage_healed":0,"gold_gain":0,"player_choice":"Entered Light","damage_taken":16,"max_hp_gain":0,"max_hp_loss":0,"event_name":"Shining Light","floor":5,"gold_loss":0,"cards_upgraded":["Strike_R","Sword Boomerang"]},{"damage_healed":0,"gold_gain":0,"player_choice":"Grow","damage_taken":0,"max_hp_gain":0,"max_hp_loss":0,"event_name":"Living Wall","floor":7,"gold_loss":0,"cards_upgraded":["Cleave"]},{"damage_healed":0,"gold_gain":0,"player_choice":"Gave Potion","damage_taken":0,"relics_obtained":["Question Card"],"max_hp_gain":0,"max_hp_loss":0,"event_name":"WeMeetAgain","floor":11,"gold_loss":0}],"is_beta":false,"boss_relics":[],"items_purged_floors":[],"is_endless":false,"potions_floor_spawned":[3,8,13],"killed_by":"Hexaghost","ascension_level":2}