{"gold_per_floor":[116,116,130,149,61,80,101,114,141,141],"floor_reached":10,"playtime":264,"items_purged":[],"score":120,"play_id":"43c0f6f6-3bbc-45fd-9e9b-e713e33cdea2","local_time":"20181202140520","is_ascension_mode":true,"campfire_choices":[],"neow_cost":"NONE","seed_source_timestamp":8518403994487,"circlet_count":0,"master_deck":["AscendersBane","Strike_R","Strike_R","Strike_R","Strike_R","Strike_R","Defend_R","Defend_R","Defend_R","Bash","Shrug It Off","Entrench","Uppercut","Evolve","Wild Strike","Reckless Charge"],"relics":["Burning Blood","NeowsBlessing","Odd Mushroom","Ancient Tea Set"],"potions_floor_usage":[8,8],"damage_taken":[{"damage":0,"enemies":"Small Slimes","floor":1,"turns":1},{"damage":0,"enemies":"Jaw Worm","floor":3,"turns":1},{"damage":0,"enemies":"Cultist","floor":4,"turns":1},{"damage":21,"enemies":"3 Louse","floor":6,"turns":4},{"damage":45,"enemies":"The Mushroom Lair","floor":7,"turns":8},{"damage":10,"enemies":"2 Fungi Beasts","floor":8,"turns":3},{"damage":18,"enemies":"Large Slime","floor":10,"turns":6}],"seed_played":"-4922530526113615659","potions_obtained":[{"floor":6,"key":"Swift Potion"},{"floor":7,"key":"Explosive Potion"}],"is_trial":false,"path_per_floor":["M","?","M","M","$","M","?","M","T","M"],"character_chosen":"IRONCLAD","items_purchased":["Evolve"],"campfire_rested":0,"item_purchase_floors":[5],"current_hp_per_floor":[74,67,73,75,75,60,21,17,17,0],"gold":141,"neow_bonus":"THREE_ENEMY_KILL","is_prod":false,"is_daily":false,"chose_seed":false,"campfire_upgraded":0,"win_rate":0,"timestamp":1543730720,"path_taken":["M","?","M","M","$","M","?","M","T","M"],"build_version":"2018-11-15","purchased_purges":0,"victory":false,"max_hp_per_floor":[75,75,75,75,75,75,75,75,75,75],"card_choices":[{"not_picked":["Pommel Strike","Thunderclap"],"picked":"Shrug It Off","floor":1},{"not_picked":["Armaments","Iron Wave"],"picked":"Entrench","floor":3},{"not_picked":["Shrug It Off","Clothesline"],"picked":"Uppercut","floor":4},{"not_picked":["Thunderclap","Rampage","Clash"],"picked":"SKIP","floor":6},{"not_picked":["Pommel Strike","Warcry"],"picked":"Wild Strike","floor":7},{"not_picked":["Double Tap","Twin Strike"],"picked":"Reckless Charge","floor":8}],"player_experience":2263958,"relics_obtained":[{"floor":7,"key":"Odd Mushroom"},{"floor":9,"key":"Ancient Tea Set"}],"event_choices":[{"cards_removed":["Defend_R"],"damage_healed":0,"gold_gain":0,"player_choice":"Card Removal","damage_taken":7,"max_hp_gain":0,"max_hp_loss":0,"event_name":"Golden Wing","floor":2,"gold_loss":0},{"damage_healed":0,"gold_gain":0,"player_choice":"Fought Mushrooms","damage_taken":0,"max_hp_gain":0,"max_hp_loss":0,"event_name":"Mushrooms","floor":7,"gold_loss":0}],"is_beta":false,"boss_relics":[],"items_purged_floors":[],"is_endless":false,"potions_floor_spawned":[6,7],"killed_by":"Large Slime","ascension_level":20}