{"gold_per_floor":[113,125,139,314,333,363,363,28,55,72,97,114,114,114,114,214,214,226,244,258,10,34,65,82,82,158,158,171,200,200,231,231,330,330,350,198,216,232,252,252,252,287,313,323,4,23,23,23,23,23],"floor_reached":51,"playtime":2148,"items_purged":["Doubt","Pain","Regret"],"score":1211,"play_id":"e3c27594-22f4-40b0-9da0-d207aecf5e5c","local_time":"25611112012328","is_ascension_mode":true,"campfire_choices":[{"data":"Rampage","floor":7.0,"key":"SMITH"},{"data":"Bash","floor":15.0,"key":"SMITH"},{"data":"Feel No Pain","floor":25.0,"key":"SMITH"},{"data":"Battle Trance","floor":27.0,"key":"SMITH"},{"floor":32.0,"key":"REST"},{"data":"Dark Embrace","floor":40.0,"key":"SMITH"},{"data":"Intimidate","floor":47,"key":"SMITH"},{"data":"Defend_R","floor":49,"key":"SMITH"}],"neow_cost":"NONE","seed_source_timestamp":51731405159560,"circlet_count":0,"master_deck":["AscendersBane","Strike_R","Strike_R","Strike_R","Strike_R","Defend_R","Defend_R","Defend_R","Defend_R+1","Bash+1","Rampage+1","Intimidate+1","Battle Trance+1","Shockwave+1","Rage+1","Fiend Fire+1","Headbutt+1","Wild Strike+1","Whirlwind+1","Shrug It Off+1","Body Slam+1","Feel No Pain+1","Flame Barrier+1","Double Tap+1","Doubt","Shrug It Off+1","Rage+1","True Grit+1","Dark Embrace+1","Offering+1","Parasite","Body Slam+1"],"special_seed":0,"relics":["Burning Blood","Anchor","Toxic Egg 2","Oddly Smooth Stone","Bronze Scales","Molten Egg 2","Sozu","Medical Kit","Orichalcum","Strawberry","Darkstone Periapt","Mummified Hand","Boot","Calling Bell","Lantern","Singing Bowl","FossilizedHelix","Pear","Bag of Marbles","Lee\u0027s Waffle"],"potions_floor_usage":[],"damage_taken":[{"damage":10.0,"enemies":"Cultist","floor":1.0,"turns":5.0},{"damage":2.0,"enemies":"Jaw Worm","floor":2.0,"turns":4.0},{"damage":0.0,"enemies":"2 Louse","floor":3.0,"turns":2.0},{"damage":11.0,"enemies":"Blue Slaver","floor":5.0,"turns":5.0},{"damage":18.0,"enemies":"Lagavulin","floor":6.0,"turns":7.0},{"damage":14.0,"enemies":"Lots of Slimes","floor":10.0,"turns":5.0},{"damage":23.0,"enemies":"Gremlin Nob","floor":11.0,"turns":4.0},{"damage":0.0,"enemies":"2 Fungi Beasts","floor":12.0,"turns":4.0},{"damage":40.0,"enemies":"Hexaghost","floor":16.0,"turns":9.0},{"damage":0.0,"enemies":"2 Thieves","floor":18.0,"turns":3.0},{"damage":0.0,"enemies":"3 Byrds","floor":19.0,"turns":5.0},{"damage":12.0,"enemies":"Centurion and Healer","floor":20.0,"turns":5.0},{"damage":10.0,"enemies":"Slavers","floor":23.0,"turns":6.0},{"damage":22.0,"enemies":"Shelled Parasite and Fungi","floor":24.0,"turns":4.0},{"damage":0.0,"enemies":"Cultist and Chosen","floor":28.0,"turns":4.0},{"damage":8.0,"enemies":"Book of Stabbing","floor":29.0,"turns":4.0},{"damage":32.0,"enemies":"Slavers","floor":31.0,"turns":5.0},{"damage":43.0,"enemies":"Champ","floor":33.0,"turns":10.0},{"damage":6.0,"enemies":"3 Shapes","floor":35.0,"turns":4.0},{"damage":0.0,"enemies":"Orb Walker","floor":37.0,"turns":2.0},{"damage":19.0,"enemies":"Sphere and 2 Shapes","floor":38.0,"turns":7.0},{"damage":2.0,"enemies":"3 Darklings","floor":39.0,"turns":4.0},{"damage":43,"enemies":"Giant Head","floor":42,"turns":9},{"damage":15,"enemies":"Writhing Mass","floor":44,"turns":4},{"damage":0,"enemies":"Transient","floor":46,"turns":5},{"damage":40,"enemies":"Awakened One","floor":50,"turns":16}],"seed_played":"8377528491366838382","potions_obtained":[{"floor":0.0,"key":"GamblersBrew"},{"floor":0.0,"key":"AttackPotion"},{"floor":0.0,"key":"BloodPotion"},{"floor":2.0,"key":"Block Potion"},{"floor":6.0,"key":"Ancient Potion"},{"floor":10.0,"key":"Fire Potion"}],"is_trial":false,"path_per_floor":["M","M","M","?","M","E","R","$","T","M","E","M","?","T","R","B",null,"M","M","M","$","T","E","M","R","T","R","M","E","?","E","R","B",null,"M","$","M","M","M","R","?","E","T","M","$","M","R","?","R","B",null],"character_chosen":"IRONCLAD","items_purchased":["Toxic Egg 2","Shrug It Off+1","Medical Kit","Shrug It Off+1","Lee\u0027s Waffle"],"campfire_rested":1,"item_purchase_floors":[8,21,21,36,45],"current_hp_per_floor":[68,72,78,78,73,61,61,61,61,53,36,42,42,42,42,8,62,68,74,68,68,68,71,63,63,63,63,69,67,67,41,67,30,91,93,93,99,86,90,90,90,63,63,62,132,132,132,132,132,98],"gold":23,"neow_bonus":"THREE_SMALL_POTIONS","is_prod":false,"is_daily":false,"chose_seed":false,"campfire_upgraded":7,"win_rate":0,"timestamp":1541960608,"path_taken":["M","?","M","?","M","E","R","$","T","M","E","M","?","?","R","BOSS","M","M","M","$","?","E","M","R","T","R","M","E","?","E","R","BOSS","M","$","M","M","M","R","?","E","T","M","$","M","R","?","R","BOSS"],"build_version":"2018-11-08","purchased_purges":3,"victory":true,"max_hp_per_floor":[80,80,80,80,80,80,80,80,80,80,80,80,80,80,80,80,80,80,80,80,80,80,87,87,87,87,87,87,87,87,87,87,87,105,107,107,107,107,107,107,107,117,117,125,132,132,132,132,132,132],"card_choices":[{"not_picked":["Iron Wave","Whirlwind"],"picked":"Rampage","floor":1.0},{"not_picked":["Second Wind","Perfected Strike"],"picked":"Intimidate","floor":2.0},{"not_picked":["Anger","Body Slam","Sword Boomerang"],"picked":"SKIP","floor":3.0},{"not_picked":["Cleave","Reckless Charge","Heavy Blade"],"picked":"SKIP","floor":5.0},{"not_picked":["Dropkick","Searing Blow"],"picked":"Battle Trance","floor":6.0},{"not_picked":["Twin Strike","Metallicize"],"picked":"Shockwave+1","floor":10.0},{"not_picked":["Perfected Strike","Sword Boomerang"],"picked":"Rage+1","floor":11.0},{"not_picked":["Hemokinesis","Sword Boomerang"],"picked":"Burning Pact+1","floor":12.0},{"not_picked":["Limit Break+1","Juggernaut"],"picked":"Fiend Fire+1","floor":16.0},{"not_picked":["Heavy Blade+1","Uppercut+1"],"picked":"Headbutt+1","floor":18.0},{"not_picked":["Thunderclap+1","Sever Soul+1"],"picked":"Wild Strike+1","floor":19.0},{"not_picked":["Flex+1","Evolve"],"picked":"Whirlwind+1","floor":20.0},{"not_picked":["Iron Wave+1","Thunderclap+1"],"picked":"Body Slam+1","floor":23.0},{"not_picked":["Reckless Charge+1","Reaper+1"],"picked":"Feel No Pain","floor":24.0},{"not_picked":["Iron Wave+1","Wild Strike+1"],"picked":"Flame Barrier+1","floor":28.0},{"not_picked":["Seeing Red+1","Uppercut+1","Iron Wave+1"],"picked":"SKIP","floor":29.0},{"not_picked":["Sword Boomerang+1","Armaments+1","Thunderclap+1"],"picked":"SKIP","floor":31.0},{"not_picked":["Exhume+1","Immolate+1"],"picked":"Double Tap+1","floor":33.0},{"not_picked":["Clothesline+1","Headbutt+1","Clash+1"],"picked":"Singing Bowl","floor":35.0},{"not_picked":["Rampage+1","Clash+1"],"picked":"Rage+1","floor":37.0},{"not_picked":["Headbutt+1","Anger+1"],"picked":"True Grit+1","floor":38.0},{"not_picked":["Body Slam+1","Armaments+1"],"picked":"Dark Embrace","floor":39.0},{"not_picked":["Uppercut+1","Second Wind+1"],"picked":"Offering+1","floor":42},{"not_picked":["Perfected Strike+1","Wild Strike+1","Anger+1"],"picked":"Singing Bowl","floor":44},{"not_picked":["Uppercut+1","Evolve"],"picked":"Body Slam+1","floor":46}],"player_experience":110465,"relics_obtained":[{"floor":6.0,"key":"Anchor"},{"floor":9.0,"key":"Oddly Smooth Stone"},{"floor":11.0,"key":"Bronze Scales"},{"floor":14.0,"key":"Molten Egg 2"},{"floor":22.0,"key":"Orichalcum"},{"floor":23.0,"key":"Strawberry"},{"floor":26.0,"key":"Darkstone Periapt"},{"floor":29.0,"key":"Mummified Hand"},{"floor":31.0,"key":"Boot"},{"floor":34.0,"key":"Lantern"},{"floor":34.0,"key":"Singing Bowl"},{"floor":34.0,"key":"FossilizedHelix"},{"floor":42,"key":"Pear"},{"floor":43,"key":"Bag of Marbles"}],"event_choices":[{"damage_healed":0.0,"max_hp_gain":0.0,"max_hp_loss":0.0,"gold_gain":175.0,"event_name":"Liars Game","player_choice":"AGREE","floor":4.0,"gold_loss":0.0,"damage_taken":0.0,"cards_obtained":["Doubt"]},{"cards_removed":["Strike_R"],"damage_healed":0.0,"max_hp_gain":0.0,"max_hp_loss":0.0,"gold_gain":0.0,"event_name":"Living Wall","player_choice":"Forget","floor":13.0,"gold_loss":0.0,"damage_taken":0.0},{"damage_healed":0.0,"max_hp_gain":0.0,"max_hp_loss":0.0,"gold_gain":0.0,"event_name":"The Woman in Blue","player_choice":"Bought 0 Potions","floor":30.0,"gold_loss":0.0,"damage_taken":0.0},{"damage_healed":0.0,"max_hp_gain":0.0,"max_hp_loss":0.0,"gold_gain":0.0,"event_name":"Tomb of Lord Red Mask","player_choice":"Ignored","floor":41.0,"gold_loss":0.0,"damage_taken":0.0},{"cards_removed":["Burning Pact"],"damage_healed":0,"gold_gain":0,"player_choice":"Removed Skill","damage_taken":0,"max_hp_gain":0,"max_hp_loss":0,"event_name":"Falling","floor":48,"gold_loss":0}],"is_beta":false,"boss_relics":[{"not_picked":["Lizard Tail","Runic Cube"],"picked":"Sozu"},{"not_picked":["Busted Crown","Orrery"],"picked":"Calling Bell"}],"items_purged_floors":[8,36,45],"is_endless":false,"potions_floor_spawned":[2,6,10,19,20,23,24,33,35,46],"ascension_level":10}