{"gold_per_floor":[119,129,37,115,115,115,131,131,131,131,162,162,162,188,188,259,259,276,289,305,317,24,24],"floor_reached":23,"playtime":612,"items_purged":[],"score":348,"play_id":"81157dc5-d4b4-4a02-a121-0287aede3ed1","local_time":"20181023104224","is_ascension_mode":true,"campfire_choices":[{"data":"Bludgeon","floor":8,"key":"SMITH"},{"data":"Discovery","floor":10,"key":"SMITH"},{"data":"Bash","floor":12,"key":"SMITH"},{"data":"True Grit","floor":15,"key":"SMITH"}],"neow_cost":"PERCENT_DAMAGE","seed_source_timestamp":10464920771830,"circlet_count":0,"master_deck":["Strike_R","Strike_R","Strike_R","Strike_R","Defend_R","Defend_R","Defend_R","Defend_R","Bash+1","AscendersBane","Bludgeon+1","Anger","Shrug It Off","Discovery+1","True Grit+1","Immolate","Corruption+1","Metallicize+1","Shrug It Off"],"special_seed":0,"relics":["Burning Blood","Red Skull","Bag of Marbles","Art of War","Eternal Feather","Meat on the Bone"],"potions_floor_usage":[14,16,23],"damage_taken":[{"damage":12.0,"enemies":"Jaw Worm","floor":1.0,"turns":3.0},{"damage":0.0,"enemies":"2 Louse","floor":2.0,"turns":3.0},{"damage":6,"enemies":"Small Slimes","floor":7,"turns":2},{"damage":18,"enemies":"Lagavulin","floor":11,"turns":6},{"damage":17,"enemies":"Gremlin Nob","floor":14,"turns":5},{"damage":17,"enemies":"Hexaghost","floor":16,"turns":5},{"damage":31,"enemies":"Shell Parasite","floor":18,"turns":6},{"damage":19,"enemies":"2 Thieves","floor":19,"turns":4},{"damage":9,"enemies":"Snecko","floor":20,"turns":3},{"damage":9,"enemies":"3 Cultists","floor":21,"turns":5},{"damage":27,"enemies":"Slavers","floor":23,"turns":3}],"seed_played":"377175353199008012","potions_obtained":[{"floor":2.0,"key":"SkillPotion"},{"floor":7,"key":"LiquidBronze"},{"floor":14,"key":"Energy Potion"},{"floor":20,"key":"EssenceOfSteel"}],"is_trial":false,"path_per_floor":["M","M","$","?","?","?","M","R","T","R","E","R","?","E","R","B",null,"M","M","M","M","$"],"character_chosen":"IRONCLAD","items_purchased":["Discovery","Meat on the Bone","SkillPotion"],"campfire_rested":0,"item_purchase_floors":[3,22,22],"current_hp_per_floor":[44,50,50,50,50,50,50,50,50,50,38,38,38,27,27,16,60,35,22,19,16,16,0],"gold":24,"neow_bonus":"THREE_RARE_CARDS","is_prod":false,"is_daily":false,"chose_seed":false,"campfire_upgraded":4,"win_rate":0,"timestamp":1540316544,"path_taken":["M","M","$","?","?","?","M","R","T","R","E","R","?","E","R","BOSS","M","?","?","M","$","E"],"build_version":"2018-10-18","purchased_purges":0,"victory":false,"max_hp_per_floor":[75,75,75,75,75,75,75,75,75,75,75,75,75,75,75,75,75,75,75,75,75,75,75],"card_choices":[{"not_picked":["Exhume","Dark Embrace"],"picked":"Bludgeon","floor":0.0},{"not_picked":["Battle Trance","Pommel Strike"],"picked":"Anger","floor":1.0},{"not_picked":["Iron Wave","Headbutt"],"picked":"Shrug It Off","floor":2.0},{"not_picked":["Perfected Strike","Twin Strike"],"picked":"True Grit","floor":7},{"not_picked":["Thunderclap","Heavy Blade","Seeing Red"],"picked":"SKIP","floor":11},{"not_picked":["Power Through","Cleave","Body Slam"],"picked":"SKIP","floor":14},{"not_picked":["Brutality","Juggernaut"],"picked":"Immolate","floor":16},{"not_picked":["Clash","Thunderclap"],"picked":"Corruption+1","floor":18},{"not_picked":["Thunderclap","Havoc"],"picked":"Metallicize+1","floor":19},{"not_picked":["Rampage","Intimidate","Twin Strike"],"picked":"SKIP","floor":20},{"not_picked":["Heavy Blade","Clothesline"],"picked":"Shrug It Off","floor":21}],"player_experience":1435673,"relics_obtained":[{"floor":9,"key":"Red Skull"},{"floor":11,"key":"Bag of Marbles"},{"floor":14,"key":"Art of War"}],"event_choices":[{"damage_healed":0.0,"max_hp_gain":0.0,"max_hp_loss":0.0,"gold_gain":78.0,"event_name":"Golden Wing","player_choice":"Gained Gold","floor":4.0,"gold_loss":0.0,"damage_taken":0.0},{"damage_healed":0.0,"max_hp_gain":0.0,"max_hp_loss":0.0,"gold_gain":0.0,"event_name":"Golden Idol","player_choice":"Ignored","floor":5.0,"gold_loss":0.0,"damage_taken":0.0},{"damage_healed":0,"gold_gain":0,"player_choice":"Fled","damage_taken":0,"max_hp_gain":0,"max_hp_loss":0,"event_name":"Scrap Ooze","floor":6,"gold_loss":0},{"cards_removed":["Strike_R"],"damage_healed":0,"gold_gain":0,"player_choice":"Offered Basic","damage_taken":0,"max_hp_gain":0,"max_hp_loss":0,"event_name":"Bonfire Elementals","floor":13,"gold_loss":0}],"is_beta":false,"boss_relics":[{"not_picked":["Orrery","Runic Dome"],"picked":"Eternal Feather"}],"items_purged_floors":[],"is_endless":false,"potions_floor_spawned":[2,7,14,20],"killed_by":"Slavers","ascension_level":15}