{"gold_per_floor":[119,79,94,19,31,31,57,76,130,130],"floor_reached":10,"playtime":309,"items_purged":[],"score":126,"play_id":"fab0fe50-9da8-463c-9bf8-3c7f967b79e3","local_time":"20190205121755","is_ascension_mode":true,"campfire_choices":[{"data":"Corruption","floor":6,"key":"SMITH"}],"neow_cost":"NONE","seed_source_timestamp":248185598030957,"circlet_count":0,"master_deck":["AscendersBane","Strike_R","Strike_R","Strike_R","Strike_R","Defend_R","Defend_R","Defend_R","Defend_R","Bash","Armaments","Corruption+1","Dual Wield","Twin Strike","Spot Weakness"],"relics":["Runic Dome","Centennial Puzzle","Tiny Chest"],"potions_floor_usage":[],"damage_taken":[{"damage":7,"enemies":"Small Slimes","floor":1,"turns":3},{"damage":1,"enemies":"2 Louse","floor":3,"turns":3},{"damage":1,"enemies":"Cultist","floor":5,"turns":3},{"damage":45,"enemies":"3 Sentries","floor":7,"turns":9},{"damage":7,"enemies":"3 Louse","floor":8,"turns":4},{"damage":10,"enemies":"Gremlin Nob","floor":10,"turns":2}],"seed_played":"-7128493187948592045","potions_obtained":[{"floor":8,"key":"Dexterity Potion"}],"is_trial":false,"path_per_floor":["M","$","M","?","M","R","E","M","T","E"],"character_chosen":"IRONCLAD","items_purchased":["Corruption"],"campfire_rested":0,"item_purchase_floors":[2],"current_hp_per_floor":[61,61,60,60,59,59,14,7,7,0],"gold":130,"neow_bonus":"BOSS_RELIC","is_prod":false,"is_daily":false,"chose_seed":false,"campfire_upgraded":1,"win_rate":0,"timestamp":1549365475,"path_taken":["M","$","M","?","M","R","E","M","T","E"],"build_version":"2019-01-23","purchased_purges":0,"victory":false,"max_hp_per_floor":[75,75,75,75,75,75,75,75,75,75],"card_choices":[{"not_picked":["Headbutt","Power Through"],"picked":"Armaments","floor":1},{"not_picked":["Havoc","Body Slam"],"picked":"Dual Wield","floor":3},{"not_picked":["Hemokinesis","Body Slam","Second Wind"],"picked":"SKIP","floor":5},{"not_picked":["Seeing Red","Body Slam"],"picked":"Twin Strike","floor":7},{"not_picked":["Twin Strike","Combust"],"picked":"Spot Weakness","floor":8}],"player_experience":497597,"relics_obtained":[{"floor":7,"key":"Centennial Puzzle"},{"floor":9,"key":"Tiny Chest"}],"event_choices":[{"cards_removed":["Strike_R"],"damage_healed":0,"gold_gain":0,"player_choice":"Card Removal","damage_taken":0,"max_hp_gain":0,"max_hp_loss":0,"event_name":"The Cleric","floor":4,"gold_loss":75}],"is_beta":false,"boss_relics":[],"items_purged_floors":[],"is_endless":false,"potions_floor_spawned":[8],"killed_by":"Gremlin Nob","ascension_level":17}