{"gold_per_floor":[116,132,146,75,149,174,174,208,208,125,141,168,181,200,200,305,305,315,232,243,262,262,262,297,497,497,529,529,529,558,574,574,672,672,683,697,327,343,443,443,443,443,488,488,500,532,551,563,563,563],"floor_reached":51,"playtime":4146,"items_purged":["Writhe"],"score":820,"play_id":"c7046323-a658-49c2-9e21-5c57cd308fb7","local_time":"20190401012250","is_ascension_mode":true,"campfire_choices":[{"data":"Defragment","floor":7.0,"key":"SMITH"},{"data":"Zap","floor":15.0,"key":"SMITH"},{"data":"Redo","floor":23.0,"key":"SMITH"},{"data":"Dualcast","floor":29.0,"key":"SMITH"},{"data":"Recycle","floor":32.0,"key":"SMITH"},{"data":"Fission","floor":40,"key":"SMITH"},{"data":"Gash","floor":44,"key":"SMITH"},{"data":"Amplify","floor":49,"key":"SMITH"}],"neow_cost":"NONE","seed_source_timestamp":130100791575651,"circlet_count":0,"master_deck":["Strike_B","Defend_B","Defend_B","Defend_B","Defend_B","Zap+1","Dualcast+1","Defragment+1","White Noise","Conserve Battery","Doom and Gloom","Glacier","All For One","Redo+1","Blind","Tempest","Chill","Reinforced Body","Creative AI","Blind","Double Energy+1","Amplify+1","Glacier","Creative AI","Recycle+1","Gash+1","Fission+1","Double Energy+1","Bandage Up","Rainbow","FTL+1"],"special_seed":0,"relics":["Cracked Core","Torii","Unceasing Top","Pocketwatch","Anchor","Nuclear Battery","Juzu Bracelet","Happy Flower","Singing Bowl","Omamori","StoneCalendar","Busted Crown","DollysMirror","Art of War"],"potions_floor_usage":[50],"damage_taken":[{"damage":1.0,"enemies":"Cultist","floor":1.0,"turns":3.0},{"damage":8.0,"enemies":"Small Slimes","floor":2.0,"turns":3.0},{"damage":8.0,"enemies":"Jaw Worm","floor":3.0,"turns":3.0},{"damage":23.0,"enemies":"Gremlin Nob","floor":6.0,"turns":5.0},{"damage":11.0,"enemies":"3 Sentries","floor":8.0,"turns":7.0},{"damage":1.0,"enemies":"Large Slime","floor":11.0,"turns":6.0},{"damage":15.0,"enemies":"Gremlin Nob","floor":12.0,"turns":6.0},{"damage":5.0,"enemies":"Gremlin Gang","floor":13.0,"turns":4.0},{"damage":1.0,"enemies":"3 Louse","floor":14.0,"turns":2.0},{"damage":1.0,"enemies":"The Guardian","floor":16.0,"turns":8.0},{"damage":0.0,"enemies":"Chosen","floor":18.0,"turns":6.0},{"damage":0.0,"enemies":"3 Byrds","floor":20.0,"turns":3.0},{"damage":0.0,"enemies":"Sentry and Sphere","floor":21.0,"turns":3.0},{"damage":8.0,"enemies":"Slavers","floor":24.0,"turns":7.0},{"damage":22.0,"enemies":"Gremlin Leader","floor":27.0,"turns":6.0},{"damage":1.0,"enemies":"Book of Stabbing","floor":30.0,"turns":12.0},{"damage":0.0,"enemies":"Snake Plant","floor":31.0,"turns":5.0},{"damage":1.0,"enemies":"Collector","floor":33.0,"turns":10.0},{"damage":0.0,"enemies":"3 Shapes","floor":35.0,"turns":5.0},{"damage":1.0,"enemies":"3 Darklings","floor":36.0,"turns":6.0},{"damage":0,"enemies":"Transient","floor":38,"turns":5},{"damage":1,"enemies":"Spire Growth","floor":45,"turns":7},{"damage":0,"enemies":"Reptomancer","floor":46,"turns":4},{"damage":0,"enemies":"3 Darklings","floor":47,"turns":3},{"damage":14,"enemies":"Writhing Mass","floor":48,"turns":5},{"damage":16,"enemies":"Awakened One","floor":50,"turns":11}],"seed_played":"4814809186185424199","potions_obtained":[{"floor":1.0,"key":"Regen Potion"},{"floor":6.0,"key":"Ancient Potion"},{"floor":8.0,"key":"AttackPotion"},{"floor":13.0,"key":"Swift Potion"},{"floor":14.0,"key":"Energy Potion"},{"floor":24.0,"key":"FairyPotion"},{"floor":31.0,"key":"Energy Potion"},{"floor":36.0,"key":"Poison Potion"},{"floor":38,"key":"SteroidPotion"},{"floor":46,"key":"Fire Potion"}],"is_trial":false,"path_per_floor":["M","M","M","$","?","E","R","E","T","$","M","E","M","M","R","B",null,"M","$","M","M","?","R","E","?","T","E","?","R","E","M","R","B",null,"M","M","$","M","?","R","?","?","T","R","M","E","M","M","R","B",null],"character_chosen":"DEFECT","items_purchased":["Glacier","Blind","Blind","DollysMirror","Bandage Up"],"campfire_rested":0,"item_purchase_floors":[4,10,19,37,37],"current_hp_per_floor":[74,66,58,58,58,49,49,38,38,38,37,22,17,16,16,15,75,75,75,75,75,75,75,67,67,67,45,45,45,44,46,46,45,77,79,80,80,83,83,83,83,83,83,83,82,85,87,75,75,63],"gold":563,"neow_bonus":"THREE_CARDS","is_prod":false,"is_daily":false,"chose_seed":false,"campfire_upgraded":8,"win_rate":0,"timestamp":1554074570,"path_taken":["M","M","?","$","?","E","R","E","T","$","M","E","M","M","R","BOSS","M","$","M","M","?","R","E","?","T","E","?","R","E","M","R","BOSS","M","M","$","M","?","R","?","?","T","R","M","E","M","M","R","BOSS"],"build_version":"2019-01-23","purchased_purges":1,"victory":true,"max_hp_per_floor":[75,75,75,75,75,75,75,75,75,75,75,75,75,75,75,75,75,75,75,75,75,75,75,75,75,75,75,75,75,75,77,77,77,77,79,81,81,83,83,83,83,83,83,83,83,85,87,89,89,89],"card_choices":[{"not_picked":["Sweeping Beam","Go for the Eyes"],"picked":"Defragment","floor":0.0},{"not_picked":["Redo","Undo"],"picked":"White Noise","floor":1.0},{"not_picked":["Sweeping Beam","Streamline"],"picked":"Conserve Battery","floor":2.0},{"not_picked":["Cold Snap","Reinforced Body"],"picked":"Doom and Gloom","floor":3.0},{"not_picked":["Chaos","Ball Lightning"],"picked":"All For One","floor":6.0},{"not_picked":["Undo","Scrape"],"picked":"Redo","floor":8.0},{"not_picked":["Rebound","Cold Snap","Double Energy"],"picked":"SKIP","floor":11.0},{"not_picked":["Coolheaded","Ball Lightning"],"picked":"Tempest","floor":12.0},{"not_picked":["Scrape","Undo"],"picked":"Chill","floor":13.0},{"not_picked":["Hyperbeam","Rebound"],"picked":"Reinforced Body","floor":14.0},{"not_picked":["Rainbow","Thunder Strike"],"picked":"Creative AI","floor":16.0},{"not_picked":["Cold Snap","Double Energy","Sweeping Beam"],"picked":"SKIP","floor":18.0},{"not_picked":["Steam","Heatsinks"],"picked":"Double Energy+1","floor":20.0},{"not_picked":["Stack","Turbo","Melter"],"picked":"SKIP","floor":21.0},{"not_picked":["Loop+1","Buffer"],"picked":"Amplify","floor":24.0},{"not_picked":["White Noise","Beam Cell+1"],"picked":"Glacier","floor":27.0},{"not_picked":["Stack","Aggregate+1"],"picked":"Gash","floor":30.0},{"not_picked":["Stack","Coolheaded","Undo"],"picked":"Singing Bowl","floor":31.0},{"not_picked":["Biased Cognition","Seek"],"picked":"Fission","floor":33.0},{"not_picked":["Barrage"],"picked":"Singing Bowl","floor":35.0},{"not_picked":["Stack"],"picked":"Singing Bowl","floor":36.0},{"not_picked":["Ball Lightning+1"],"picked":"Singing Bowl","floor":38},{"not_picked":[],"picked":"FTL+1","floor":45},{"not_picked":["Coolheaded"],"picked":"Singing Bowl","floor":46},{"not_picked":["Compile Driver+1"],"picked":"Singing Bowl","floor":47},{"not_picked":["Reprogram"],"picked":"Singing Bowl","floor":48}],"player_experience":658103,"relics_obtained":[{"floor":6.0,"key":"Torii"},{"floor":8.0,"key":"Unceasing Top"},{"floor":9.0,"key":"Pocketwatch"},{"floor":12.0,"key":"Anchor"},{"floor":24.0,"key":"Happy Flower"},{"floor":26.0,"key":"Singing Bowl"},{"floor":27.0,"key":"Omamori"},{"floor":30.0,"key":"StoneCalendar"},{"floor":46,"key":"Art of War"}],"event_choices":[{"damage_healed":0.0,"max_hp_gain":0.0,"max_hp_loss":0.0,"gold_gain":74.0,"event_name":"Golden Wing","player_choice":"Gained Gold","floor":5.0,"gold_loss":0.0,"damage_taken":0.0},{"damage_healed":0.0,"max_hp_gain":0.0,"max_hp_loss":0.0,"gold_gain":0.0,"event_name":"The Mausoleum","player_choice":"Opened","floor":22.0,"gold_loss":0.0,"damage_taken":0.0,"relics_obtained":["Juzu Bracelet"],"cards_obtained":["Writhe"]},{"damage_healed":0.0,"max_hp_gain":0.0,"max_hp_loss":0.0,"gold_gain":200.0,"event_name":"Wheel of Change","player_choice":"Gold","floor":25.0,"gold_loss":0.0,"damage_taken":0.0},{"damage_healed":0.0,"max_hp_gain":0.0,"max_hp_loss":0.0,"gold_gain":0.0,"cards_transformed":["Strike_B","Strike_B"],"event_name":"Drug Dealer","player_choice":"Became Test Subject","floor":28.0,"gold_loss":0.0,"damage_taken":0.0,"cards_obtained":["Creative AI","Recycle"]},{"damage_healed":0,"gold_gain":100,"player_choice":"Pray","damage_taken":0,"max_hp_gain":0,"max_hp_loss":0,"event_name":"Golden Shrine","floor":39,"gold_loss":0},{"damage_healed":0,"gold_gain":0,"player_choice":"Ignored","damage_taken":0,"max_hp_gain":0,"max_hp_loss":0,"event_name":"Tomb of Lord Red Mask","floor":41,"gold_loss":0},{"damage_healed":0,"gold_gain":0,"cards_transformed":["Strike_B"],"player_choice":"Transformed","damage_taken":0,"max_hp_gain":0,"max_hp_loss":0,"event_name":"Transmorgrifier","floor":42,"gold_loss":0,"cards_obtained":["Rainbow"]}],"is_beta":false,"boss_relics":[{"not_picked":["Snecko Eye","Ectoplasm"],"picked":"Nuclear Battery"},{"not_picked":["Runic Dome","Black Star"],"picked":"Busted Crown"}],"items_purged_floors":[37],"is_endless":false,"potions_floor_spawned":[1,6,8,13,14,16,18,24,31,36,38,46],"ascension_level":1}