{"gold_per_floor":[119,119,132,132,147,176,76,76,76,26,26,26,41,69,69,147,147,160,160,160,160,160,160,176,176,176,176,194,194,194,222,222,293,293,313,313,1312,974,974,1006,1006,1006,1059,1059,1059,149,149,169,169,169,169,169,169,9,39,39],"floor_reached":57,"playtime":2088,"items_purged":["Strike_B","Strike_B","Normality","Normality","Ball Lightning"],"score":2821,"play_id":"5e4d5761-e76e-4507-bbe6-fb99240d8a03","local_time":"20190509161403","is_ascension_mode":true,"campfire_choices":[{"data":"Sunder","floor":8.0,"key":"SMITH"},{"data":"Zap","floor":12.0,"key":"SMITH"},{"data":"Darkness","floor":15.0,"key":"SMITH"},{"floor":23.0,"key":"REST"},{"data":"Consume","floor":25.0,"key":"SMITH"},{"data":"Fission","floor":27.0,"key":"SMITH"},{"data":"Dualcast","floor":29.0,"key":"SMITH"},{"data":"Blizzard","floor":32.0,"key":"SMITH"},{"floor":41,"key":"REST"},{"data":"Hologram","floor":44,"key":"SMITH"},{"data":"Apotheosis","floor":47,"key":"SMITH"},{"floor":49,"key":"RECALL"},{"data":"Heatsinks","floor":53,"key":"SMITH"}],"neow_cost":"NONE","seed_source_timestamp":1269581414572760,"circlet_count":0,"master_deck":["AscendersBane","Zap+1","Dualcast+1","Sunder+1","Echo Form","Compile Driver","Undo","Cold Snap","Beam Cell","Darkness+1","Core Surge","Double Energy","Fission+1","Static Discharge","Blizzard+1","Turbo+1","Consume+1","White Noise","Cold Snap","Multi-Cast","Conserve Battery+1","Heatsinks+1","Master of Strategy","Hologram+1","Apotheosis+1","Fusion","Self Repair","Coolheaded","Coolheaded+1"],"special_seed":0,"relics":["Inserter","PreservedInsect","Smiling Mask","Anchor","Centennial Puzzle","Pandora\u0027s Box","Sundial","Matryoshka","Pantograph","Runic Dome","Bronze Scales","Cables","Potion Belt","Orichalcum","Dream Catcher","OrangePellets","Mummified Hand","Bottled Lightning"],"potions_floor_usage":[40,55,56,56,56,56,56,56],"damage_taken":[{"damage":2.0,"enemies":"Cultist","floor":1.0,"turns":4.0},{"damage":0.0,"enemies":"Small Slimes","floor":3.0,"turns":3.0},{"damage":2.0,"enemies":"Jaw Worm","floor":5.0,"turns":4.0},{"damage":35.0,"enemies":"3 Sentries","floor":6.0,"turns":8.0},{"damage":0.0,"enemies":"Blue Slaver","floor":13.0,"turns":3.0},{"damage":0.0,"enemies":"Gremlin Nob","floor":14.0,"turns":3.0},{"damage":0.0,"enemies":"The Guardian","floor":16.0,"turns":10.0},{"damage":12.0,"enemies":"Shell Parasite","floor":18.0,"turns":5.0},{"damage":0.0,"enemies":"Chosen","floor":24.0,"turns":3.0},{"damage":5.0,"enemies":"Snake Plant","floor":28.0,"turns":3.0},{"damage":20.0,"enemies":"Book of Stabbing","floor":31.0,"turns":3.0},{"damage":18.0,"enemies":"Champ","floor":33.0,"turns":8.0},{"damage":21.0,"enemies":"3 Shapes","floor":35.0,"turns":4.0},{"damage":26,"enemies":"Nemesis","floor":40,"turns":8},{"damage":1,"enemies":"Orb Walker","floor":48,"turns":2},{"damage":25,"enemies":"Donu and Deca","floor":50,"turns":6},{"damage":29,"enemies":"Time Eater","floor":51,"turns":10},{"damage":41,"enemies":"Shield and Spear","floor":55,"turns":6},{"damage":26,"enemies":"The Heart","floor":56,"turns":10}],"seed_played":"7136421284165957924","potions_obtained":[{"floor":3.0,"key":"FearPotion"},{"floor":6.0,"key":"Poison Potion"},{"floor":14.0,"key":"LiquidBronze"},{"floor":18.0,"key":"EntropicBrew"},{"floor":33.0,"key":"Swift Potion"}],"is_trial":false,"path_per_floor":["M","?","M","T","M","E","$","R","T","$","?","R","M","E","R","B",null,"M","?","?","T","$","R","M","R","T","R","M","R","?","E","R","B",null,"M","T","?","$","?","E","R","?","T","R","?","$","R","M","R","B","B",null,"R","$","E","B",null],"character_chosen":"DEFECT","items_purchased":["Cold Snap","Potion Belt","Heatsinks","Ancient Potion","OrangePellets","Mummified Hand","Apotheosis","Fusion","Self Repair","Ancient Potion","Coolheaded","Block Potion"],"campfire_rested":2,"item_purchase_floors":[7,38,38,38,46,46,46,46,46,46,54,54],"current_hp_per_floor":[62,62,62,62,60,25,25,25,25,25,18,18,18,18,18,18,58,46,26,26,26,26,48,48,48,48,48,43,43,43,23,23,30,65,44,44,44,44,44,18,40,40,40,40,40,40,40,39,39,49,50,67,67,67,36,45],"gold":39,"neow_bonus":"BOSS_RELIC","is_prod":false,"is_daily":false,"chose_seed":false,"campfire_upgraded":10,"win_rate":0,"timestamp":1557389643,"path_taken":["M","?","?","?","M","E","$","R","T","$","?","R","M","E","R","BOSS","M","?","?","?","$","R","M","R","T","R","M","R","?","E","R","BOSS","BOSS","M","?","?","$","?","E","R","?","T","R","?","$","R","M","R","BOSS","BOSS","R","$","E","BOSS"],"build_version":"2019-01-23","purchased_purges":5,"victory":true,"max_hp_per_floor":[71,71,71,71,71,71,71,71,71,71,71,71,71,71,71,71,71,71,76,76,76,76,76,76,76,76,76,76,76,76,76,76,76,76,76,76,76,76,76,76,76,76,76,76,72,72,72,72,72,72,72,72,72,72,72,72],"card_choices":[{"not_picked":["Ball Lightning","Leap"],"picked":"Sunder","floor":1.0},{"not_picked":["Reprogram","Steam"],"picked":"Ball Lightning","floor":3.0},{"not_picked":["Sweeping Beam","Redo"],"picked":"Compile Driver","floor":5.0},{"not_picked":["Steam Power","Auto Shields"],"picked":"Undo","floor":6.0},{"not_picked":["Doom and Gloom","Leap"],"picked":"Beam Cell","floor":13.0},{"not_picked":["Buffer","Undo"],"picked":"Darkness","floor":14.0},{"not_picked":["Machine Learning","Hyperbeam"],"picked":"Core Surge","floor":16.0},{"not_picked":["Redo","Streamline"],"picked":"Turbo","floor":18.0},{"not_picked":["BootSequence+1","Sweeping Beam+1"],"picked":"Consume","floor":24.0},{"not_picked":["Redo","Melter"],"picked":"White Noise","floor":28.0},{"not_picked":["Rainbow","Doom and Gloom"],"picked":"Cold Snap","floor":31.0},{"not_picked":["Hyperbeam","Electrodynamics"],"picked":"Multi-Cast","floor":33.0},{"not_picked":["BootSequence","Reinforced Body"],"picked":"Conserve Battery+1","floor":35.0},{"not_picked":["Secret Weapon","Good Instincts"],"picked":"Master of Strategy","floor":39.0},{"not_picked":["Storm","Sunder+1"],"picked":"Hologram","floor":40},{"not_picked":["Ball Lightning","Self Repair+1","Aggregate+1"],"picked":"SKIP","floor":48},{"not_picked":["Leap","Doom and Gloom"],"picked":"Coolheaded+1","floor":55}],"player_experience":1598604,"relics_obtained":[{"floor":4.0,"key":"PreservedInsect"},{"floor":6.0,"key":"Smiling Mask"},{"floor":9.0,"key":"Anchor"},{"floor":14.0,"key":"Centennial Puzzle"},{"floor":21.0,"key":"Sundial"},{"floor":26.0,"key":"Matryoshka"},{"floor":31.0,"key":"Pantograph"},{"floor":36.0,"key":"Bronze Scales"},{"floor":36.0,"key":"Cables"},{"floor":40,"key":"Orichalcum"},{"floor":43,"key":"Dream Catcher"},{"floor":55,"key":"Bottled Lightning"}],"event_choices":[{"damage_healed":0.0,"max_hp_gain":0.0,"max_hp_loss":0.0,"gold_gain":0.0,"cards_transformed":["Strike_B"],"event_name":"Transmorgrifier","player_choice":"Transformed","floor":2.0,"gold_loss":0.0,"damage_taken":0.0,"cards_obtained":["Echo Form"]},{"cards_removed":["Strike_B"],"damage_healed":0.0,"max_hp_gain":0.0,"max_hp_loss":0.0,"gold_gain":0.0,"event_name":"Golden Wing","player_choice":"Card Removal","floor":11.0,"gold_loss":0.0,"damage_taken":7.0},{"damage_healed":0.0,"max_hp_gain":5.0,"max_hp_loss":0.0,"gold_gain":0.0,"event_name":"Forgotten Altar","player_choice":"Shed Blood","floor":19.0,"gold_loss":0.0,"damage_taken":25.0},{"damage_healed":0.0,"max_hp_gain":0.0,"max_hp_loss":0.0,"gold_gain":0.0,"event_name":"The Mausoleum","player_choice":"Ignored","floor":20.0,"gold_loss":0.0,"damage_taken":0.0},{"damage_healed":0.0,"max_hp_gain":0.0,"max_hp_loss":0.0,"gold_gain":0.0,"event_name":"Accursed Blacksmith","player_choice":"Forge","floor":30.0,"gold_loss":0.0,"damage_taken":0.0,"cards_upgraded":["Turbo"]},{"damage_healed":0.0,"max_hp_gain":0.0,"max_hp_loss":0.0,"gold_gain":999.0,"event_name":"MindBloom","player_choice":"Gold","floor":37.0,"gold_loss":0.0,"damage_taken":0.0,"cards_obtained":["Normality","Normality"]},{"damage_healed":0.0,"max_hp_gain":0.0,"max_hp_loss":0.0,"gold_gain":0.0,"event_name":"SensoryStone","player_choice":"Memory 1","floor":39.0,"gold_loss":0.0,"damage_taken":0.0},{"damage_healed":0,"gold_gain":0,"player_choice":"Ignored","damage_taken":0,"max_hp_gain":0,"max_hp_loss":0,"event_name":"Tomb of Lord Red Mask","floor":42,"gold_loss":0},{"damage_healed":0,"gold_gain":0,"player_choice":"Max HP","damage_taken":0,"max_hp_gain":0,"max_hp_loss":4,"event_name":"Winding Halls","floor":45,"gold_loss":0}],"is_beta":false,"boss_relics":[{"not_picked":["Sozu","Fusion Hammer"],"picked":"Pandora\u0027s Box"},{"not_picked":["Velvet Choker","White Beast Statue"],"picked":"Runic Dome"}],"items_purged_floors":[7,10,38,46,54],"is_endless":false,"potions_floor_spawned":[3,6,13,14,18,33,35],"ascension_level":20}