{"gold_per_floor":[110,110,110,6,6,6,25,35,87,99,129,140,90,124,124,222,222,237,256,256,256,267,267,285,315,315,315,344,344,344,58,58,157,157,175,188,202,202,213,213,233,260,260,360,380,24,41,52,52,52,52,52,6,37,37],"floor_reached":55,"playtime":1600,"items_purged":[],"score":1192,"play_id":"99a30fca-d824-461c-961d-06efe8b0acf9","local_time":"25620307213658","is_ascension_mode":true,"campfire_choices":[{"data":"Zap","floor":6.0,"key":"SMITH"},{"data":"Electrodynamics","floor":15.0,"key":"SMITH"},{"data":"Rainbow","floor":23.0,"key":"SMITH"},{"data":"Defragment","floor":27.0,"key":"SMITH"},{"data":"Bite","floor":30.0,"key":"SMITH"},{"data":"Bite","floor":32.0,"key":"SMITH"},{"data":"Loop","floor":40.0,"key":"SMITH"},{"floor":49.0,"key":"RECALL"},{"data":"Glacier","floor":52,"key":"SMITH"}],"neow_cost":"NONE","seed_source_timestamp":18748532719104,"circlet_count":0,"master_deck":["AscendersBane","Defend_B","Defend_B","Defend_B","Zap+1","Dualcast","Conserve Battery","Glacier+1","Ball Lightning","Sweeping Beam","Gash+1","Genetic Algorithm","BootSequence","Electrodynamics+1","Rainbow+1","Hologram+1","Go for the Eyes","Bite+1","Bite","Bite","Bite+1","Bite","Defragment+1","Tempest","Auto Shields+1","Amplify+1","Loop+1","Rainbow+1","Steam Power+1","Coolheaded+1","Storm+1","Bandage Up+1","Chaos+1","Creative AI","Self Repair","Skim+1","Tempest+1","Force Field+1","Steam+1","Core Surge"],"special_seed":0,"relics":["Coffee Dripper","Symbiotic Virus","Whetstone","Ornamental Fan","Runic Dome","Boot","Toxic Egg 2","Mummified Hand","Bottled Tornado","Bottled Lightning","Inserter","Pear","Mango","Medical Kit","Blue Candle"],"potions_floor_usage":[55],"damage_taken":[{"damage":0.0,"enemies":"2 Louse","floor":1.0,"turns":2.0},{"damage":0.0,"enemies":"Jaw Worm","floor":7.0,"turns":3.0},{"damage":0.0,"enemies":"Small Slimes","floor":8.0,"turns":2.0},{"damage":1.0,"enemies":"Blue Slaver","floor":10.0,"turns":2.0},{"damage":0.0,"enemies":"3 Louse","floor":12.0,"turns":3.0},{"damage":10.0,"enemies":"Lagavulin","floor":14.0,"turns":8.0},{"damage":23.0,"enemies":"Hexaghost","floor":16.0,"turns":9.0},{"damage":11.0,"enemies":"Chosen","floor":18.0,"turns":5.0},{"damage":0.0,"enemies":"3 Byrds","floor":19.0,"turns":2.0},{"damage":0.0,"enemies":"Sentry and Sphere","floor":22.0,"turns":3.0},{"damage":14.0,"enemies":"Shelled Parasite and Fungi","floor":24.0,"turns":7.0},{"damage":0.0,"enemies":"Gremlin Leader","floor":25.0,"turns":6.0},{"damage":26.0,"enemies":"Book of Stabbing","floor":28.0,"turns":5.0},{"damage":39.0,"enemies":"Automaton","floor":33.0,"turns":7.0},{"damage":0.0,"enemies":"3 Darklings","floor":35.0,"turns":2.0},{"damage":0.0,"enemies":"3 Shapes","floor":36.0,"turns":2.0},{"damage":17.0,"enemies":"Jaw Worm Horde","floor":37.0,"turns":2.0},{"damage":0.0,"enemies":"Maw","floor":39.0,"turns":6.0},{"damage":16.0,"enemies":"Writhing Mass","floor":41.0,"turns":4.0},{"damage":14.0,"enemies":"Nemesis","floor":42.0,"turns":6.0},{"damage":24.0,"enemies":"Mind Bloom Boss Battle","floor":44.0,"turns":5.0},{"damage":0.0,"enemies":"Spire Growth","floor":45.0,"turns":2.0},{"damage":0.0,"enemies":"4 Shapes","floor":47.0,"turns":1.0},{"damage":0.0,"enemies":"3 Darklings","floor":48.0,"turns":1.0},{"damage":34,"enemies":"Donu and Deca","floor":50,"turns":5},{"damage":42,"enemies":"Shield and Spear","floor":54,"turns":5},{"damage":60,"enemies":"The Heart","floor":55,"turns":3}],"seed_played":"5699842160130994342","potions_obtained":[{"floor":8.0,"key":"LiquidBronze"},{"floor":10.0,"key":"Swift Potion"},{"floor":16.0,"key":"Dexterity Potion"},{"floor":24.0,"key":"SmokeBomb"},{"floor":39.0,"key":"FearPotion"},{"floor":42.0,"key":"EssenceOfSteel"},{"floor":44.0,"key":"AttackPotion"},{"floor":48.0,"key":"SpeedPotion"},{"floor":54,"key":"SkillPotion"}],"is_trial":false,"path_per_floor":["M","?","T","$","$","R","M","M","T","M","?","M","?","E","R","B",null,"M","M","?","?","M","R","M","E","T","R","E","T","R","$","R","B",null,"M","M","M","?","M","R","M","E","T","?","M","$","M","M","R","B",null,"R","$","E","B"],"character_chosen":"DEFECT","items_purchased":["Glacier","Ball Lightning","Loop","Bottled Lightning","Medical Kit","Self Repair","Skim+1","Steam+1"],"campfire_rested":0,"item_purchase_floors":[4,4,31,31,46,46,46,53],"current_hp_per_floor":[68,61,61,61,61,61,61,61,61,60,60,60,60,50,50,27,63,52,52,52,52,52,52,50,52,52,52,30,30,30,30,30,6,41,43,51,37,37,52,52,45,54,54,64,66,66,66,66,66,51,70,70,70,33,0],"gold":37,"neow_bonus":"BOSS_RELIC","is_prod":false,"is_daily":false,"chose_seed":false,"campfire_upgraded":8,"win_rate":0,"timestamp":1551969418,"path_taken":["M","?","?","?","$","R","M","M","T","M","?","?","?","E","R","BOSS","M","M","?","?","M","R","M","E","T","R","E","?","R","$","R","BOSS","M","M","M","?","M","R","M","E","T","?","M","$","M","M","R","BOSS","R","$","E","BOSS"],"build_version":"2019-01-23","purchased_purges":0,"victory":false,"max_hp_per_floor":[75,75,75,75,75,75,75,75,75,75,75,75,75,75,75,75,75,75,75,52,52,52,52,52,52,52,52,52,52,52,52,52,52,52,52,52,52,52,52,52,52,62,62,76,76,76,76,76,76,76,76,76,76,76,76],"card_choices":[{"not_picked":["Gash","Coolheaded"],"picked":"Conserve Battery","floor":1.0},{"not_picked":["Compile Driver","Turbo"],"picked":"Sweeping Beam","floor":7.0},{"not_picked":["Hello World","Melter"],"picked":"Gash","floor":8.0},{"not_picked":["Beam Cell","Aggregate"],"picked":"Genetic Algorithm","floor":10.0},{"not_picked":["Barrage","Fusion"],"picked":"BootSequence","floor":12.0},{"not_picked":["Amplify","Skim"],"picked":"Electrodynamics","floor":14.0},{"not_picked":["Machine Learning","Seek"],"picked":"Rainbow","floor":16.0},{"not_picked":["Chaos","Coolheaded"],"picked":"Hologram+1","floor":18.0},{"not_picked":["Blizzard","Beam Cell"],"picked":"Go for the Eyes","floor":19.0},{"not_picked":["Cold Snap","Barrage"],"picked":"Tempest","floor":22.0},{"not_picked":["Sweeping Beam+1","Hologram","Stack"],"picked":"SKIP","floor":24.0},{"not_picked":["Gash","Genetic Algorithm"],"picked":"Auto Shields+1","floor":25.0},{"not_picked":["Scrape+1","Streamline"],"picked":"Amplify+1","floor":28.0},{"not_picked":["Core Surge","All For One"],"picked":"Rainbow+1","floor":33.0},{"not_picked":["Steam+1","Darkness+1"],"picked":"Steam Power+1","floor":35.0},{"not_picked":["Turbo+1","Double Energy+1"],"picked":"Coolheaded+1","floor":36.0},{"not_picked":["Redo+1","Scrape+1"],"picked":"Storm+1","floor":37.0},{"not_picked":["Forethought+1","Blind+1"],"picked":"Bandage Up+1","floor":38.0},{"not_picked":["Sweeping Beam","Compile Driver","Barrage"],"picked":"SKIP","floor":39.0},{"not_picked":["Compile Driver+1","Skim+1"],"picked":"Chaos+1","floor":41.0},{"not_picked":["Darkness+1","Compile Driver","Auto Shields+1"],"picked":"SKIP","floor":42.0},{"not_picked":["Hello World+1","Sweeping Beam+1"],"picked":"Creative AI","floor":44.0},{"not_picked":["Lockon","Darkness+1","Go for the Eyes"],"picked":"SKIP","floor":45.0},{"not_picked":["Cold Snap","Sweeping Beam"],"picked":"Tempest+1","floor":47.0},{"not_picked":["Barrage","Reprogram+1"],"picked":"Force Field+1","floor":48.0},{"not_picked":["Meteor Strike","Streamline+1"],"picked":"Core Surge","floor":54}],"player_experience":293301,"relics_obtained":[{"floor":3.0,"key":"Symbiotic Virus"},{"floor":9.0,"key":"Whetstone"},{"floor":14.0,"key":"Ornamental Fan"},{"floor":25.0,"key":"Boot"},{"floor":26.0,"key":"Toxic Egg 2"},{"floor":28.0,"key":"Mummified Hand"},{"floor":29.0,"key":"Bottled Tornado"},{"floor":42.0,"key":"Pear"},{"floor":44.0,"key":"Mango"},{"floor":54,"key":"Blue Candle"}],"event_choices":[{"cards_removed":["Defend_B"],"damage_healed":0.0,"max_hp_gain":0.0,"max_hp_loss":0.0,"gold_gain":0.0,"event_name":"Golden Wing","player_choice":"Card Removal","floor":2.0,"gold_loss":0.0,"damage_taken":7.0},{"damage_healed":0.0,"max_hp_gain":0.0,"max_hp_loss":0.0,"gold_gain":30.0,"event_name":"Dead Adventurer","player_choice":"Searched \u00272\u0027 times","floor":11.0,"gold_loss":0.0,"damage_taken":0.0},{"cards_removed":["Strike_B"],"damage_healed":0.0,"max_hp_gain":0.0,"max_hp_loss":0.0,"gold_gain":0.0,"event_name":"The Cleric","player_choice":"Card Removal","floor":13.0,"gold_loss":50.0,"damage_taken":0.0},{"damage_healed":0.0,"max_hp_gain":0.0,"max_hp_loss":23.0,"gold_gain":0.0,"event_name":"Vampires","player_choice":"Became a vampire","floor":20.0,"gold_loss":0.0,"damage_taken":0.0,"cards_obtained":["Bite","Bite","Bite","Bite","Bite"]},{"damage_healed":0.0,"max_hp_gain":0.0,"max_hp_loss":0.0,"gold_gain":0.0,"event_name":"The Library","player_choice":"Read","floor":21.0,"gold_loss":0.0,"damage_taken":0.0,"cards_obtained":["Defragment"]},{"damage_healed":0.0,"max_hp_gain":0.0,"max_hp_loss":0.0,"gold_gain":0.0,"event_name":"SensoryStone","player_choice":"Memory 1","floor":38.0,"gold_loss":0.0,"damage_taken":0.0},{"damage_healed":0.0,"max_hp_gain":0.0,"max_hp_loss":0.0,"gold_gain":0.0,"event_name":"MindBloom","player_choice":"Fight","floor":44.0,"gold_loss":0.0,"damage_taken":0.0}],"is_beta":false,"boss_relics":[{"not_picked":["Busted Crown","Snecko Eye"],"picked":"Runic Dome"},{"not_picked":["Pandora\u0027s Box","Eternal Feather"],"picked":"Inserter"}],"items_purged_floors":[],"is_endless":false,"potions_floor_spawned":[8,10,16,24,33,35,39,42,44,48,54],"killed_by":"The Heart","ascension_level":12}