{"gold_per_floor":[112,112,112,112,125,125,50,50,74,74,90,40,65,136,136,260,260,281,206,220,240,41,41,41,54,129,172,188,202,202,223,223,349,349,374,393,418,116,63,101,114,114,114,114,139,152,152,167,167,167,167,167,13,52,52],"floor_reached":55,"playtime":3554,"items_purged":["Strike_B","Shame"],"score":744,"play_id":"a4f43c82-9048-4226-a9d2-f6c155df6938","local_time":"20190304003510","is_ascension_mode":false,"campfire_choices":[{"data":"Zap","floor":6.0,"key":"SMITH"},{"data":"Dualcast","floor":8.0,"key":"SMITH"},{"data":"Scrape","floor":10.0,"key":"SMITH"},{"data":"Buffer","floor":15.0,"key":"SMITH"},{"data":"Reboot","floor":23.0,"key":"SMITH"},{"data":"Hologram","floor":30.0,"key":"SMITH"},{"floor":32.0,"key":"REST"},{"floor":42.0,"key":"RECALL"},{"data":"Beam Cell","floor":44.0,"key":"SMITH"},{"data":"Gash","floor":49.0,"key":"SMITH"},{"data":"Steam","floor":52.0,"key":"SMITH"}],"neow_cost":"NONE","seed_source_timestamp":8770283791536,"circlet_count":0,"master_deck":["Defend_B","Defend_B","Defend_B","Zap+1","Dualcast+1","Biased Cognition","Auto Shields","Scrape+1","Beam Cell+1","Buffer+1","Reboot+1","Defragment+1","Streamline+1","Gash+1","Steam+1","Hologram+1","Self Repair+1","Rebound","Echo Form+1","Conserve Battery+1","BootSequence","Buffer+1","Go for the Eyes","Rebound+1","Chill+1","FTL+1","Go for the Eyes","Gash"],"special_seed":0,"relics":["Cracked Core","Golden Idol","Pear","Lantern","Tiny Chest","Cursed Key","Omamori","Frozen Egg 2","Symbiotic Virus","Oddly Smooth Stone","Empty Cage","DollysMirror","Ornamental Fan","Ancient Tea Set","Blood Vial"],"potions_floor_usage":[],"damage_taken":[{"damage":1.0,"enemies":"Cultist","floor":1.0,"turns":3.0},{"damage":0.0,"enemies":"2 Louse","floor":5.0,"turns":1.0},{"damage":0.0,"enemies":"Jaw Worm","floor":11.0,"turns":2.0},{"damage":0.0,"enemies":"2 Fungi Beasts","floor":13.0,"turns":2.0},{"damage":8.0,"enemies":"Gremlin Nob","floor":14.0,"turns":3.0},{"damage":26.0,"enemies":"Hexaghost","floor":16.0,"turns":11.0},{"damage":0.0,"enemies":"Shell Parasite","floor":18.0,"turns":2.0},{"damage":13.0,"enemies":"3 Byrds","floor":20.0,"turns":3.0},{"damage":17.0,"enemies":"Snake Plant","floor":21.0,"turns":3.0},{"damage":0.0,"enemies":"Snecko","floor":25.0,"turns":4.0},{"damage":27.0,"enemies":"Gremlin Leader","floor":27.0,"turns":4.0},{"damage":0.0,"enemies":"Shelled Parasite and Fungi","floor":28.0,"turns":5.0},{"damage":8.0,"enemies":"Centurion and Healer","floor":29.0,"turns":3.0},{"damage":0.0,"enemies":"3 Cultists","floor":31.0,"turns":5.0},{"damage":0.0,"enemies":"Champ","floor":33.0,"turns":10.0},{"damage":9.0,"enemies":"3 Shapes","floor":35.0,"turns":3.0},{"damage":33.0,"enemies":"3 Darklings","floor":36.0,"turns":5.0},{"damage":0.0,"enemies":"Giant Head","floor":40.0,"turns":11.0},{"damage":5.0,"enemies":"Writhing Mass","floor":41.0,"turns":4.0},{"damage":0.0,"enemies":"Spire Growth","floor":45.0,"turns":4.0},{"damage":0.0,"enemies":"Transient","floor":46.0,"turns":5.0},{"damage":0.0,"enemies":"Jaw Worm Horde","floor":48.0,"turns":5.0},{"damage":79.0,"enemies":"Awakened One","floor":50.0,"turns":19.0},{"damage":46.0,"enemies":"Shield and Spear","floor":54.0,"turns":10.0},{"damage":62,"enemies":"The Heart","floor":55,"turns":3}],"seed_played":"424021571984566341","potions_obtained":[{"floor":4.0,"key":"EssenceOfSteel"},{"floor":4.0,"key":"EssenceOfSteel"},{"floor":4.0,"key":"FearPotion"},{"floor":5.0,"key":"Dexterity Potion"},{"floor":14.0,"key":"SteroidPotion"},{"floor":16.0,"key":"Fire Potion"},{"floor":21.0,"key":"Swift Potion"},{"floor":25.0,"key":"SpeedPotion"},{"floor":27.0,"key":"Regen Potion"},{"floor":31.0,"key":"Block Potion"},{"floor":36.0,"key":"Block Potion"},{"floor":46.0,"key":"Weak Potion"}],"is_trial":false,"path_per_floor":["M","?","?","?","M","R","$","R","T","R","M","?","M","E","R","B",null,"M","?","M","M","$","R","T","M","T","E","M","M","R","M","R","B",null,"M","M","T","$","$","E","M","R","T","R","M","M","?","M","R","B",null,"R","$","E","B"],"character_chosen":"DEFECT","items_purchased":["Gash","Omamori","DollysMirror","Go for the Eyes","Gash","FearPotion","Energy Potion"],"campfire_rested":1,"item_purchase_floors":[22,22,38,39,53,53,53],"current_hp_per_floor":[74,56,48,48,48,48,48,48,48,48,48,48,48,40,40,14,85,85,85,72,55,55,55,55,55,55,28,40,32,32,42,67,77,85,85,72,72,72,72,82,77,77,77,77,85,85,85,85,85,6,85,85,85,59,0],"gold":52,"neow_bonus":"ONE_RANDOM_RARE_CARD","is_prod":false,"is_daily":false,"chose_seed":false,"campfire_upgraded":9,"win_rate":0,"timestamp":1551656110,"path_taken":["M","?","?","?","M","R","$","R","T","R","?","?","M","E","R","BOSS","M","?","M","M","$","R","?","M","T","E","M","M","R","M","R","BOSS","M","M","?","$","?","E","M","R","T","R","M","M","?","?","R","BOSS","R","$","E","BOSS"],"build_version":"2019-01-23","purchased_purges":2,"victory":false,"max_hp_per_floor":[75,75,85,85,85,85,85,85,85,85,85,85,85,85,85,85,85,85,85,85,85,85,85,85,85,85,85,85,85,85,85,85,85,85,85,85,85,85,85,85,85,85,85,85,85,85,85,85,85,85,85,85,85,85,85],"card_choices":[{"not_picked":["Stack","Chaos"],"picked":"Auto Shields","floor":1.0},{"not_picked":["Rebound","Aggregate"],"picked":"Scrape","floor":5.0},{"not_picked":["Turbo","FTL"],"picked":"Beam Cell","floor":11.0},{"not_picked":["Turbo","Doom and Gloom","Force Field"],"picked":"SKIP","floor":13.0},{"not_picked":["Doom and Gloom","Cold Snap"],"picked":"Buffer","floor":14.0},{"not_picked":["Fission","Biased Cognition"],"picked":"Reboot","floor":16.0},{"not_picked":["Consume+1","Compile Driver","Aggregate"],"picked":"SKIP","floor":18.0},{"not_picked":["Sweeping Beam","Tempest"],"picked":"Defragment+1","floor":20.0},{"not_picked":["Aggregate","Turbo"],"picked":"Streamline+1","floor":21.0},{"not_picked":["Sunder","Aggregate","Sweeping Beam+1"],"picked":"SKIP","floor":25.0},{"not_picked":["Leap+1","Meteor Strike"],"picked":"Steam","floor":27.0},{"not_picked":["Rip and Tear","Streamline"],"picked":"Hologram","floor":28.0},{"not_picked":["Barrage","Hologram"],"picked":"Self Repair+1","floor":29.0},{"not_picked":["Sunder+1","Cold Snap"],"picked":"Rebound","floor":31.0},{"not_picked":["Reboot","Rainbow"],"picked":"Echo Form+1","floor":33.0},{"not_picked":["Hologram","Leap+1"],"picked":"Conserve Battery+1","floor":35.0},{"not_picked":["Compile Driver","Beam Cell+1"],"picked":"BootSequence","floor":36.0},{"not_picked":["Cold Snap","Stack"],"picked":"Rebound+1","floor":40.0},{"not_picked":["Genetic Algorithm+1","Aggregate+1","Storm+1"],"picked":"SKIP","floor":41.0},{"not_picked":["Stack","Barrage+1"],"picked":"Chill+1","floor":45.0},{"not_picked":["Tempest+1","Sweeping Beam+1"],"picked":"FTL+1","floor":46.0},{"not_picked":["Hello World+1","Self Repair+1"],"picked":"Go for the Eyes","floor":48.0},{"not_picked":["Sunder","Leap","Lockon+1"],"picked":"SKIP","floor":54.0}],"player_experience":591327,"relics_obtained":[{"floor":9.0,"key":"Lantern"},{"floor":14.0,"key":"Tiny Chest"},{"floor":24.0,"key":"Frozen Egg 2"},{"floor":26.0,"key":"Symbiotic Virus"},{"floor":27.0,"key":"Oddly Smooth Stone"},{"floor":40.0,"key":"Ornamental Fan"},{"floor":54.0,"key":"Blood Vial"}],"event_choices":[{"damage_healed":0.0,"max_hp_gain":0.0,"max_hp_loss":0.0,"gold_gain":0.0,"event_name":"Golden Idol","player_choice":"Take Damage","floor":2.0,"gold_loss":0.0,"damage_taken":18.0,"relics_obtained":["Golden Idol"]},{"damage_healed":0.0,"max_hp_gain":0.0,"max_hp_loss":0.0,"gold_gain":0.0,"event_name":"Scrap Ooze","player_choice":"Success","floor":3.0,"gold_loss":0.0,"damage_taken":18.0,"relics_obtained":["Pear"]},{"damage_healed":0.0,"max_hp_gain":0.0,"max_hp_loss":0.0,"gold_gain":0.0,"event_name":"Lab","player_choice":"Got Potions","floor":4.0,"gold_loss":0.0,"damage_taken":0.0},{"cards_removed":["Strike_B"],"damage_healed":0.0,"max_hp_gain":0.0,"max_hp_loss":0.0,"gold_gain":0.0,"event_name":"The Cleric","player_choice":"Card Removal","floor":12.0,"gold_loss":50.0,"damage_taken":0.0},{"cards_removed":["Strike_B"],"damage_healed":0.0,"max_hp_gain":0.0,"max_hp_loss":0.0,"gold_gain":0.0,"event_name":"Beggar","player_choice":"Gave Gold","floor":19.0,"gold_loss":75.0,"damage_taken":0.0},{"damage_healed":0.0,"max_hp_gain":0.0,"max_hp_loss":0.0,"gold_gain":0.0,"event_name":"WeMeetAgain","player_choice":"Gave Potion","floor":47.0,"gold_loss":0.0,"damage_taken":0.0,"relics_obtained":["Ancient Tea Set"]}],"is_beta":false,"boss_relics":[{"not_picked":["Busted Crown","Velvet Choker"],"picked":"Cursed Key"},{"not_picked":["Fusion Hammer","Runic Dome"],"picked":"Empty Cage"}],"items_purged_floors":[7,38],"is_endless":false,"potions_floor_spawned":[5,11,14,16,21,25,27,31,36,46],"killed_by":"The Heart","ascension_level":0}