{"gold_per_floor":[109,109,133,133,146,146,181,197,224,237,273,273,294,338,338,437,437,458,472,522,23,23,59,84,84,84,119,119,160,174,209,209,298,298,314,330,330,3,3,46,379,406,406,406,439,452,452,486,486,486,486,486,486,23,56,56],"floor_reached":57,"playtime":3544,"items_purged":["Strike_B","Zap","Stack"],"score":3342,"play_id":"442c89d0-1d82-4440-871a-ad7741637b73","local_time":"20181206205225","is_ascension_mode":true,"campfire_choices":[{"data":"Darkness","floor":6.0,"key":"SMITH"},{"data":"Defragment","floor":15.0,"key":"SMITH"},{"floor":25.0,"key":"REST"},{"data":"Redo","floor":32.0,"key":"SMITH"},{"data":"Hologram","floor":47.0,"key":"SMITH"},{"floor":49.0,"key":"RECALL"},{"data":"Seek","floor":53.0,"key":"SMITH"}],"neow_cost":"NONE","seed_source_timestamp":92609947563134,"circlet_count":0,"master_deck":["AscendersBane","Dualcast","Darkness+1","Redo+1","Leap","Self Repair","Glacier","Defragment+1","Echo Form","Doom and Gloom+1","Compile Driver+1","Seek+1","Skim","Sweeping Beam+1","Go for the Eyes+1","Undo","Melter+1","Capacitor","Hologram+1","Steam","Beam Cell+1","Rebound+1","BootSequence+1","Creative AI+1","Purity+1","Impatience+1"],"special_seed":0,"relics":["Black Star","Symbiotic Virus","Anchor","Orichalcum","Strawberry","Darkstone Periapt","Molten Egg 2","Oddly Smooth Stone","Whetstone","Philosopher\u0027s Stone","Lantern","Ancient Tea Set","Boot","Bag of Marbles","Juzu Bracelet","Letter Opener","Bag of Preparation","Art of War","Smiling Mask","Regal Pillow","PreservedInsect","Pen Nib","Pandora\u0027s Box","Cables","Frozen Egg 2","Bottled Tornado","Mummified Hand","Toxic Egg 2","Blood Vial","Potion Belt","Shuriken","The Courier","Medical Kit","Centennial Puzzle","Bottled Lightning","Question Card"],"potions_floor_usage":[55,56,56,56],"damage_taken":[{"damage":11.0,"enemies":"Jaw Worm","floor":1.0,"turns":6.0},{"damage":4.0,"enemies":"Small Slimes","floor":3.0,"turns":5.0},{"damage":0.0,"enemies":"Cultist","floor":5.0,"turns":3.0},{"damage":10.0,"enemies":"Lagavulin","floor":7.0,"turns":6.0},{"damage":7.0,"enemies":"Exordium Thugs","floor":8.0,"turns":3.0},{"damage":3.0,"enemies":"Blue Slaver","floor":10.0,"turns":4.0},{"damage":5.0,"enemies":"Gremlin Nob","floor":11.0,"turns":3.0},{"damage":0.0,"enemies":"Large Slime","floor":13.0,"turns":5.0},{"damage":6.0,"enemies":"Lagavulin","floor":14.0,"turns":5.0},{"damage":32.0,"enemies":"Hexaghost","floor":16.0,"turns":8.0},{"damage":17.0,"enemies":"Shell Parasite","floor":18.0,"turns":5.0},{"damage":2.0,"enemies":"Spheric Guardian","floor":19.0,"turns":3.0},{"damage":39.0,"enemies":"Slavers","floor":23.0,"turns":5.0},{"damage":12.0,"enemies":"Snake Plant","floor":24.0,"turns":5.0},{"damage":13.0,"enemies":"Book of Stabbing","floor":27.0,"turns":4.0},{"damage":17.0,"enemies":"Gremlin Leader","floor":29.0,"turns":5.0},{"damage":15.0,"enemies":"Snecko","floor":30.0,"turns":5.0},{"damage":6.0,"enemies":"Slavers","floor":31.0,"turns":3.0},{"damage":53.0,"enemies":"Collector","floor":33.0,"turns":11.0},{"damage":0.0,"enemies":"3 Shapes","floor":35.0,"turns":3.0},{"damage":0.0,"enemies":"Orb Walker","floor":36.0,"turns":2.0},{"damage":0.0,"enemies":"Giant Head","floor":40.0,"turns":7.0},{"damage":0.0,"enemies":"Nemesis","floor":42.0,"turns":3.0},{"damage":0.0,"enemies":"Giant Head","floor":45.0,"turns":7.0},{"damage":0.0,"enemies":"Jaw Worm Horde","floor":46.0,"turns":3.0},{"damage":0.0,"enemies":"Reptomancer","floor":48.0,"turns":2.0},{"damage":12.0,"enemies":"Donu and Deca","floor":50.0,"turns":7.0},{"damage":15.0,"enemies":"Awakened One","floor":51.0,"turns":12.0},{"damage":32,"enemies":"Shield and Spear","floor":55,"turns":3},{"damage":42,"enemies":"The Heart","floor":56,"turns":10}],"seed_played":"5876480545372203395","potions_obtained":[{"floor":1.0,"key":"Poison Potion"},{"floor":3.0,"key":"SpeedPotion"},{"floor":8.0,"key":"SteroidPotion"},{"floor":13.0,"key":"Poison Potion"},{"floor":16.0,"key":"Poison Potion"},{"floor":18.0,"key":"Regen Potion"},{"floor":27.0,"key":"SpeedPotion"},{"floor":29.0,"key":"Swift Potion"},{"floor":40.0,"key":"Swift Potion"},{"floor":48.0,"key":"Fire Potion"}],"is_trial":false,"path_per_floor":["M","?","M","T","M","R","E","M","T","M","E","?","M","E","R","B",null,"M","M","?","$","?","E","M","R","T","E","?","E","M","E","R","B",null,"M","M","?","$","?","E","?","E","T","?","E","M","R","E","R","B","B",null,"R","$","E","B",null],"character_chosen":"DEFECT","items_purchased":["Lantern","Ancient Tea Set","Regen Potion","Cables","Medical Kit","Centennial Puzzle","Ancient Potion","Block Potion"],"campfire_rested":1,"item_purchase_floors":[21,21,21,38,54,54,54,54],"current_hp_per_floor":[53,53,49,49,49,49,39,32,39,36,31,31,38,39,39,14,57,54,66,66,66,66,53,41,62,62,49,71,68,67,68,68,22,59,66,66,66,66,66,71,71,71,71,61,68,70,70,71,71,66,60,68,68,68,52,19],"gold":56,"neow_bonus":"BOSS_RELIC","is_prod":false,"is_daily":false,"chose_seed":false,"campfire_upgraded":5,"win_rate":0,"timestamp":1544100745,"path_taken":["M","?","M","?","M","R","E","M","T","M","E","?","M","E","R","BOSS","M","M","?","$","?","E","M","R","T","E","?","E","M","E","R","BOSS","M","M","?","$","?","E","?","E","T","?","E","M","R","E","R","BOSS","BOSS","R","$","E","BOSS"],"build_version":"2018-11-15","purchased_purges":3,"victory":true,"max_hp_per_floor":[71,64,64,64,64,64,64,64,71,71,71,71,71,71,71,71,71,71,71,71,71,71,71,71,71,71,71,71,71,71,71,71,71,71,71,71,71,71,71,71,71,71,71,71,71,71,71,71,71,71,71,71,71,71,71,71],"card_choices":[{"not_picked":["Streamline","Glacier"],"picked":"Darkness","floor":1.0},{"not_picked":["Chill","Stack","Compile Driver"],"picked":"SKIP","floor":3.0},{"not_picked":["Go for the Eyes","Conserve Battery"],"picked":"Redo","floor":5.0},{"not_picked":["Cold Snap","Beam Cell","Stack"],"picked":"SKIP","floor":7.0},{"not_picked":["Storm","Melter","Recycle"],"picked":"SKIP","floor":8.0},{"not_picked":["Barrage","Hologram"],"picked":"Leap","floor":10.0},{"not_picked":["Cold Snap","Skim"],"picked":"Self Repair","floor":11.0},{"not_picked":["Sweeping Beam+1","FTL+1"],"picked":"Glacier","floor":13.0},{"not_picked":["Hologram","Streamline+1"],"picked":"Defragment","floor":14.0},{"not_picked":["Biased Cognition","Amplify"],"picked":"Echo Form","floor":16.0},{"not_picked":["Fusion","Go for the Eyes+1"],"picked":"Doom and Gloom+1","floor":18.0},{"not_picked":["Sweeping Beam+1","Coolheaded"],"picked":"Compile Driver+1","floor":19.0},{"not_picked":["Compile Driver+1","Turbo"],"picked":"Seek","floor":23.0},{"not_picked":["Genetic Algorithm","Skim","Beam Cell+1"],"picked":"SKIP","floor":24.0},{"not_picked":["Genetic Algorithm","Beam Cell+1"],"picked":"Skim","floor":24.0},{"not_picked":["Gash+1","Chill"],"picked":"Sweeping Beam+1","floor":27.0},{"not_picked":["Compile Driver+1","Ball Lightning+1"],"picked":"Go for the Eyes+1","floor":29.0},{"not_picked":["Coolheaded","Go for the Eyes+1"],"picked":"Undo","floor":30.0},{"not_picked":["Darkness","Rebound+1","Blizzard+1"],"picked":"SKIP","floor":31.0},{"not_picked":["Turbo","Sweeping Beam+1"],"picked":"BootSequence+1","floor":35.0},{"not_picked":["Streamline+1","Coolheaded","Sunder+1"],"picked":"SKIP","floor":36.0},{"not_picked":["Go for the Eyes+1","Conserve Battery","Amplify"],"picked":"SKIP","floor":40.0},{"not_picked":["Rebound+1","Barrage+1"],"picked":"Creative AI+1","floor":42.0},{"not_picked":["Trip+1","Mind Blast+1"],"picked":"Purity+1","floor":44.0},{"not_picked":["Deep Breath+1","Metamorphosis+1"],"picked":"Impatience+1","floor":44.0},{"not_picked":["Hologram+1","Undo+1","Glacier+1"],"picked":"SKIP","floor":45.0},{"not_picked":["Rebound+1","Hologram+1","Barrage+1"],"picked":"SKIP","floor":46.0},{"not_picked":["Capacitor+1","Lockon+1","Gash+1"],"picked":"SKIP","floor":48.0},{"not_picked":["Capacitor+1","Lockon+1","Gash+1"],"picked":"SKIP","floor":48.0},{"not_picked":["Barrage+1","Seek+1","Echo Form+1"],"picked":"SKIP","floor":55}],"player_experience":2279297,"relics_obtained":[{"floor":4.0,"key":"Symbiotic Virus"},{"floor":7.0,"key":"Anchor"},{"floor":7.0,"key":"Orichalcum"},{"floor":9.0,"key":"Strawberry"},{"floor":11.0,"key":"Darkstone Periapt"},{"floor":11.0,"key":"Molten Egg 2"},{"floor":14.0,"key":"Oddly Smooth Stone"},{"floor":14.0,"key":"Whetstone"},{"floor":23.0,"key":"Bag of Marbles"},{"floor":23.0,"key":"Juzu Bracelet"},{"floor":26.0,"key":"Letter Opener"},{"floor":27.0,"key":"Bag of Preparation"},{"floor":27.0,"key":"Art of War"},{"floor":29.0,"key":"Smiling Mask"},{"floor":29.0,"key":"Regal Pillow"},{"floor":31.0,"key":"PreservedInsect"},{"floor":31.0,"key":"Pen Nib"},{"floor":40.0,"key":"Frozen Egg 2"},{"floor":40.0,"key":"Bottled Tornado"},{"floor":42.0,"key":"Mummified Hand"},{"floor":42.0,"key":"Toxic Egg 2"},{"floor":45.0,"key":"Blood Vial"},{"floor":45.0,"key":"Potion Belt"},{"floor":48.0,"key":"Shuriken"},{"floor":48.0,"key":"The Courier"},{"floor":55,"key":"Bottled Lightning"},{"floor":55,"key":"Question Card"}],"event_choices":[{"damage_healed":0.0,"max_hp_gain":0.0,"max_hp_loss":7.0,"gold_gain":0.0,"event_name":"Golden Idol","player_choice":"Lose Max HP","floor":2.0,"gold_loss":0.0,"damage_taken":0.0,"relics_obtained":["Golden Idol"]},{"damage_healed":0.0,"max_hp_gain":0.0,"max_hp_loss":0.0,"gold_gain":0.0,"event_name":"Dead Adventurer","player_choice":"Searched \u00270\u0027 times","floor":12.0,"gold_loss":0.0,"damage_taken":0.0},{"damage_healed":0.0,"max_hp_gain":0.0,"max_hp_loss":0.0,"gold_gain":50.0,"event_name":"Nest","player_choice":"Stole From Cult","floor":20.0,"gold_loss":0.0,"damage_taken":0.0},{"damage_healed":0.0,"max_hp_gain":0.0,"max_hp_loss":0.0,"gold_gain":0.0,"event_name":"WeMeetAgain","player_choice":"Gave Potion","floor":22.0,"gold_loss":0.0,"damage_taken":0.0,"relics_obtained":["Boot"]},{"damage_healed":22.0,"max_hp_gain":0.0,"max_hp_loss":0.0,"gold_gain":0.0,"event_name":"Wheel of Change","player_choice":"Full Heal","floor":28.0,"gold_loss":0.0,"damage_taken":0.0},{"damage_healed":0.0,"max_hp_gain":0.0,"max_hp_loss":0.0,"gold_gain":0.0,"event_name":"Tomb of Lord Red Mask","player_choice":"Ignored","floor":37.0,"gold_loss":0.0,"damage_taken":0.0},{"damage_healed":0.0,"max_hp_gain":0.0,"max_hp_loss":0.0,"gold_gain":0.0,"event_name":"Mysterious Sphere","player_choice":"Ignored","floor":39.0,"gold_loss":0.0,"damage_taken":0.0},{"damage_healed":0.0,"max_hp_gain":0.0,"max_hp_loss":0.0,"gold_gain":333.0,"event_name":"The Moai Head","player_choice":"Gave Idol","floor":41.0,"relics_lost":["Golden Idol"],"gold_loss":0.0,"damage_taken":0.0},{"damage_healed":0.0,"max_hp_gain":0.0,"max_hp_loss":0.0,"gold_gain":0.0,"event_name":"SensoryStone","player_choice":"Memory 3","floor":44.0,"gold_loss":0.0,"damage_taken":10.0}],"is_beta":false,"boss_relics":[{"not_picked":["Fusion Hammer","Empty Cage"],"picked":"Philosopher\u0027s Stone"},{"not_picked":["Busted Crown","Inserter"],"picked":"Pandora\u0027s Box"}],"items_purged_floors":[21,38,54],"is_endless":false,"potions_floor_spawned":[1,3,8,13,16,18,27,29,30,40,42,48],"ascension_level":20}