{"gold_per_floor":[109,128,128,138,157,157,7,64,64,82,94,121,121,121,121,121],"floor_reached":16,"playtime":520,"items_purged":[],"score":140,"play_id":"070ee8ed-eb7f-40f3-962a-041e8cb74d40","local_time":"25610722125958","is_ascension_mode":true,"campfire_choices":[{"data":"Armaments","floor":6,"key":"SMITH"},{"floor":15,"key":"REST"}],"neow_cost":"NONE","seed_source_timestamp":11512071991876,"circlet_count":0,"master_deck":["Strike_R","Strike_R","Strike_R","Strike_R+1","Defend_R","Defend_R+1","Defend_R","Defend_R","Bash","Twin Strike","Offering","Blood for Blood","Armaments+1","Flex","Thunderclap","Whirlwind"],"relics":["Burning Blood","Potion Belt","Strawberry","Tiny Chest","Frozen Egg 2","Unceasing Top"],"potions_floor_usage":[5,12,16],"damage_taken":[{"damage":8,"enemies":"2 Louse","floor":1,"turns":3},{"damage":2,"enemies":"Small Slimes","floor":2,"turns":3},{"damage":5,"enemies":"Cultist","floor":4,"turns":3},{"damage":19,"enemies":"3 Louse","floor":5,"turns":3},{"damage":37,"enemies":"Lagavulin","floor":8,"turns":5},{"damage":6,"enemies":"2 Fungi Beasts","floor":10,"turns":3},{"damage":12,"enemies":"Large Slime","floor":11,"turns":5},{"damage":6,"enemies":"3 Sentries","floor":12,"turns":6},{"damage":41,"enemies":"The Guardian","floor":16,"turns":13}],"seed_played":"-4828782629419330945","potions_obtained":[{"floor":2,"key":"GamblersBrew"},{"floor":11,"key":"Block Potion"},{"floor":12,"key":"SkillPotion"}],"is_trial":false,"path_per_floor":["M","M","?","M","M","R","$","E","T","M","M","E","?","?","R"],"character_chosen":"IRONCLAD","items_purchased":["Strawberry"],"campfire_rested":1,"item_purchase_floors":[7],"current_hp_per_floor":[78,80,73,74,61,61,68,37,37,37,31,31,14,14,40,0],"gold":121,"neow_bonus":"RANDOM_COMMON_RELIC","is_prod":false,"is_daily":false,"chose_seed":false,"campfire_upgraded":1,"win_rate":0,"timestamp":1532239198,"path_taken":["M","M","?","M","M","R","$","E","T","M","?","E","?","?","R","BOSS"],"build_version":"2018-07-19v2","purchased_purges":0,"victory":false,"max_hp_per_floor":[80,80,80,80,80,80,87,87,87,87,87,87,87,87,87,87],"card_choices":[{"not_picked":["True Grit","Body Slam"],"picked":"Twin Strike","floor":1},{"not_picked":["Thunderclap","Twin Strike"],"picked":"Offering","floor":2},{"not_picked":["Armaments","Power Through"],"picked":"Blood for Blood","floor":4},{"not_picked":["Heavy Blade","Dark Embrace"],"picked":"Armaments","floor":5},{"not_picked":["Twin Strike","Iron Wave","True Grit"],"picked":"SKIP","floor":8},{"not_picked":["Corruption+1","Pommel Strike"],"picked":"Flex","floor":10},{"not_picked":["Searing Blow","Disarm"],"picked":"Thunderclap","floor":11},{"not_picked":["Infernal Blade","Cleave"],"picked":"Whirlwind","floor":12}],"player_experience":113845,"relics_obtained":[{"floor":8,"key":"Tiny Chest"},{"floor":9,"key":"Frozen Egg 2"},{"floor":12,"key":"Unceasing Top"}],"event_choices":[{"event_name":"Golden Wing","player_choice":"Card Removal","floor":3,"damage_taken":0},{"event_name":"Shining Light","player_choice":"Entered Light","floor":13,"damage_taken":0},{"event_name":"Dead Adventurer","player_choice":"Searched \u00270\u0027 times","floor":14,"damage_taken":0}],"is_beta":false,"boss_relics":[],"items_purged_floors":[],"is_endless":false,"potions_floor_spawned":[2,11,12],"killed_by":"The Guardian","ascension_level":5}