{"gold_per_floor":[117,117,117,129,129,157,157,157,209,209,238,256,282,293,293,293],"floor_reached":16,"playtime":419,"items_purged":[],"score":286,"play_id":"1ba10e52-faa5-4cba-b7c3-74b10548ea43","local_time":"20190330153438","is_ascension_mode":true,"campfire_choices":[{"data":"Chaos","floor":7.0,"key":"SMITH"},{"data":"Beam Cell","floor":15,"key":"SMITH"}],"neow_cost":"NONE","seed_source_timestamp":1174656642900,"circlet_count":0,"master_deck":["AscendersBane","Strike_B","Defend_B","Defend_B","Defend_B","Defend_B","Zap","Dualcast","Chaos+1","Recycle","Streamline","Capacitor","Rebound","Reboot","Beam Cell+1"],"special_seed":0,"relics":["Cracked Core","NeowsBlessing","Boot","Juzu Bracelet","Bottled Lightning","Omamori"],"potions_floor_usage":[14,14],"damage_taken":[{"damage":0.0,"enemies":"Jaw Worm","floor":1.0,"turns":1.0},{"damage":0.0,"enemies":"2 Louse","floor":4.0,"turns":1.0},{"damage":0.0,"enemies":"Lagavulin","floor":6.0,"turns":1.0},{"damage":31.0,"enemies":"Gremlin Nob","floor":11.0,"turns":4.0},{"damage":1.0,"enemies":"Cultist","floor":12.0,"turns":4.0},{"damage":21.0,"enemies":"Lagavulin","floor":13.0,"turns":5.0},{"damage":3,"enemies":"Large Slime","floor":14,"turns":3},{"damage":8,"enemies":"Slime Boss","floor":16,"turns":4}],"seed_played":"-2447062824732504290","potions_obtained":[{"floor":1.0,"key":"Poison Potion"},{"floor":4.0,"key":"Fire Potion"},{"floor":10.0,"key":"Explosive Potion"}],"is_trial":false,"path_per_floor":["M","?","?","M","?","E","R","?","T","?","E","M","E","M","R","B"],"character_chosen":"DEFECT","items_purchased":[],"campfire_rested":0,"item_purchase_floors":[],"current_hp_per_floor":[64,64,64,64,64,64,64,57,57,57,26,25,4,1,1,0],"gold":293,"neow_bonus":"THREE_ENEMY_KILL","is_prod":false,"is_daily":false,"chose_seed":false,"campfire_upgraded":2,"win_rate":0,"timestamp":1553931278,"path_taken":["M","?","?","?","?","E","R","?","T","?","E","M","E","M","R","BOSS"],"build_version":"2019-01-23","purchased_purges":0,"victory":false,"max_hp_per_floor":[71,71,71,71,71,71,71,71,71,71,71,71,71,71,71,71],"card_choices":[{"not_picked":["Scrape","Auto Shields"],"picked":"Chaos","floor":1.0},{"not_picked":["Go for the Eyes","Turbo"],"picked":"Streamline","floor":4.0},{"not_picked":["Compile Driver","Streamline"],"picked":"Rebound","floor":6.0},{"not_picked":["Streamline","Go for the Eyes"],"picked":"Reboot","floor":11.0},{"not_picked":["Gash","Storm"],"picked":"Beam Cell","floor":12.0},{"not_picked":["Gash","Rebound","Static Discharge"],"picked":"SKIP","floor":13.0},{"not_picked":["Undo","Coolheaded","Cold Snap"],"picked":"SKIP","floor":14}],"player_experience":2892353,"relics_obtained":[{"floor":6.0,"key":"Boot"},{"floor":9.0,"key":"Juzu Bracelet"},{"floor":11.0,"key":"Bottled Lightning"},{"floor":13.0,"key":"Omamori"}],"event_choices":[{"damage_healed":0.0,"max_hp_gain":0.0,"max_hp_loss":0.0,"gold_gain":0.0,"event_name":"Scrap Ooze","player_choice":"Fled","floor":2.0,"gold_loss":0.0,"damage_taken":0.0},{"damage_healed":0.0,"max_hp_gain":0.0,"max_hp_loss":0.0,"gold_gain":0.0,"cards_transformed":["Strike_B"],"event_name":"Transmorgrifier","player_choice":"Transformed","floor":3.0,"gold_loss":0.0,"damage_taken":0.0,"cards_obtained":["Recycle"]},{"damage_healed":0.0,"max_hp_gain":0.0,"max_hp_loss":0.0,"gold_gain":0.0,"cards_transformed":["Strike_B"],"event_name":"Living Wall","player_choice":"Change","floor":5.0,"gold_loss":0.0,"damage_taken":0.0,"cards_obtained":["Capacitor"]},{"cards_removed":["Strike_B"],"damage_healed":0.0,"max_hp_gain":0.0,"max_hp_loss":0.0,"gold_gain":0.0,"event_name":"Golden Wing","player_choice":"Card Removal","floor":8.0,"gold_loss":0.0,"damage_taken":7.0},{"damage_healed":0.0,"max_hp_gain":0.0,"max_hp_loss":0.0,"gold_gain":0.0,"event_name":"Lab","player_choice":"Got Potions","floor":10.0,"gold_loss":0.0,"damage_taken":0.0}],"is_beta":false,"boss_relics":[],"items_purged_floors":[],"is_endless":false,"potions_floor_spawned":[1,4],"killed_by":"Slime Boss","ascension_level":20}