{"gold_per_floor":[117,117,42,55,55,87,87,106,106,121,10,10,30,30,30,133,133,144,144,162,102,115,115,115,53,53,65,65],"floor_reached":28,"playtime":1622,"items_purged":["Defend_G"],"score":267,"play_id":"474fbbd1-0875-465e-8f0e-65cdda3da56f","local_time":"20181121212006","is_ascension_mode":true,"campfire_choices":[{"data":"Footwork","floor":7,"key":"SMITH"},{"data":"Infinite Blades","floor":12,"key":"SMITH"},{"data":"Accuracy","floor":15,"key":"SMITH"},{"floor":23,"key":"REST"}],"neow_cost":"NONE","seed_source_timestamp":3314036023239113,"circlet_count":0,"master_deck":["Defend_G","Defend_G","Defend_G","Defend_G","Strike_G","Strike_G","Strike_G","Strike_G","Strike_G","Survivor","Neutralize","Dagger Spray","Accuracy+1","Footwork+1","Caltrops","Wraith Form v2","Infinite Blades+1","Accuracy","Leg Sweep","A Thousand Cuts+1","Backflip","PiercingWail","Noxious Fumes"],"relics":["Ring of the Snake","NeowsBlessing","Omamori","The Courier","Pen Nib","Busted Crown","Bottled Flame","Pantograph"],"potions_floor_usage":[8,10,13,27],"damage_taken":[{"damage":0,"enemies":"2 Louse","floor":1,"turns":1},{"damage":0,"enemies":"Cultist","floor":4,"turns":1},{"damage":0,"enemies":"3 Sentries","floor":6,"turns":1},{"damage":0,"enemies":"Jaw Worm","floor":8,"turns":6},{"damage":0,"enemies":"Blue Slaver","floor":10,"turns":5},{"damage":12,"enemies":"3 Louse","floor":13,"turns":3},{"damage":29,"enemies":"Hexaghost","floor":16,"turns":10},{"damage":8,"enemies":"Shell Parasite","floor":18,"turns":7},{"damage":27,"enemies":"2 Thieves","floor":20,"turns":4},{"damage":23,"enemies":"Centurion and Healer","floor":22,"turns":6},{"damage":25,"enemies":"Snake Plant","floor":27,"turns":5},{"damage":20,"enemies":"Chosen and Byrds","floor":28,"turns":3}],"seed_played":"5337563066220648288","potions_obtained":[{"floor":6,"key":"SpeedPotion"},{"floor":8,"key":"SpeedPotion"},{"floor":10,"key":"LiquidBronze"},{"floor":18,"key":"Ancient Potion"},{"floor":22,"key":"Strength Potion"}],"is_trial":false,"path_per_floor":["M","?","$","M","?","E","R","M","T","M","$","R","M","?","R","B",null,"M","?","M","$","M","R","T","$","T","M","M"],"character_chosen":"THE_SILENT","items_purchased":["Accuracy","Infinite Blades","Accuracy","Noxious Fumes"],"campfire_rested":1,"item_purchase_floors":[3,11,11,25],"current_hp_per_floor":[70,70,70,70,75,75,75,75,75,75,75,75,63,45,45,16,75,67,67,40,40,17,39,39,39,39,14,0],"gold":65,"neow_bonus":"THREE_ENEMY_KILL","is_prod":false,"is_daily":false,"chose_seed":false,"campfire_upgraded":3,"win_rate":0,"timestamp":1542853206,"path_taken":["M","?","?","M","?","E","R","M","T","M","$","R","M","?","R","BOSS","M","?","?","?","M","R","?","$","T","?","M"],"build_version":"2018-11-15","purchased_purges":1,"victory":false,"max_hp_per_floor":[70,70,70,70,75,75,75,75,75,75,75,75,75,75,75,75,75,75,75,75,75,75,75,75,75,75,75,75],"card_choices":[{"not_picked":["Sucker Punch","Deadly Poison"],"picked":"Dagger Spray","floor":1},{"not_picked":["Deflect","Underhanded Strike"],"picked":"Footwork","floor":4},{"not_picked":["Acrobatics","Choke","Blur"],"picked":"SKIP","floor":6},{"not_picked":["Acrobatics","Choke","Blur"],"picked":"SKIP","floor":6},{"not_picked":["Cloak And Dagger","Quick Slash"],"picked":"Caltrops","floor":8},{"not_picked":["Prepared","Flechettes"],"picked":"Wraith Form v2","floor":10},{"not_picked":["Flying Knee","Poisoned Stab"],"picked":"Leg Sweep","floor":13},{"not_picked":["Bullet Time","Glass Knife"],"picked":"A Thousand Cuts","floor":16},{"not_picked":["Outmaneuver"],"picked":"SKIP","floor":18},{"not_picked":[],"picked":"Backflip","floor":20},{"not_picked":[],"picked":"PiercingWail","floor":22},{"not_picked":["Riddle With Holes"],"picked":"SKIP","floor":27}],"player_experience":153107,"relics_obtained":[{"floor":6,"key":"Omamori"},{"floor":9,"key":"The Courier"},{"floor":24,"key":"Bottled Flame"},{"floor":26,"key":"Pantograph"}],"event_choices":[{"damage_healed":0,"gold_gain":0,"player_choice":"Bought 0 Potions","damage_taken":0,"max_hp_gain":0,"max_hp_loss":0,"event_name":"The Woman in Blue","floor":2,"gold_loss":0},{"damage_healed":0,"gold_gain":0,"player_choice":"Donut","damage_taken":0,"max_hp_gain":5,"max_hp_loss":0,"event_name":"Big Fish","floor":5,"gold_loss":0},{"damage_healed":0,"gold_gain":0,"player_choice":"Success","damage_taken":18,"relics_obtained":["Pen Nib"],"max_hp_gain":0,"max_hp_loss":0,"event_name":"Scrap Ooze","floor":14,"gold_loss":0},{"damage_healed":0,"gold_gain":0,"player_choice":"Forge","damage_taken":0,"max_hp_gain":0,"max_hp_loss":0,"event_name":"Accursed Blacksmith","floor":19,"gold_loss":0,"cards_upgraded":["A Thousand Cuts"]}],"is_beta":false,"boss_relics":[{"not_picked":["Tiny House","Sozu"],"picked":"Busted Crown"}],"items_purged_floors":[21],"is_endless":false,"potions_floor_spawned":[6,8,10,18,22],"killed_by":"Chosen and Byrds","ascension_level":2}