{"gold_per_floor":[119,135,135,135,135,135,159,159,159,8,47,63,103,126,126,216,216,235,43,43,58,58,58,94,94,146,180,180,150,150,175,175,175],"floor_reached":33,"playtime":1138,"items_purged":[],"score":509,"play_id":"df821b57-87db-4334-b2aa-283be67d749f","local_time":"20181001225416","is_ascension_mode":true,"campfire_choices":[{"data":"Dualcast","floor":6.0,"key":"SMITH"},{"data":"Barrage","floor":8.0,"key":"SMITH"},{"floor":15.0,"key":"REST"},{"floor":23,"key":"REST"},{"floor":25,"key":"REST"},{"floor":28,"key":"REST"},{"floor":30,"key":"REST"},{"data":"Go for the Eyes","floor":32,"key":"SMITH"}],"neow_cost":"NONE","seed_source_timestamp":15956963883794,"circlet_count":0,"master_deck":["Strike_B+1","Strike_B+1","Strike_B+1","Strike_B+1","Defend_B+1","Defend_B+1","Defend_B+1","Defend_B+1","Zap+1","Dualcast+1","AscendersBane","Defragment+1","Ball Lightning","Barrage+1","Ball Lightning","Conserve Battery","Conserve Battery","All For One","Steam","Fission","Go for the Eyes+1","Steam","Reinforced Body+1"],"special_seed":0,"relics":["Cracked Core","Orichalcum","Golden Idol","Kunai","Oddly Smooth Stone","Bottled Lightning","Girya","Sozu","Centennial Puzzle","Blood Vial","Pen Nib"],"potions_floor_usage":[],"damage_taken":[{"damage":0.0,"enemies":"2 Louse","floor":1.0,"turns":1.0},{"damage":0.0,"enemies":"Cultist","floor":2.0,"turns":3.0},{"damage":2.0,"enemies":"Jaw Worm","floor":7.0,"turns":3.0},{"damage":11.0,"enemies":"Gremlin Nob","floor":11.0,"turns":4.0},{"damage":4.0,"enemies":"Exordium Thugs","floor":12.0,"turns":3.0},{"damage":22.0,"enemies":"3 Sentries","floor":13.0,"turns":5.0},{"damage":0.0,"enemies":"2 Fungi Beasts","floor":14.0,"turns":2.0},{"damage":2.0,"enemies":"The Guardian","floor":16.0,"turns":10.0},{"damage":11.0,"enemies":"2 Thieves","floor":18.0,"turns":3.0},{"damage":0,"enemies":"3 Byrds","floor":21,"turns":5},{"damage":16,"enemies":"Colosseum Slavers","floor":22,"turns":3},{"damage":16,"enemies":"Slavers","floor":24,"turns":7},{"damage":46,"enemies":"Gremlin Leader","floor":27,"turns":10},{"damage":1,"enemies":"Snake Plant","floor":31,"turns":4},{"damage":62,"enemies":"Collector","floor":33,"turns":7}],"seed_played":"4047078751860557447","potions_obtained":[{"floor":1.0,"key":"Ancient Potion"},{"floor":2.0,"key":"PowerPotion"},{"floor":13.0,"key":"Block Potion"},{"floor":14.0,"key":"Strength Potion"},{"floor":16.0,"key":"GamblersBrew"}],"is_trial":false,"path_per_floor":["M","M","?","?","?","R","M","R","T","$","E","M","E","M","R","B",null,"M","$","?","M","?","R","E","R","T","E","R","?","R","M","R"],"character_chosen":"DEFECT","items_purchased":["Oddly Smooth Stone","Fission","Go for the Eyes"],"campfire_rested":5,"item_purchase_floors":[10,19,19],"current_hp_per_floor":[64,64,40,40,40,40,38,38,38,38,27,23,1,1,22,20,58,47,47,47,47,31,52,36,57,57,13,34,34,55,56,56,0],"gold":175,"neow_bonus":"RANDOM_COMMON_RELIC","is_prod":false,"is_daily":false,"chose_seed":false,"campfire_upgraded":3,"win_rate":0,"timestamp":1538459656,"path_taken":["M","M","?","?","?","R","M","R","T","$","E","M","E","?","R","BOSS","M","$","?","M","?","R","E","R","T","E","R","?","R","M","R","BOSS"],"build_version":"2018-09-27","purchased_purges":0,"victory":false,"max_hp_per_floor":[71,71,71,71,71,71,71,71,71,71,71,71,71,71,71,71,71,71,71,71,71,71,71,71,71,71,71,71,71,71,71,71,71],"card_choices":[{"not_picked":["Doom and Gloom","Conserve Battery"],"picked":"Defragment","floor":1.0},{"not_picked":["Reprogram","Self Repair"],"picked":"Ball Lightning","floor":2.0},{"not_picked":["Hello World","Beam Cell"],"picked":"Barrage","floor":7.0},{"not_picked":["Steam Power","Gash"],"picked":"Ball Lightning","floor":11.0},{"not_picked":["Reprogram","Streamline","Barrage"],"picked":"SKIP","floor":12.0},{"not_picked":["Rip and Tear","Hologram"],"picked":"Conserve Battery","floor":13.0},{"not_picked":["Barrage","Ball Lightning"],"picked":"Conserve Battery","floor":14.0},{"not_picked":["Amplify","Rainbow"],"picked":"All For One","floor":16.0},{"not_picked":["Coolheaded","Ball Lightning"],"picked":"Steam","floor":18.0},{"not_picked":["Barrage","Static Discharge+1","Sunder"],"picked":"SKIP","floor":21},{"not_picked":["Blizzard","Lockon"],"picked":"Steam","floor":24},{"not_picked":["Reprogram","Heatsinks"],"picked":"Reinforced Body+1","floor":27},{"not_picked":["Rip and Tear","Consume","Barrage"],"picked":"SKIP","floor":31}],"player_experience":1231478,"relics_obtained":[{"floor":9.0,"key":"Kunai"},{"floor":11.0,"key":"Bottled Lightning"},{"floor":13.0,"key":"Girya"},{"floor":24,"key":"Centennial Puzzle"},{"floor":26,"key":"Blood Vial"},{"floor":27,"key":"Pen Nib"}],"event_choices":[{"event_name":"Golden Idol","player_choice":"Take Damage","floor":3.0,"damage_taken":0.0},{"event_name":"Accursed Blacksmith","player_choice":"Forge","floor":4.0,"damage_taken":0.0},{"event_name":"Living Wall","player_choice":"Grow","floor":5.0,"damage_taken":0.0},{"event_name":"Back to Basics","player_choice":"Simplicity","floor":20,"damage_taken":0},{"event_name":"Colosseum","player_choice":"Fight","floor":22,"damage_taken":0},{"event_name":"Colosseum","player_choice":"Fled From Nobs","floor":22,"damage_taken":0},{"event_name":"The Woman in Blue","player_choice":"Bought 2 Potions","floor":29,"damage_taken":0}],"is_beta":false,"boss_relics":[{"not_picked":["Lizard Tail","Calling Bell"],"picked":"Sozu"}],"items_purged_floors":[],"is_endless":false,"potions_floor_spawned":[1,2,13,14,16,18,21,22],"killed_by":"Collector","ascension_level":15}