{"gold_per_floor":[14,34,34,49,65,65,80,80,149,168,243,193,74,107,107,179,179,199,474,491,508,35,35,63,74,74,54,71,71,71,83,83,83],"floor_reached":33,"playtime":1583,"items_purged":["Strike_G","Regret"],"score":567,"play_id":"e47be713-db1b-4b35-a1fd-df9417a24a96","local_time":"20190126174817","is_ascension_mode":true,"campfire_choices":[{"data":"Footwork","floor":6,"key":"SMITH"},{"data":"Noxious Fumes","floor":8,"key":"SMITH"},{"data":"Deadly Poison","floor":15,"key":"SMITH"},{"floor":23,"key":"REST"},{"data":"Crippling Poison","floor":32,"key":"SMITH"}],"neow_cost":"NO_GOLD","seed_source_timestamp":513396884944014,"circlet_count":0,"master_deck":["AscendersBane","Defend_G","Defend_G","Defend_G","Defend_G","Defend_G","Survivor","Neutralize","Predator","Blur","Footwork+1","Noxious Fumes+1","Deadly Poison+1","Blur","Bouncing Flask","Doppelganger","Dodge and Roll+1","PiercingWail","Crippling Poison+1","Escape Plan","Prepared+1","After Image","Deadly Poison+1","Deadly Poison","Bite","Bite","Bite","Bite","Bite"],"relics":["Ring of the Snake","Turnip","The Courier","Incense Burner","Empty Cage","Bottled Lightning","War Paint","Mango"],"potions_floor_usage":[7,10,16,20,24,31,33],"damage_taken":[{"damage":4,"enemies":"Small Slimes","floor":1,"turns":5},{"damage":0,"enemies":"Cultist","floor":2,"turns":4},{"damage":0,"enemies":"Jaw Worm","floor":4,"turns":7},{"damage":2,"enemies":"Blue Slaver","floor":5,"turns":7},{"damage":0,"enemies":"Red Slaver","floor":7,"turns":4},{"damage":0,"enemies":"Exordium Wildlife","floor":10,"turns":6},{"damage":1,"enemies":"Lagavulin","floor":14,"turns":7},{"damage":0,"enemies":"The Guardian","floor":16,"turns":8},{"damage":6,"enemies":"3 Byrds","floor":18,"turns":6},{"damage":10,"enemies":"Spheric Guardian","floor":20,"turns":6},{"damage":29,"enemies":"3 Cultists","floor":21,"turns":7},{"damage":4,"enemies":"Book of Stabbing","floor":24,"turns":8},{"damage":20,"enemies":"Snecko","floor":25,"turns":5},{"damage":0,"enemies":"Snake Plant","floor":28,"turns":4},{"damage":11,"enemies":"Centurion and Healer","floor":31,"turns":11},{"damage":46,"enemies":"Automaton","floor":33,"turns":6}],"seed_played":"8470346562421407217","potions_obtained":[{"floor":1,"key":"GamblersBrew"},{"floor":4,"key":"Fire Potion"},{"floor":5,"key":"Explosive Potion"},{"floor":14,"key":"SkillPotion"},{"floor":18,"key":"SkillPotion"},{"floor":21,"key":"Block Potion"},{"floor":25,"key":"AttackPotion"},{"floor":27,"key":"LiquidBronze"}],"is_trial":false,"path_per_floor":["M","M","?","M","M","R","M","R","T","M","?","?","$","E","R","B",null,"M","?","M","M","$","R","E","M","T","?","M","?","$","M","R","B"],"character_chosen":"THE_SILENT","items_purchased":["Bouncing Flask","Bottled Lightning","Escape Plan","Prepared","After Image"],"campfire_rested":1,"item_purchase_floors":[13,22,22,22,22],"current_hp_per_floor":[55,55,66,66,64,64,64,64,64,64,53,53,53,52,52,52,63,57,57,47,18,18,37,33,13,27,27,27,27,27,36,36,0],"gold":83,"neow_bonus":"ONE_RARE_RELIC","is_prod":false,"is_daily":false,"chose_seed":false,"campfire_upgraded":4,"win_rate":0,"timestamp":1548521297,"path_taken":["M","M","?","M","M","R","M","R","T","?","?","?","$","E","R","BOSS","M","?","?","M","$","R","E","M","T","?","?","?","?","M","R","BOSS"],"build_version":"2019-01-23","purchased_purges":2,"victory":false,"max_hp_per_floor":[66,66,66,66,66,66,66,66,66,66,66,66,66,66,66,66,66,66,66,66,66,66,66,66,66,80,80,80,56,56,56,56,56],"card_choices":[{"not_picked":["Deflect","Dodge and Roll"],"picked":"Predator","floor":1},{"not_picked":["Bane","Sucker Punch"],"picked":"Blur","floor":2},{"not_picked":["Tactician","Dodge and Roll"],"picked":"Footwork","floor":4},{"not_picked":["Blade Dance","Dagger Spray"],"picked":"Noxious Fumes","floor":5},{"not_picked":["PiercingWail","Bane"],"picked":"Deadly Poison","floor":7},{"not_picked":["Deflect","Cloak And Dagger"],"picked":"Blur","floor":10},{"not_picked":["Poisoned Stab","Choke","Finisher"],"picked":"SKIP","floor":14},{"not_picked":["Storm of Steel","Glass Knife"],"picked":"Doppelganger","floor":16},{"not_picked":["Deflect","Poisoned Stab"],"picked":"Dodge and Roll","floor":18},{"not_picked":["Poisoned Stab","Outmaneuver"],"picked":"PiercingWail","floor":20},{"not_picked":["Heel Hook","Caltrops"],"picked":"Crippling Poison","floor":21},{"not_picked":["Dagger Throw+1","Tactician"],"picked":"Deadly Poison+1","floor":24},{"not_picked":["Prepared","Poisoned Stab","Flying Knee"],"picked":"SKIP","floor":25},{"not_picked":["Bane+1","Doppelganger"],"picked":"Deadly Poison","floor":28},{"not_picked":["Underhanded Strike","Blade Dance","Dash"],"picked":"SKIP","floor":31}],"player_experience":477116,"relics_obtained":[{"floor":9,"key":"The Courier"},{"floor":14,"key":"Incense Burner"},{"floor":24,"key":"War Paint"},{"floor":26,"key":"Mango"}],"event_choices":[{"damage_healed":11,"gold_gain":0,"player_choice":"Full Heal","damage_taken":0,"max_hp_gain":0,"max_hp_loss":0,"event_name":"Wheel of Change","floor":3,"gold_loss":0},{"damage_healed":0,"gold_gain":75,"player_choice":"Gather Gold","damage_taken":11,"max_hp_gain":0,"max_hp_loss":0,"event_name":"World of Goop","floor":11,"gold_loss":0},{"cards_removed":["Strike_G"],"damage_healed":0,"gold_gain":0,"player_choice":"Card Removal","damage_taken":0,"max_hp_gain":0,"max_hp_loss":0,"event_name":"The Cleric","floor":12,"gold_loss":50},{"damage_healed":0,"gold_gain":275,"player_choice":"Desecrate","damage_taken":0,"max_hp_gain":0,"max_hp_loss":0,"event_name":"Golden Shrine","floor":19,"gold_loss":0,"cards_obtained":["Regret"]},{"damage_healed":0,"gold_gain":0,"player_choice":"Bought 1 Potion","damage_taken":0,"max_hp_gain":0,"max_hp_loss":0,"event_name":"The Woman in Blue","floor":27,"gold_loss":0},{"damage_healed":0,"gold_gain":0,"player_choice":"Became a vampire","damage_taken":0,"max_hp_gain":0,"max_hp_loss":24,"event_name":"Vampires","floor":29,"gold_loss":0,"cards_obtained":["Bite","Bite","Bite","Bite","Bite"]}],"is_beta":false,"boss_relics":[{"not_picked":["Velvet Choker","Runic Pyramid"],"picked":"Empty Cage"}],"items_purged_floors":[13,22],"is_endless":false,"potions_floor_spawned":[1,4,5,14,18,21,25],"killed_by":"Automaton","ascension_level":14}