{"gold_per_floor":[115,115,115,40,114,143,157,157,182,198,212,226,237,265,265,368,368,379,59,59,70,70,104,4,39,39,68,68,97,97,0,0,0],"floor_reached":33,"playtime":861,"items_purged":["Strike_R","True Grit"],"score":589,"play_id":"0c5a85a9-5af9-4095-a065-7290d8bee463","local_time":"25610726002420","is_ascension_mode":true,"campfire_choices":[{"data":"Carnage","floor":8.0,"key":"SMITH"},{"data":"Armaments","floor":15.0,"key":"SMITH"},{"data":"Immolate","floor":28.0,"key":"SMITH"},{"data":"Double Tap","floor":30.0,"key":"SMITH"},{"floor":32.0,"key":"REST"}],"neow_cost":"NONE","seed_source_timestamp":41681518670213,"circlet_count":0,"master_deck":["Strike_R+1","Strike_R+1","Strike_R+1","Defend_R+1","Defend_R+1","Defend_R+1","Bash+1","Flex","Carnage+1","Iron Wave","Clash","Thunderclap","Uppercut","Armaments+1","Double Tap+1","Iron Wave+1","Immolate+1","Blood for Blood+1","Cleave+1","Power Through+1","Dropkick+1","Clothesline+1"],"special_seed":0,"relics":["Black Blood","NeowsBlessing","Dodecahedron","Gambling Chip","Whetstone","Red Skull","Strawberry","Dream Catcher","Incense Burner","Kunai","Letter Opener","Bronze Scales"],"potions_floor_usage":[33,33,33],"damage_taken":[{"damage":0.0,"enemies":"Jaw Worm","floor":1.0,"turns":1.0},{"damage":0.0,"enemies":"3 Sentries","floor":6.0,"turns":2.0},{"damage":0.0,"enemies":"Small Slimes","floor":7.0,"turns":1.0},{"damage":0.0,"enemies":"Cultist","floor":10.0,"turns":2.0},{"damage":1.0,"enemies":"Blue Slaver","floor":11.0,"turns":2.0},{"damage":1.0,"enemies":"Looter","floor":12.0,"turns":2.0},{"damage":0.0,"enemies":"Large Slime","floor":13.0,"turns":3.0},{"damage":0.0,"enemies":"Gremlin Nob","floor":14.0,"turns":2.0},{"damage":49.0,"enemies":"Hexaghost","floor":16.0,"turns":5.0},{"damage":4.0,"enemies":"Spheric Guardian","floor":18.0,"turns":3.0},{"damage":14.0,"enemies":"3 Byrds","floor":21.0,"turns":4.0},{"damage":11.0,"enemies":"Gremlin Leader","floor":23.0,"turns":6.0},{"damage":0.0,"enemies":"Slavers","floor":25.0,"turns":1.0},{"damage":36.0,"enemies":"Gremlin Leader","floor":27.0,"turns":6.0},{"damage":29.0,"enemies":"Slavers","floor":29.0,"turns":3.0},{"damage":74,"enemies":"Champ","floor":33,"turns":9}],"seed_played":"-3171485851864077621","potions_obtained":[{"floor":1.0,"key":"Regen Potion"},{"floor":7.0,"key":"SteroidPotion"},{"floor":11.0,"key":"SpeedPotion"},{"floor":13.0,"key":"FearPotion"},{"floor":21.0,"key":"SteroidPotion"},{"floor":25.0,"key":"Weak Potion"},{"floor":27.0,"key":"FearPotion"},{"floor":29.0,"key":"GamblersBrew"}],"is_trial":false,"path_per_floor":["M","?","?","$","T","E","M","R","T","M","M","M","M","E","R","B",null,"M","$","?","M","?","E","$","E","T","E","R","E","R","?","R"],"character_chosen":"IRONCLAD","items_purchased":["Immolate","Strawberry"],"campfire_rested":1,"item_purchase_floors":[19,19],"current_hp_per_floor":[78,78,71,71,71,77,80,80,80,80,80,80,80,80,80,46,72,78,85,85,81,81,80,80,87,87,61,61,42,42,42,68,0],"gold":0,"neow_bonus":"THREE_ENEMY_KILL","is_prod":false,"is_daily":false,"chose_seed":false,"campfire_upgraded":4,"win_rate":0,"timestamp":1532539460,"path_taken":["M","?","?","?","?","E","M","R","T","M","M","M","M","E","R","BOSS","M","$","?","M","?","E","$","E","T","E","R","E","R","?","R","BOSS"],"build_version":"2018-07-19v2","purchased_purges":2,"victory":false,"max_hp_per_floor":[80,80,80,80,80,80,80,80,80,80,80,80,80,80,80,80,80,80,87,87,87,87,87,87,87,87,87,87,87,87,87,87,87],"card_choices":[{"not_picked":["Pummel","Headbutt"],"picked":"Flex","floor":1.0},{"not_picked":["Searing Blow","Burning Pact"],"picked":"True Grit","floor":6.0},{"not_picked":["True Grit","Cleave"],"picked":"Carnage","floor":7.0},{"not_picked":["Juggernaut","Wild Strike"],"picked":"Iron Wave","floor":10.0},{"not_picked":["Clothesline","Reckless Charge"],"picked":"Clash","floor":11.0},{"not_picked":["Clash","Clothesline"],"picked":"Thunderclap","floor":12.0},{"not_picked":["Metallicize","Perfected Strike"],"picked":"Uppercut","floor":13.0},{"not_picked":["Entrench","Anger"],"picked":"Armaments","floor":14.0},{"not_picked":["Feed","Impervious"],"picked":"Double Tap","floor":16.0},{"not_picked":["Ghostly Armor","Heavy Blade"],"picked":"Iron Wave+1","floor":18.0},{"not_picked":["Wild Strike","Evolve"],"picked":"Blood for Blood+1","floor":21.0},{"not_picked":["Feel No Pain","Armaments"],"picked":"Cleave+1","floor":23.0},{"not_picked":["Reckless Charge","True Grit","Double Tap"],"picked":"SKIP","floor":25.0},{"not_picked":["Warcry","Headbutt"],"picked":"Power Through+1","floor":27.0},{"not_picked":["Warcry","Carnage"],"picked":"Dropkick+1","floor":29.0},{"not_picked":["Twin Strike","Clash"],"picked":"Clothesline+1","floor":32.0}],"player_experience":162813,"relics_obtained":[{"floor":5.0,"key":"Dodecahedron"},{"floor":6.0,"key":"Gambling Chip"},{"floor":9.0,"key":"Whetstone"},{"floor":14.0,"key":"Red Skull"},{"floor":23.0,"key":"Dream Catcher"},{"floor":25.0,"key":"Incense Burner"},{"floor":26.0,"key":"Kunai"},{"floor":27.0,"key":"Letter Opener"},{"floor":29.0,"key":"Bronze Scales"}],"event_choices":[{"event_name":"Living Wall","player_choice":"Forget","floor":2.0,"damage_taken":0.0},{"event_name":"Golden Wing","player_choice":"Card Removal","floor":3.0,"damage_taken":0.0},{"event_name":"Ghosts","player_choice":"Ignored","floor":20.0,"damage_taken":0.0},{"event_name":"Back to Basics","player_choice":"Simplicity","floor":22.0,"damage_taken":0.0},{"event_name":"Masked Bandits","player_choice":"Paid Bandits 97 gold","floor":31.0,"damage_taken":0.0}],"is_beta":false,"boss_relics":[{"not_picked":["White Beast Statue","Runic Pyramid"],"picked":"Black Blood"}],"items_purged_floors":[4,24],"is_endless":false,"potions_floor_spawned":[1,7,11,13,21,25,27,29],"killed_by":"Champ","ascension_level":9}