{"gold_per_floor":[119,138,158,158,169,169,203,203,256,282,296,310,323,323,323,323],"floor_reached":16,"playtime":933,"items_purged":[],"score":228,"play_id":"933cfc66-5fa5-4dee-8240-253c7078ac86","local_time":"20190416111120","is_ascension_mode":true,"campfire_choices":[{"data":"Uppercut","floor":6,"key":"SMITH"},{"data":"Flame Barrier","floor":8,"key":"SMITH"},{"data":"Bash","floor":15,"key":"SMITH"}],"neow_cost":"NONE","seed_source_timestamp":2349330150451600,"circlet_count":0,"master_deck":["AscendersBane","Strike_R","Strike_R","Strike_R","Strike_R","Strike_R","Defend_R+1","Defend_R","Defend_R","Defend_R+1","Bash+1","Shrug It Off","Pommel Strike","Uppercut+1","Wild Strike","Flame Barrier+1","Shockwave","Burning Pact","Battle Trance","Whirlwind"],"relics":["Burning Blood","Meat on the Bone","Blood Vial","War Paint","Kunai"],"potions_floor_usage":[5,7,10],"damage_taken":[{"damage":0,"enemies":"2 Louse","floor":1,"turns":3},{"damage":4,"enemies":"Jaw Worm","floor":2,"turns":3},{"damage":7,"enemies":"Small Slimes","floor":3,"turns":3},{"damage":2,"enemies":"Blue Slaver","floor":5,"turns":5},{"damage":12,"enemies":"Gremlin Nob","floor":7,"turns":4},{"damage":27,"enemies":"3 Sentries","floor":10,"turns":10},{"damage":0,"enemies":"Looter","floor":11,"turns":2},{"damage":7,"enemies":"Red Slaver","floor":12,"turns":5},{"damage":0,"enemies":"3 Louse","floor":13,"turns":4},{"damage":70,"enemies":"Hexaghost","floor":16,"turns":14}],"seed_played":"-6848443552741552851","potions_obtained":[{"floor":2,"key":"Ancient Potion"},{"floor":3,"key":"EssenceOfSteel"},{"floor":7,"key":"Block Potion"}],"is_trial":false,"path_per_floor":["M","M","M","?","M","R","E","R","T","E","M","M","M","?","R","B"],"character_chosen":"IRONCLAD","items_purchased":[],"campfire_rested":0,"item_purchase_floors":[],"current_hp_per_floor":[74,75,74,6,22,22,28,28,28,21,41,54,62,67,67,0],"gold":323,"neow_bonus":"THREE_CARDS","is_prod":false,"is_daily":false,"chose_seed":false,"campfire_upgraded":3,"win_rate":0,"timestamp":1555409480,"path_taken":["M","M","M","?","M","R","E","R","T","E","M","M","M","?","R","BOSS"],"build_version":"2019-01-23","purchased_purges":0,"victory":false,"max_hp_per_floor":[75,75,75,75,75,75,75,75,75,75,75,75,75,80,80,80],"card_choices":[{"not_picked":["Flex","Pommel Strike"],"picked":"Shrug It Off","floor":0},{"not_picked":["Perfected Strike","Flex"],"picked":"Pommel Strike","floor":1},{"not_picked":["Sever Soul","Sword Boomerang"],"picked":"Uppercut","floor":2},{"not_picked":["Clothesline","Pommel Strike","Flex"],"picked":"SKIP","floor":3},{"not_picked":["Sentinel","Uppercut"],"picked":"Wild Strike","floor":5},{"not_picked":["Perfected Strike","Clash"],"picked":"Flame Barrier","floor":7},{"not_picked":["Armaments","Exhume"],"picked":"Shockwave","floor":10},{"not_picked":["Searing Blow","Dual Wield"],"picked":"Burning Pact","floor":11},{"not_picked":["Heavy Blade","Sword Boomerang"],"picked":"Battle Trance","floor":12},{"not_picked":["Perfected Strike","Carnage"],"picked":"Whirlwind","floor":13}],"player_experience":2763871,"relics_obtained":[{"floor":7,"key":"Blood Vial"},{"floor":9,"key":"War Paint"},{"floor":10,"key":"Kunai"}],"event_choices":[{"damage_healed":0,"gold_gain":0,"player_choice":"Success","damage_taken":68,"relics_obtained":["Meat on the Bone"],"max_hp_gain":0,"max_hp_loss":0,"event_name":"Scrap Ooze","floor":4,"gold_loss":0},{"damage_healed":0,"gold_gain":0,"player_choice":"Donut","damage_taken":0,"max_hp_gain":5,"max_hp_loss":0,"event_name":"Big Fish","floor":14,"gold_loss":0}],"is_beta":false,"boss_relics":[],"items_purged_floors":[],"is_endless":false,"potions_floor_spawned":[2,3,7],"killed_by":"Hexaghost","ascension_level":20}