{"gold_per_floor":[114,127,107,127,58,58,69,103,153,203,53,63,91,105,105,179,179,193,193,193,203,218,218,243,243,243,269,269,300,310,322,322,399,429,443,73,88,88,99,126,126,144,144,144,169,169,186,205,205,205],"floor_reached":51,"playtime":4005,"items_purged":["Decay"],"score":1388,"play_id":"783f73bb-d245-4726-89fd-d8ea80d5602b","local_time":"20180713221531","daily_mods":["Draft"],"is_ascension_mode":true,"campfire_choices":[{"data":"Skewer","floor":6,"key":"SMITH"},{"data":"Terror","floor":15,"key":"SMITH"},{"floor":23,"key":"REST"},{"data":"RitualDagger","floor":25,"key":"SMITH"},{"data":"Dagger Spray","floor":28,"key":"SMITH"},{"floor":32,"key":"REST"},{"data":"1","floor":41,"key":"LIFT"},{"floor":44,"key":"REST"},{"data":"2","floor":46,"key":"LIFT"},{"data":"3","floor":49,"key":"LIFT"}],"neow_cost":"","seed_source_timestamp":0,"circlet_count":0,"master_deck":["AscendersBane","Malaise","All Out Attack","Cloak And Dagger","Quick Slash","Dagger Spray+1","Predator","Endless Agony","Dash","Backflip","Slice","Dodge and Roll+1","Sucker Punch","Backflip","Deflect","Poisoned Stab","Skewer+1","Cloak And Dagger","Footwork","Terror+1","Backflip","Crippling Poison","RitualDagger+1","Dodge and Roll+1","PiercingWail+1","A Thousand Cuts","Leg Sweep","Die Die Die","Acrobatics","Thinking Ahead","Acrobatics+1","PiercingWail","Well Laid Plans+1","Skewer+1","Glass Knife"],"relics":["Ring of the Snake","Bottled Flame","Omamori","Anchor","Juzu Bracelet","Velvet Choker","Mercury Hourglass","Bird Faced Urn","Bag of Marbles","War Paint","Calling Bell","Tiny Chest","Pear","Girya","Thread and Needle","Pantograph","Kunai","Happy Flower"],"potions_floor_usage":[24,29,33,45,50,50],"damage_taken":[{"damage":0,"enemies":"Cultist","floor":1,"turns":2},{"damage":0,"enemies":"2 Louse","floor":2,"turns":2},{"damage":0,"enemies":"Jaw Worm","floor":4,"turns":3},{"damage":0,"enemies":"Red Slaver","floor":7,"turns":4},{"damage":5,"enemies":"Gremlin Nob","floor":8,"turns":3},{"damage":1,"enemies":"Looter","floor":12,"turns":2},{"damage":0,"enemies":"3 Sentries","floor":13,"turns":5},{"damage":0,"enemies":"3 Louse","floor":14,"turns":2},{"damage":2,"enemies":"Hexaghost","floor":16,"turns":10},{"damage":0,"enemies":"Chosen","floor":18,"turns":3},{"damage":0,"enemies":"Spheric Guardian","floor":21,"turns":3},{"damage":0,"enemies":"Centurion and Healer","floor":22,"turns":9},{"damage":7,"enemies":"Book of Stabbing","floor":24,"turns":8},{"damage":24,"enemies":"Gremlin Leader","floor":27,"turns":7},{"damage":0,"enemies":"Slavers","floor":29,"turns":4},{"damage":0,"enemies":"Snake Plant","floor":30,"turns":2},{"damage":10,"enemies":"3 Cultists","floor":31,"turns":5},{"damage":50,"enemies":"Automaton","floor":33,"turns":13},{"damage":0,"enemies":"3 Shapes","floor":35,"turns":2},{"damage":0,"enemies":"3 Darklings","floor":37,"turns":4},{"damage":3,"enemies":"Flame Bruiser 2 Orb","floor":39,"turns":6},{"damage":7,"enemies":"Nemesis","floor":40,"turns":9},{"damage":38,"enemies":"Transient","floor":42,"turns":5},{"damage":4,"enemies":"Giant Head","floor":45,"turns":13},{"damage":0,"enemies":"Spire Growth","floor":47,"turns":3},{"damage":0,"enemies":"3 Darklings","floor":48,"turns":4},{"damage":31,"enemies":"Time Eater","floor":50,"turns":13}],"seed_played":"-8345205081646296192","potions_obtained":[{"floor":2,"key":"GhostInAJar"},{"floor":3,"key":"SneckoOil"},{"floor":14,"key":"Regen Potion"},{"floor":27,"key":"AttackPotion"},{"floor":30,"key":"LiquidBronze"},{"floor":33,"key":"Regen Potion"},{"floor":45,"key":"Strength Potion"}],"is_trial":true,"path_per_floor":["M","M","?","M","$","R","M","E","T","?","$","M","E","M","R","B",null,"M","?","?","M","M","R","E","R","T","E","R","E","M","M","R","B",null,"M","$","M","?","M","E","R","M","T","R","E","R","M","M","R","B"],"character_chosen":"THE_SILENT","items_purchased":["Footwork","Anchor","Thread and Needle"],"campfire_rested":3,"item_purchase_floors":[5,11,36],"current_hp_per_floor":[59,59,59,59,59,59,59,54,54,54,54,53,53,53,53,51,62,62,56,38,38,38,59,67,67,67,45,45,47,47,37,58,12,66,66,66,68,68,69,66,66,28,28,52,69,69,71,71,71,52],"gold":205,"neow_bonus":"","is_prod":false,"is_daily":false,"chose_seed":false,"campfire_upgraded":4,"win_rate":0,"timestamp":1531545331,"path_taken":["M","M","?","?","?","R","M","E","T","?","$","M","E","M","R","BOSS","M","?","?","M","M","R","E","R","T","E","R","E","M","M","R","BOSS","M","$","M","?","M","E","R","M","T","R","E","R","M","M","R","BOSS"],"build_version":"2018-07-12","purchased_purges":1,"victory":true,"max_hp_per_floor":[66,66,66,66,66,66,66,66,66,66,66,66,66,66,66,66,66,66,66,71,71,71,71,71,71,71,71,71,71,71,71,71,71,81,81,81,81,81,81,81,81,81,81,81,81,81,81,81,81,81],"card_choices":[{"not_picked":["Poisoned Stab","Underhanded Strike"],"picked":"Malaise","floor":0},{"not_picked":["Underhanded Strike","Deadly Poison"],"picked":"All Out Attack","floor":0},{"not_picked":["Distraction","Underhanded Strike"],"picked":"Cloak And Dagger","floor":0},{"not_picked":["Eviscerate","Heel Hook"],"picked":"Quick Slash","floor":0},{"not_picked":["Dagger Throw","PiercingWail"],"picked":"Dagger Spray","floor":0},{"not_picked":["Acrobatics","Catalyst"],"picked":"Predator","floor":0},{"not_picked":["Heel Hook","Underhanded Strike"],"picked":"Endless Agony","floor":0},{"not_picked":["Slice","Bane"],"picked":"Dash","floor":0},{"not_picked":["Masterful Stab","Dagger Spray"],"picked":"Backflip","floor":0},{"not_picked":["Prepared","Bane"],"picked":"Slice","floor":0},{"not_picked":["Quick Slash","Deadly Poison"],"picked":"Dodge and Roll","floor":0},{"not_picked":["Endless Agony","Setup"],"picked":"Sucker Punch","floor":0},{"not_picked":["PiercingWail","Slice"],"picked":"Backflip","floor":0},{"not_picked":["Slice","Dodge and Roll"],"picked":"Deflect","floor":0},{"not_picked":["Deadly Poison","Outmaneuver"],"picked":"Poisoned Stab","floor":0},{"not_picked":["Deadly Poison","Concentrate"],"picked":"Skewer","floor":1},{"not_picked":["Prepared","Slice","Choke"],"picked":"SKIP","floor":2},{"not_picked":["All Out Attack","Outmaneuver"],"picked":"Cloak And Dagger","floor":4},{"not_picked":["Dagger Throw","Footwork"],"picked":"Terror","floor":7},{"not_picked":["Outmaneuver","Slice"],"picked":"Backflip","floor":8},{"not_picked":["Prepared","Calculated Gamble","Underhanded Strike"],"picked":"SKIP","floor":12},{"not_picked":["Distraction","Unload","Flechettes"],"picked":"SKIP","floor":13},{"not_picked":["Backflip","Acrobatics","All Out Attack"],"picked":"SKIP","floor":14},{"not_picked":["Sucker Punch","Outmaneuver"],"picked":"Crippling Poison","floor":18},{"not_picked":["Blade Dance+1","Heel Hook"],"picked":"Dodge and Roll+1","floor":21},{"not_picked":["Deflect","Malaise"],"picked":"PiercingWail","floor":22},{"not_picked":["Flying Knee","Setup","Bane"],"picked":"SKIP","floor":24},{"not_picked":["Skewer","Infinite Blades","Wraith Form v2"],"picked":"SKIP","floor":27},{"not_picked":["Quick Slash","Distraction"],"picked":"A Thousand Cuts","floor":29},{"not_picked":["Escape Plan","Sucker Punch"],"picked":"Leg Sweep","floor":30},{"not_picked":["PiercingWail","Concentrate","Deflect"],"picked":"SKIP","floor":31},{"not_picked":["Venomology","Burst"],"picked":"Die Die Die","floor":33},{"not_picked":["Dagger Spray","Eviscerate"],"picked":"Acrobatics","floor":35},{"not_picked":["Venomology","Skewer","Quick Slash"],"picked":"SKIP","floor":37},{"not_picked":["Trip","Bandage Up"],"picked":"Thinking Ahead","floor":38},{"not_picked":["Bane","Underhanded Strike"],"picked":"Acrobatics+1","floor":39},{"not_picked":["Bane+1","Dash"],"picked":"PiercingWail","floor":40},{"not_picked":["Skewer+1","Prepared"],"picked":"Well Laid Plans+1","floor":42},{"not_picked":["Crippling Poison+1","Cloak And Dagger"],"picked":"Skewer+1","floor":45},{"not_picked":["Poisoned Stab+1","Dodge and Roll+1","Underhanded Strike"],"picked":"SKIP","floor":47},{"not_picked":["Deadly Poison","Prepared"],"picked":"Glass Knife","floor":48}],"player_experience":760214,"relics_obtained":[{"floor":8,"key":"Bottled Flame"},{"floor":9,"key":"Omamori"},{"floor":13,"key":"Juzu Bracelet"},{"floor":24,"key":"Mercury Hourglass"},{"floor":26,"key":"Bird Faced Urn"},{"floor":27,"key":"Bag of Marbles"},{"floor":29,"key":"War Paint"},{"floor":34,"key":"Tiny Chest"},{"floor":34,"key":"Pear"},{"floor":34,"key":"Girya"},{"floor":40,"key":"Pantograph"},{"floor":43,"key":"Kunai"},{"floor":45,"key":"Happy Flower"}],"event_choices":[{"event_name":"The Woman in Blue","player_choice":"Bought 1 Potion","floor":3,"damage_taken":0},{"event_name":"Golden Shrine","player_choice":"Pray","floor":10,"damage_taken":0},{"event_name":"Nest","player_choice":"Joined the Cult","floor":19,"damage_taken":0},{"event_name":"Forgotten Altar","player_choice":"Shed Blood","floor":20,"damage_taken":0},{"event_name":"SensoryStone","player_choice":"Memory 1","floor":38,"damage_taken":0}],"boss_relics":[{"not_picked":["Philosopher\u0027s Stone","Snecko Eye"],"picked":"Velvet Choker"},{"not_picked":["Fusion Hammer","Ring of the Serpent"],"picked":"Calling Bell"}],"items_purged_floors":[36],"is_endless":false,"potions_floor_spawned":[2,7,8,14,16,18,27,30,33,40,42,45,47],"ascension_level":15}