{"gold_per_floor":[116,116,116,127,77,77,112,122,169,224,224,240,9,35,35,111,111,126,137,87,115,127,127,127,152,199,199,249,278,325,337,349,436,448,470,704,495,506,102,133,147,176,176,203,478,478,488,522,522,522,522],"floor_reached":52,"playtime":2641,"items_purged":["Strike_R","Strike_R","Strike_R","Strike_R","Defend_R"],"score":2489,"play_id":"39b47cf9-ec56-4a49-b0c8-2e0c0b6c213a","local_time":"20180928213116","is_ascension_mode":true,"campfire_choices":[{"data":"Whirlwind","floor":6.0,"key":"SMITH"},{"data":"Entrench","floor":11.0,"key":"SMITH"},{"data":"Barricade","floor":15.0,"key":"SMITH"},{"data":"True Grit","floor":23.0,"key":"SMITH"},{"data":"Shockwave","floor":27.0,"key":"SMITH"},{"floor":32.0,"key":"REST"},{"floor":49,"key":"REST"}],"neow_cost":"NONE","seed_source_timestamp":8865511113975,"circlet_count":0,"master_deck":["Strike_R","Defend_R","Defend_R","Defend_R","Bash","AscendersBane","Entrench+1","Whirlwind+1","Shockwave+1","True Grit+1","Immolate","Barricade+1","Exhume","Flame Barrier+1","Headbutt","Shrug It Off","Impervious","Power Through","Burning Pact+1","Second Wind+1","Infernal Blade+1"],"special_seed":0,"relics":["Burning Blood","NeowsBlessing","Smiling Mask","Omamori","Bag of Preparation","Anchor","Happy Flower","Sozu","Red Mask","WingedGreaves","Juzu Bracelet","MawBank","Red Skull","Sundial","Fusion Hammer","PreservedInsect","Bird Faced Urn","Shuriken","Dodecahedron","Lantern","Potion Belt","Art of War"],"potions_floor_usage":[],"damage_taken":[{"damage":0.0,"enemies":"2 Louse","floor":1.0,"turns":1.0},{"damage":0.0,"enemies":"Jaw Worm","floor":4.0,"turns":1.0},{"damage":0.0,"enemies":"3 Sentries","floor":7.0,"turns":2.0},{"damage":10.0,"enemies":"Small Slimes","floor":8.0,"turns":3.0},{"damage":24.0,"enemies":"Gremlin Nob","floor":10.0,"turns":4.0},{"damage":3.0,"enemies":"Looter","floor":12.0,"turns":3.0},{"damage":6.0,"enemies":"Gremlin Nob","floor":14.0,"turns":3.0},{"damage":18.0,"enemies":"Slime Boss","floor":16.0,"turns":18.0},{"damage":13.0,"enemies":"2 Thieves","floor":18.0,"turns":3.0},{"damage":14.0,"enemies":"Shell Parasite","floor":19.0,"turns":15.0},{"damage":0.0,"enemies":"Masked Bandits","floor":21.0,"turns":2.0},{"damage":0.0,"enemies":"Shelled Parasite and Fungi","floor":22.0,"turns":7.0},{"damage":15.0,"enemies":"Slavers","floor":25.0,"turns":3.0},{"damage":15.0,"enemies":"Gremlin Leader","floor":29.0,"turns":6.0},{"damage":46.0,"enemies":"Book of Stabbing","floor":30.0,"turns":5.0},{"damage":26.0,"enemies":"Collector","floor":33.0,"turns":17.0},{"damage":0.0,"enemies":"3 Darklings","floor":35.0,"turns":3.0},{"damage":0.0,"enemies":"Orb Walker","floor":38.0,"turns":7.0},{"damage":20.0,"enemies":"Nemesis","floor":40.0,"turns":11.0},{"damage":13.0,"enemies":"3 Darklings","floor":41.0,"turns":7.0},{"damage":0.0,"enemies":"Giant Head","floor":42.0,"turns":14.0},{"damage":3.0,"enemies":"Nemesis","floor":44.0,"turns":19.0},{"damage":0.0,"enemies":"Reptomancer","floor":47.0,"turns":5.0},{"damage":0,"enemies":"2 Orb Walkers","floor":48,"turns":2},{"damage":0,"enemies":"Awakened One","floor":50,"turns":26},{"damage":0,"enemies":"Donu and Deca","floor":51,"turns":17}],"seed_played":"-8300034522126820334","potions_obtained":[{"floor":1.0,"key":"Regen Potion"},{"floor":7.0,"key":"PowerPotion"}],"is_trial":false,"path_per_floor":["M","?","?","M","$","R","E","M","T","?","R","M","$","E","R","B",null,"M","M","$","?","M","R","?","E","T","R","?","E","E","T","R","B",null,"M","?","$","M","$","E","M","E","T","E","?","?","M","E","R","B","B"],"character_chosen":"IRONCLAD","items_purchased":["Immolate","PreservedInsect","Bird Faced Urn"],"campfire_rested":2,"item_purchase_floors":[13,37,39],"current_hp_per_floor":[74,74,67,73,73,73,75,71,71,53,53,56,56,56,56,44,67,69,61,61,67,73,73,73,64,64,64,64,55,15,15,37,17,61,67,67,67,73,73,61,56,64,64,69,69,75,75,75,75,75,75],"gold":522,"neow_bonus":"THREE_ENEMY_KILL","is_prod":false,"is_daily":false,"chose_seed":false,"campfire_upgraded":5,"win_rate":0,"timestamp":1538141476,"path_taken":["M","?","?","M","$","R","E","M","T","?","R","M","?","E","R","BOSS","M","M","?","?","?","R","?","E","T","R","?","E","E","?","R","BOSS","M","?","$","M","$","E","M","E","T","E","?","?","M","E","R","BOSS","BOSS"],"build_version":"2018-09-27","purchased_purges":5,"victory":true,"max_hp_per_floor":[75,75,75,75,75,75,75,75,75,75,75,75,75,75,75,75,75,75,75,75,75,75,75,75,75,75,75,75,75,75,75,75,75,75,75,75,75,75,75,75,75,75,75,75,75,75,75,75,75,75,75],"card_choices":[{"not_picked":["Ghostly Armor","Havoc"],"picked":"Entrench","floor":1.0},{"not_picked":["Body Slam","Headbutt"],"picked":"Whirlwind","floor":4.0},{"not_picked":["Searing Blow","Clash","Seeing Red"],"picked":"SKIP","floor":7.0},{"not_picked":["Rupture","Clothesline"],"picked":"Shockwave","floor":8.0},{"not_picked":["Flame Barrier","Sword Boomerang"],"picked":"True Grit","floor":10.0},{"not_picked":["Uppercut","Clothesline","Armaments"],"picked":"SKIP","floor":12.0},{"not_picked":["Inflame","Wild Strike"],"picked":"Barricade","floor":14.0},{"not_picked":["Barricade","Reaper"],"picked":"Exhume","floor":16.0},{"not_picked":["Clothesline+1","Pommel Strike+1"],"picked":"Flame Barrier+1","floor":18.0},{"not_picked":["Twin Strike","Thunderclap","True Grit"],"picked":"SKIP","floor":19.0},{"not_picked":["Shockwave","Uppercut"],"picked":"Headbutt","floor":21.0},{"not_picked":["Corruption+1","Flex"],"picked":"Shrug It Off","floor":22.0},{"not_picked":["Carnage","Sword Boomerang","Twin Strike"],"picked":"SKIP","floor":25.0},{"not_picked":["Flex","Immolate","Havoc"],"picked":"SKIP","floor":29.0},{"not_picked":["Sever Soul","Flame Barrier"],"picked":"Impervious","floor":30.0},{"not_picked":["Pommel Strike","Armaments","Fire Breathing+1"],"picked":"SKIP","floor":35.0},{"not_picked":["Cleave","Clothesline","Heavy Blade"],"picked":"SKIP","floor":38.0},{"not_picked":["Combust+1","Reckless Charge","Iron Wave"],"picked":"SKIP","floor":40.0},{"not_picked":["Shockwave","Pommel Strike"],"picked":"Power Through","floor":41.0},{"not_picked":["Infernal Blade","Rampage"],"picked":"Burning Pact+1","floor":42.0},{"not_picked":["Entrench","Pommel Strike"],"picked":"Second Wind+1","floor":44.0},{"not_picked":["Combust","Clash","Thunderclap"],"picked":"SKIP","floor":47.0},{"not_picked":["Combust+1","Infernal Blade+1","Thunderclap+1"],"picked":"SKIP","floor":48},{"not_picked":["Combust+1","Infernal Blade+1","Thunderclap+1"],"picked":"SKIP","floor":48},{"not_picked":["Combust+1","Thunderclap+1"],"picked":"Infernal Blade+1","floor":48}],"player_experience":1692655,"relics_obtained":[{"floor":7.0,"key":"Omamori"},{"floor":9.0,"key":"Bag of Preparation"},{"floor":10.0,"key":"Anchor"},{"floor":14.0,"key":"Happy Flower"},{"floor":21.0,"key":"Red Mask"},{"floor":25.0,"key":"WingedGreaves"},{"floor":26.0,"key":"Juzu Bracelet"},{"floor":29.0,"key":"MawBank"},{"floor":30.0,"key":"Red Skull"},{"floor":31.0,"key":"Sundial"},{"floor":40.0,"key":"Shuriken"},{"floor":42.0,"key":"Dodecahedron"},{"floor":43.0,"key":"Lantern"},{"floor":44.0,"key":"Potion Belt"},{"floor":48,"key":"Art of War"}],"event_choices":[{"event_name":"Big Fish","player_choice":"Box","floor":2.0,"damage_taken":0.0},{"event_name":"Golden Wing","player_choice":"Card Removal","floor":3.0,"damage_taken":0.0},{"event_name":"Dead Adventurer","player_choice":"Searched \u00271\u0027 times","floor":10.0,"damage_taken":0.0},{"event_name":"Masked Bandits","player_choice":"Fought Bandits","floor":21.0,"damage_taken":0.0},{"event_name":"Vampires","player_choice":"Ignored","floor":24.0,"damage_taken":0.0},{"event_name":"Nest","player_choice":"Stole From Cult","floor":28.0,"damage_taken":0.0},{"event_name":"Tomb of Lord Red Mask","player_choice":"Wore Mask","floor":36.0,"damage_taken":0.0},{"event_name":"Golden Shrine","player_choice":"Desecrate","floor":45.0,"damage_taken":0.0},{"event_name":"Winding Halls","player_choice":"Writhe","floor":46.0,"damage_taken":0.0}],"is_beta":false,"boss_relics":[{"not_picked":["Eternal Feather","Calling Bell"],"picked":"Sozu"},{"not_picked":["White Beast Statue","Astrolabe"],"picked":"Fusion Hammer"}],"items_purged_floors":[5,13,20,37,39],"is_endless":false,"potions_floor_spawned":[1,7,10,12,14,18,21,22,25,33,35,38,44,48],"ascension_level":20}