{"gold_per_floor":[116,66,141,141,32,32,62,80,80,80,80,99,99,109,109,214,214,231,247,266,67,77,77,77,88,140,40,40,58,58,78,78,179,479,496,496,508,508,508],"floor_reached":39,"playtime":3332,"items_purged":["Strike_G","Strike_G"],"score":457,"play_id":"69727799-dfa7-48cb-ac74-6349a87c3f04","local_time":"20190414235058","is_ascension_mode":true,"campfire_choices":[{"data":"Bane","floor":6.0,"key":"SMITH"},{"data":"A Thousand Cuts","floor":13.0,"key":"SMITH"},{"data":"Noxious Fumes","floor":15.0,"key":"SMITH"},{"floor":23.0,"key":"REST"},{"floor":30.0,"key":"REST"},{"floor":32.0,"key":"REST"}],"neow_cost":"NONE","seed_source_timestamp":50445654061398,"circlet_count":0,"master_deck":["Defend_G","Defend_G","Defend_G","Defend_G","Defend_G","Strike_G","Strike_G","Survivor","Neutralize","Bane+1","Escape Plan","A Thousand Cuts+1","Noxious Fumes+1","Footwork","Deadly Poison","Envenom+1","Caltrops","Flying Knee+1","Catalyst+1","J.A.X.","Bouncing Flask","Poisoned Stab","Burst","Regret","Shame","Shame","Writhe"],"special_seed":0,"relics":["Eternal Feather","Meat on the Bone","Letter Opener","Vajra","GremlinMask","Velvet Choker","ClockworkSouvenir","Lantern","Calling Bell","Juzu Bracelet","Singing Bowl","Old Coin"],"potions_floor_usage":[],"damage_taken":[{"damage":5.0,"enemies":"Jaw Worm","floor":1.0,"turns":5.0},{"damage":36.0,"enemies":"3 Sentries","floor":7.0,"turns":16.0},{"damage":0.0,"enemies":"2 Louse","floor":8.0,"turns":3.0},{"damage":3.0,"enemies":"Cultist","floor":12.0,"turns":4.0},{"damage":6.0,"enemies":"3 Louse","floor":14.0,"turns":4.0},{"damage":22.0,"enemies":"Hexaghost","floor":16.0,"turns":9.0},{"damage":16.0,"enemies":"Spheric Guardian","floor":18.0,"turns":4.0},{"damage":16.0,"enemies":"Chosen","floor":19.0,"turns":5.0},{"damage":25.0,"enemies":"Centurion and Healer","floor":20.0,"turns":5.0},{"damage":25.0,"enemies":"Snake Plant","floor":22.0,"turns":3.0},{"damage":39.0,"enemies":"Shelled Parasite and Fungi","floor":25.0,"turns":6.0},{"damage":23.0,"enemies":"Chosen and Byrds","floor":29.0,"turns":5.0},{"damage":27.0,"enemies":"Snake Plant","floor":31.0,"turns":4.0},{"damage":58.0,"enemies":"Champ","floor":33.0,"turns":8.0},{"damage":31.0,"enemies":"Orb Walker","floor":35.0,"turns":4.0},{"damage":43.0,"enemies":"3 Shapes","floor":37.0,"turns":4.0},{"damage":33,"enemies":"Spire Growth","floor":39,"turns":3}],"seed_played":"6831773114549146345","potions_obtained":[{"floor":7.0,"key":"Weak Potion"},{"floor":12.0,"key":"SneckoOil"},{"floor":14.0,"key":"Explosive Potion"},{"floor":16.0,"key":"Ancient Potion"},{"floor":18.0,"key":"FairyPotion"},{"floor":22.0,"key":"SteroidPotion"},{"floor":29.0,"key":"SpeedPotion"},{"floor":31.0,"key":"Energy Potion"},{"floor":35.0,"key":"Explosive Potion"}],"is_trial":false,"path_per_floor":["M","?","?","?","$","R","E","M","T","?","?","M","R","M","R","B",null,"M","M","M","$","M","R","?","M","T","$","?","M","R","M","R","B",null,"M","?","M","?","M"],"character_chosen":"THE_SILENT","items_purchased":["Escape Plan","ClockworkSouvenir"],"campfire_rested":3,"item_purchase_floors":[5,21],"current_hp_per_floor":[65,65,54,54,54,60,36,36,36,59,59,56,65,59,68,46,70,54,38,25,25,19,52,52,25,25,25,25,14,47,32,65,19,70,41,59,30,30,0],"gold":508,"neow_bonus":"BOSS_RELIC","is_prod":false,"is_daily":false,"chose_seed":false,"campfire_upgraded":3,"win_rate":0,"timestamp":1555282258,"path_taken":["M","?","?","?","$","R","E","?","T","?","?","M","R","M","R","BOSS","M","M","M","?","?","R","?","M","T","$","?","M","R","M","R","BOSS","M","?","M","?","M"],"build_version":"2019-01-23","purchased_purges":2,"victory":false,"max_hp_per_floor":[70,70,70,70,70,70,70,70,70,70,70,70,70,70,70,70,70,70,70,70,70,70,70,70,70,70,70,70,70,70,70,70,70,70,72,72,74,74,74],"card_choices":[{"not_picked":["Cloak And Dagger","Endless Agony"],"picked":"Bane","floor":1.0},{"not_picked":["Prepared","Flying Knee"],"picked":"A Thousand Cuts","floor":7.0},{"not_picked":["Bane","Calculated Gamble"],"picked":"Noxious Fumes","floor":8.0},{"not_picked":["Acrobatics","Deflect"],"picked":"Footwork","floor":12.0},{"not_picked":["Slice","Masterful Stab"],"picked":"Deadly Poison","floor":14.0},{"not_picked":["Unload","Phantasmal Killer"],"picked":"Envenom","floor":16.0},{"not_picked":["Underhanded Strike","Blade Dance"],"picked":"Caltrops","floor":18.0},{"not_picked":["Reflex","Dagger Spray"],"picked":"Flying Knee+1","floor":19.0},{"not_picked":["Deadly Poison","Infinite Blades"],"picked":"Catalyst+1","floor":20.0},{"not_picked":["Eviscerate","Slice","Infinite Blades"],"picked":"SKIP","floor":22.0},{"not_picked":["Expertise+1","Sucker Punch","Cloak And Dagger"],"picked":"SKIP","floor":25.0},{"not_picked":["Cloak And Dagger","Accuracy"],"picked":"Bouncing Flask","floor":29.0},{"not_picked":["Slice","Tactician"],"picked":"Poisoned Stab","floor":31.0},{"not_picked":["Wraith Form v2","Die Die Die"],"picked":"Burst","floor":33.0},{"not_picked":["Deflect+1","Blade Dance+1","Quick Slash+1"],"picked":"Singing Bowl","floor":35.0},{"not_picked":["Riddle With Holes","Calculated Gamble","Quick Slash"],"picked":"Singing Bowl","floor":37.0}],"player_experience":632056,"relics_obtained":[{"floor":4.0,"key":"Meat on the Bone"},{"floor":7.0,"key":"Letter Opener"},{"floor":9.0,"key":"Vajra"},{"floor":26.0,"key":"Lantern"},{"floor":34.0,"key":"Juzu Bracelet"},{"floor":34.0,"key":"Singing Bowl"},{"floor":34.0,"key":"Old Coin"}],"event_choices":[{"cards_removed":["Strike_G"],"damage_healed":0.0,"max_hp_gain":0.0,"max_hp_loss":0.0,"gold_gain":0.0,"event_name":"The Cleric","player_choice":"Card Removal","floor":2.0,"gold_loss":50.0,"damage_taken":0.0},{"damage_healed":0.0,"max_hp_gain":0.0,"max_hp_loss":0.0,"gold_gain":75.0,"event_name":"World of Goop","player_choice":"Gather Gold","floor":3.0,"gold_loss":0.0,"damage_taken":11.0},{"damage_healed":0.0,"max_hp_gain":0.0,"max_hp_loss":0.0,"gold_gain":0.0,"event_name":"Wheel of Change","player_choice":"Relic","floor":4.0,"gold_loss":0.0,"damage_taken":0.0},{"damage_healed":23.0,"max_hp_gain":0.0,"max_hp_loss":0.0,"gold_gain":0.0,"event_name":"Big Fish","player_choice":"Banana","floor":10.0,"gold_loss":0.0,"damage_taken":0.0},{"damage_healed":0.0,"max_hp_gain":0.0,"max_hp_loss":0.0,"gold_gain":0.0,"event_name":"FaceTrader","player_choice":"Trade","floor":11.0,"gold_loss":0.0,"damage_taken":0.0,"relics_obtained":["GremlinMask"]},{"damage_healed":0.0,"max_hp_gain":0.0,"max_hp_loss":0.0,"gold_gain":0.0,"event_name":"Drug Dealer","player_choice":"Obtain J.A.X.","floor":24.0,"gold_loss":0.0,"damage_taken":0.0,"cards_obtained":["J.A.X."]},{"damage_healed":0.0,"max_hp_gain":0.0,"max_hp_loss":0.0,"gold_gain":0.0,"event_name":"Accursed Blacksmith","player_choice":"Forge","floor":28.0,"gold_loss":0.0,"damage_taken":0.0,"cards_upgraded":["Envenom"]},{"damage_healed":18.0,"max_hp_gain":0.0,"max_hp_loss":0.0,"gold_gain":0.0,"event_name":"Winding Halls","player_choice":"Writhe","floor":36.0,"gold_loss":0.0,"damage_taken":0.0,"cards_obtained":["Writhe"]},{"damage_healed":0.0,"max_hp_gain":0.0,"max_hp_loss":0.0,"gold_gain":0.0,"event_name":"Mysterious Sphere","player_choice":"Ignored","floor":38.0,"gold_loss":0.0,"damage_taken":0.0}],"is_beta":false,"boss_relics":[{"not_picked":["Coffee Dripper","Empty Cage"],"picked":"Velvet Choker"},{"not_picked":["Cursed Key","Fusion Hammer"],"picked":"Calling Bell"}],"items_purged_floors":[5,27],"is_endless":false,"potions_floor_spawned":[7,12,14,16,18,22,29,31,35],"killed_by":"Spire Growth","ascension_level":4}