{"gold_per_floor":[113,388,408,426,439,468,468],"floor_reached":7,"playtime":203,"items_purged":[],"score":106,"play_id":"3b8f26ff-0b21-4c8a-8960-eb41f794b99c","local_time":"20190408171158","is_ascension_mode":true,"campfire_choices":[],"neow_cost":"NONE","seed_source_timestamp":10795394744600,"circlet_count":0,"master_deck":["AscendersBane","Strike_B","Strike_B","Strike_B","Strike_B","Defend_B+1","Defend_B","Defend_B","Defend_B","Zap","Dualcast","Chaos+1","Regret","Melter","Hologram","Echo Form"],"relics":["Cracked Core","NeowsBlessing","War Paint"],"potions_floor_usage":[6],"damage_taken":[{"damage":0,"enemies":"Small Slimes","floor":1,"turns":1},{"damage":0,"enemies":"Cultist","floor":3,"turns":1},{"damage":0,"enemies":"2 Louse","floor":4,"turns":1},{"damage":9,"enemies":"Exordium Wildlife","floor":5,"turns":3},{"damage":47,"enemies":"Gremlin Nob","floor":6,"turns":4},{"damage":0,"enemies":"3 Louse","floor":7,"turns":1}],"seed_played":"6480923220068712105","potions_obtained":[{"floor":1,"key":"SkillPotion"},{"floor":3,"key":"FearPotion"}],"is_trial":false,"path_per_floor":["M","?","M","M","M","E","M"],"character_chosen":"DEFECT","items_purchased":[],"campfire_rested":0,"item_purchase_floors":[],"current_hp_per_floor":[64,64,64,64,55,8,8],"gold":468,"neow_bonus":"THREE_ENEMY_KILL","is_prod":false,"is_daily":false,"chose_seed":false,"campfire_upgraded":0,"win_rate":0,"timestamp":1554714718,"path_taken":["M","?","M","?","?","E","?"],"build_version":"2019-04-04","purchased_purges":0,"victory":false,"max_hp_per_floor":[71,71,71,71,71,71,71],"card_choices":[{"not_picked":["White Noise","Sweeping Beam"],"picked":"Chaos","floor":1},{"not_picked":["Rebound","Storm","Blizzard"],"picked":"SKIP","floor":3},{"not_picked":["Loop","Self Repair"],"picked":"Melter","floor":4},{"not_picked":["Stack","Rip and Tear","Hologram"],"picked":"SKIP","floor":5},{"not_picked":["Stack","Rip and Tear","Hologram"],"picked":"SKIP","floor":5},{"not_picked":["Stack","Rip and Tear"],"picked":"Hologram","floor":5},{"not_picked":["Go for the Eyes","Aggregate"],"picked":"Echo Form","floor":6}],"player_experience":1365930,"relics_obtained":[{"floor":6,"key":"War Paint"}],"event_choices":[{"damage_healed":0,"gold_gain":275,"player_choice":"Desecrate","damage_taken":0,"max_hp_gain":0,"max_hp_loss":0,"event_name":"Golden Shrine","floor":2,"gold_loss":0,"cards_obtained":["Regret"]}],"is_beta":true,"boss_relics":[],"items_purged_floors":[],"is_endless":false,"potions_floor_spawned":[1,3],"killed_by":"3 Louse","ascension_level":20}