{"gold_per_floor":[117,127,77,88,263,293,85,96,96,76,76,76,90,118,118,223,223,240,240,253,96,96],"floor_reached":22,"playtime":3390,"items_purged":["Doubt"],"score":216,"play_id":"9f2cf98e-be4b-4242-9d54-250385bf3fb6","local_time":"20190124235547","is_ascension_mode":true,"campfire_choices":[{"data":"Rampage","floor":12.0,"key":"SMITH"},{"data":"Anger","floor":15,"key":"SMITH"}],"neow_cost":"PERCENT_DAMAGE","seed_source_timestamp":0,"circlet_count":0,"master_deck":["Strike_R","Strike_R","Defend_R","Defend_R","Defend_R","Bash","Panacea","Bandage Up","Spot Weakness","Headbutt","Warcry","Battle Trance","PanicButton","Whirlwind","Anger+1","True Grit","Sword Boomerang","Rampage+1","Anger","Sword Boomerang","Iron Wave","Exhume","Clothesline+1","Carnage+1","Warcry+1","Metallicize+1","Reckless Charge+1","Twin Strike+1","Shrug It Off"],"special_seed":0,"relics":["Burning Blood","Prayer Wheel","Unceasing Top","StoneCalendar","Turnip","Astrolabe","Red Skull"],"potions_floor_usage":[16,16,22],"damage_taken":[{"damage":5.0,"enemies":"2 Louse","floor":1.0,"turns":3.0},{"damage":10.0,"enemies":"Small Slimes","floor":2.0,"turns":4.0},{"damage":6.0,"enemies":"Cultist","floor":4.0,"turns":3.0},{"damage":46.0,"enemies":"3 Sentries","floor":6.0,"turns":10.0},{"damage":7.0,"enemies":"3 Louse","floor":8.0,"turns":3.0},{"damage":2.0,"enemies":"Exordium Thugs","floor":10.0,"turns":5.0},{"damage":1.0,"enemies":"2 Fungi Beasts","floor":13.0,"turns":3.0},{"damage":23.0,"enemies":"Lagavulin","floor":14.0,"turns":5.0},{"damage":37,"enemies":"The Guardian","floor":16,"turns":7},{"damage":23,"enemies":"2 Thieves","floor":18,"turns":4},{"damage":17,"enemies":"3 Byrds","floor":20,"turns":6},{"damage":45,"enemies":"Shelled Parasite and Fungi","floor":22,"turns":3}],"seed_played":"3669576148307629299","potions_obtained":[{"floor":2.0,"key":"Strength Potion"},{"floor":13.0,"key":"SkillPotion"},{"floor":14,"key":"Strength Potion"},{"floor":16,"key":"AttackPotion"},{"floor":20,"key":"SteroidPotion"}],"is_trial":false,"path_per_floor":["M","M","?","M","?","E","$","M","T","M","?","R","M","E","R","B",null,"M","?","M","$","M"],"character_chosen":"IRONCLAD","items_purchased":["PanicButton","Whirlwind","Red Skull"],"campfire_rested":0,"item_purchase_floors":[7,7,21],"current_hp_per_floor":[61,61,61,65,65,29,29,32,32,40,40,40,49,36,36,9,80,63,48,41,41,0],"gold":96,"neow_bonus":"RANDOM_COLORLESS_2","is_prod":false,"is_daily":false,"chose_seed":false,"campfire_upgraded":2,"win_rate":0,"timestamp":1548381347,"path_taken":["M","M","?","M","?","E","$","M","T","M","?","R","M","E","R","BOSS","M","?","M","$","M"],"build_version":"2019-01-23","purchased_purges":1,"victory":false,"max_hp_per_floor":[80,80,80,80,80,80,80,80,80,80,80,80,80,80,80,80,80,80,85,85,85,85],"card_choices":[{"not_picked":["Havoc","Headbutt"],"picked":"Spot Weakness","floor":1.0},{"not_picked":["Pummel","Cleave"],"picked":"Headbutt","floor":2.0},{"not_picked":["Intimidate","Entrench"],"picked":"Warcry","floor":4.0},{"not_picked":["Barricade","Dropkick"],"picked":"Battle Trance","floor":6.0},{"not_picked":["Clothesline","Wild Strike"],"picked":"Anger","floor":8.0},{"not_picked":["Thunderclap","Sever Soul"],"picked":"True Grit","floor":8.0},{"not_picked":["Pommel Strike","True Grit"],"picked":"Sword Boomerang","floor":10.0},{"not_picked":["Dual Wield","Wild Strike"],"picked":"Rampage","floor":10.0},{"not_picked":["Iron Wave","Thunderclap"],"picked":"Anger","floor":13.0},{"not_picked":["Impervious","Clash"],"picked":"Sword Boomerang","floor":13.0},{"not_picked":["Reckless Charge","Havoc"],"picked":"Iron Wave","floor":14},{"not_picked":["Double Tap","Reaper"],"picked":"Exhume","floor":16},{"not_picked":["Body Slam","Sword Boomerang"],"picked":"Metallicize+1","floor":18},{"not_picked":["Wild Strike","Intimidate"],"picked":"Reckless Charge+1","floor":18},{"not_picked":["Wild Strike+1","Heavy Blade"],"picked":"Twin Strike+1","floor":20},{"not_picked":["Warcry","Clash"],"picked":"Shrug It Off","floor":20}],"player_experience":114420,"relics_obtained":[{"floor":6.0,"key":"Prayer Wheel"},{"floor":9.0,"key":"Unceasing Top"},{"floor":11.0,"key":"StoneCalendar"},{"floor":14,"key":"Turnip"}],"event_choices":[{"cards_removed":["Strike_R"],"damage_healed":0.0,"max_hp_gain":0.0,"max_hp_loss":0.0,"gold_gain":0.0,"event_name":"The Cleric","player_choice":"Card Removal","floor":3.0,"gold_loss":50.0,"damage_taken":0.0},{"damage_healed":0.0,"max_hp_gain":0.0,"max_hp_loss":0.0,"gold_gain":175.0,"event_name":"Liars Game","player_choice":"AGREE","floor":5.0,"gold_loss":0.0,"damage_taken":0.0,"cards_obtained":["Doubt"]},{"damage_healed":0.0,"max_hp_gain":0.0,"max_hp_loss":0.0,"gold_gain":0.0,"event_name":"Wheel of Change","player_choice":"Relic","floor":11.0,"gold_loss":0.0,"damage_taken":0.0},{"damage_healed":0,"gold_gain":0,"player_choice":"Shed Blood","damage_taken":20,"max_hp_gain":5,"max_hp_loss":0,"event_name":"Forgotten Altar","floor":19,"gold_loss":0}],"is_beta":false,"boss_relics":[{"not_picked":["Runic Dome","Philosopher\u0027s Stone"],"picked":"Astrolabe"}],"items_purged_floors":[7],"is_endless":false,"potions_floor_spawned":[2,13,14,16,20],"killed_by":"Shelled Parasite and Fungi","ascension_level":2}