{"gold_per_floor":[116,41,51,62,62,96,96,96,96,7,22,22,42,42,42,162,162,186,37,52,70,84,84,9,9,83,83,106,106,130,164,164,164],"floor_reached":33,"playtime":4508,"items_purged":["Strike_R","Strike_R"],"score":267,"play_id":"cd70611c-7443-479f-9fcb-8d7bc813cb75","local_time":"20190322110621","is_ascension_mode":false,"campfire_choices":[{"data":"Rage","floor":7,"key":"SMITH"},{"floor":15,"key":"REST"},{"floor":23,"key":"REST"},{"data":"Pommel Strike","floor":25,"key":"SMITH"},{"floor":32,"key":"REST"}],"neow_cost":"NONE","seed_source_timestamp":612582796082400,"circlet_count":0,"master_deck":["Defend_R","Defend_R","Bash","Sword Boomerang","Rage+1","Ghostly Armor","Flash of Steel","Shrug It Off","Bludgeon","Feed","Pommel Strike+1","Cleave","Twin Strike+1","Anger","Jack Of All Trades"],"relics":["Burning Blood","Magic Flower","Ornamental Fan","Sundial","Golden Idol","Empty Cage","Mummified Hand","Oddly Smooth Stone"],"potions_floor_usage":[11,20,20,22,31,31],"damage_taken":[{"damage":11,"enemies":"2 Louse","floor":1,"turns":3},{"damage":6,"enemies":"Jaw Worm","floor":3,"turns":3},{"damage":0,"enemies":"Small Slimes","floor":4,"turns":3},{"damage":42,"enemies":"Lagavulin","floor":6,"turns":9},{"damage":13,"enemies":"3 Louse","floor":11,"turns":4},{"damage":0,"enemies":"Large Slime","floor":13,"turns":6},{"damage":38,"enemies":"Slime Boss","floor":16,"turns":9},{"damage":30,"enemies":"Spheric Guardian","floor":18,"turns":7},{"damage":14,"enemies":"Shell Parasite","floor":20,"turns":10},{"damage":9,"enemies":"Snecko","floor":21,"turns":7},{"damage":26,"enemies":"Centurion and Healer","floor":22,"turns":9},{"damage":21,"enemies":"Shelled Parasite and Fungi","floor":28,"turns":9},{"damage":6,"enemies":"Chosen and Byrds","floor":30,"turns":6},{"damage":36,"enemies":"Book of Stabbing","floor":31,"turns":6},{"damage":81,"enemies":"Collector","floor":33,"turns":11}],"seed_played":"7965958633915510823","potions_obtained":[{"floor":6,"key":"SkillPotion"},{"floor":11,"key":"Block Potion"},{"floor":13,"key":"SpeedPotion"},{"floor":18,"key":"Ancient Potion"},{"floor":20,"key":"PowerPotion"},{"floor":30,"key":"Strength Potion"}],"is_trial":false,"path_per_floor":["M","$","M","M","?","E","R","?","T","$","M","?","M","?","R","B",null,"M","$","M","M","M","R","?","R","T","?","M","?","M","E","R","B"],"character_chosen":"IRONCLAD","items_purchased":["Flash of Steel","Cleave"],"campfire_rested":3,"item_purchase_floors":[10,19],"current_hp_per_floor":[75,75,75,80,80,44,44,26,26,26,22,22,31,24,46,17,74,53,53,53,53,41,65,65,65,65,65,58,58,66,39,64,0],"gold":164,"neow_bonus":"RANDOM_COLORLESS","is_prod":false,"is_daily":false,"chose_seed":false,"campfire_upgraded":2,"win_rate":0.0,"timestamp":1553245581,"path_taken":["M","$","M","M","?","E","R","?","T","?","M","?","M","?","R","BOSS","M","$","M","M","M","R","?","R","T","?","M","?","?","E","R","BOSS"],"build_version":"2019-01-23","purchased_purges":2,"victory":false,"max_hp_per_floor":[80,80,80,80,80,80,80,80,80,80,80,74,74,74,74,74,74,74,74,77,77,80,80,80,80,80,80,83,83,86,86,86,86],"card_choices":[{"not_picked":["Havoc","Clash"],"picked":"Sword Boomerang","floor":1},{"not_picked":["True Grit","Sever Soul"],"picked":"Rage","floor":3},{"not_picked":["Evolve","True Grit","Second Wind"],"picked":"SKIP","floor":4},{"not_picked":["Evolve","Second Wind"],"picked":"Ghostly Armor","floor":6},{"not_picked":["Warcry","Rupture"],"picked":"Shrug It Off","floor":11},{"not_picked":["Thunderclap","Corruption"],"picked":"Bludgeon","floor":13},{"not_picked":["Barricade","Juggernaut"],"picked":"Feed","floor":16},{"not_picked":["Twin Strike","Spot Weakness"],"picked":"Pommel Strike","floor":18},{"not_picked":["Battle Trance","Corruption"],"picked":"Twin Strike+1","floor":20},{"not_picked":["Sword Boomerang+1","Clash+1","Armaments"],"picked":"SKIP","floor":21},{"not_picked":["Wild Strike","Armaments+1"],"picked":"Anger","floor":22},{"not_picked":["Heavy Blade+1","Clash+1","Pummel"],"picked":"SKIP","floor":28},{"not_picked":["Barricade","Perfected Strike","Pommel Strike"],"picked":"SKIP","floor":30},{"not_picked":["Bludgeon","Shrug It Off","Headbutt"],"picked":"SKIP","floor":31}],"player_experience":21763,"relics_obtained":[{"floor":6,"key":"Magic Flower"},{"floor":9,"key":"Sundial"},{"floor":26,"key":"Mummified Hand"},{"floor":31,"key":"Oddly Smooth Stone"}],"event_choices":[{"damage_healed":0,"gold_gain":0,"player_choice":"Ignored","damage_taken":0,"max_hp_gain":0,"max_hp_loss":0,"event_name":"Liars Game","floor":5,"gold_loss":0},{"damage_healed":0,"gold_gain":0,"player_choice":"Success","damage_taken":18,"relics_obtained":["Ornamental Fan"],"max_hp_gain":0,"max_hp_loss":0,"event_name":"Scrap Ooze","floor":8,"gold_loss":0},{"damage_healed":0,"gold_gain":0,"player_choice":"Lose Max HP","damage_taken":0,"relics_obtained":["Golden Idol"],"max_hp_gain":0,"max_hp_loss":6,"event_name":"Golden Idol","floor":12,"gold_loss":0},{"cards_removed":["Strike_R"],"damage_healed":0,"gold_gain":0,"player_choice":"Card Removal","damage_taken":7,"max_hp_gain":0,"max_hp_loss":0,"event_name":"Golden Wing","floor":14,"gold_loss":0},{"cards_removed":["Defend_R"],"damage_healed":0,"gold_gain":0,"player_choice":"Gave Gold","damage_taken":0,"max_hp_gain":0,"max_hp_loss":0,"event_name":"Beggar","floor":24,"gold_loss":75},{"cards_removed":["Defend_R"],"damage_healed":0,"gold_gain":0,"player_choice":"Elegance","damage_taken":0,"max_hp_gain":0,"max_hp_loss":0,"event_name":"Back to Basics","floor":27,"gold_loss":0},{"damage_healed":0,"gold_gain":0,"cards_transformed":["Panacea"],"player_choice":"Transformed","damage_taken":0,"max_hp_gain":0,"max_hp_loss":0,"event_name":"Transmorgrifier","floor":29,"gold_loss":0,"cards_obtained":["Jack Of All Trades"]}],"is_beta":false,"boss_relics":[{"not_picked":["Coffee Dripper","Busted Crown"],"picked":"Empty Cage"}],"items_purged_floors":[2,19],"is_endless":false,"potions_floor_spawned":[6,11,13,18,20,30],"killed_by":"Collector","ascension_level":0}