{"gold_per_floor":[119,3,3,18,39,39,74,90,90,130,24,24,54,0,0,89,89,112,130,20,43,67,67,67],"floor_reached":24,"playtime":2001,"items_purged":["Shame"],"score":412,"play_id":"f3a69596-0a08-4896-84e1-f5784428dac4","local_time":"20190416151432","is_ascension_mode":true,"campfire_choices":[{"data":"Bash","floor":6,"key":"SMITH"},{"floor":12,"key":"REST"},{"floor":15,"key":"REST"},{"floor":23,"key":"REST"}],"neow_cost":"CURSE","seed_source_timestamp":2362853186736500,"circlet_count":0,"master_deck":["AscendersBane","Strike_R","Strike_R","Strike_R","Strike_R","Defend_R","Defend_R","Defend_R","Defend_R+1","Bash+1","Rage","Reckless Charge","Feel No Pain","Twin Strike","Flame Barrier","Metallicize","Thunderclap","Offering","Battle Trance+1","Rage+1","True Grit+1","Warcry"],"relics":["Burning Blood","Torii","Golden Idol","Potion Belt","Matryoshka","Ginger","Tiny Chest","Runic Pyramid"],"potions_floor_usage":[10,16,16,22,22],"damage_taken":[{"damage":16,"enemies":"Small Slimes","floor":1,"turns":4},{"damage":7,"enemies":"Jaw Worm","floor":4,"turns":4},{"damage":0,"enemies":"2 Louse","floor":5,"turns":3},{"damage":41,"enemies":"Gremlin Nob","floor":7,"turns":5},{"damage":12,"enemies":"Blue Slaver","floor":8,"turns":4},{"damage":17,"enemies":"Lagavulin","floor":10,"turns":7},{"damage":31,"enemies":"Slime Boss","floor":16,"turns":10},{"damage":32,"enemies":"Spheric Guardian","floor":18,"turns":8},{"damage":20,"enemies":"3 Byrds","floor":19,"turns":7},{"damage":11,"enemies":"Centurion and Healer","floor":21,"turns":15},{"damage":6,"enemies":"Snake Plant","floor":22,"turns":5},{"damage":50,"enemies":"Gremlin Leader","floor":24,"turns":12}],"seed_played":"-751263861739717705","potions_obtained":[{"floor":7,"key":"SteroidPotion"},{"floor":10,"key":"Strength Potion"},{"floor":18,"key":"Dexterity Potion"}],"is_trial":false,"path_per_floor":["M","$","?","M","M","R","E","M","T","E","$","R","?","?","R","B",null,"M","M","?","M","M","R","E"],"character_chosen":"IRONCLAD","items_purchased":["Reckless Charge","Explosive Potion","AttackPotion"],"campfire_rested":3,"item_purchase_floors":[2,11,11],"current_hp_per_floor":[58,58,58,57,63,63,28,22,22,11,11,31,20,20,40,15,55,29,15,15,10,10,30,0],"gold":67,"neow_bonus":"ONE_RARE_RELIC","is_prod":false,"is_daily":false,"chose_seed":false,"campfire_upgraded":1,"win_rate":0,"timestamp":1555424072,"path_taken":["M","$","?","M","M","R","E","M","T","E","$","R","?","?","R","BOSS","M","M","?","M","?","R","E"],"build_version":"2019-01-23","purchased_purges":1,"victory":false,"max_hp_per_floor":[75,75,68,68,68,68,68,68,68,68,68,68,68,68,68,68,68,68,68,68,68,68,68,68],"card_choices":[{"not_picked":["True Grit","Warcry"],"picked":"Rage","floor":1},{"not_picked":["Reckless Charge","Clothesline"],"picked":"Feel No Pain","floor":4},{"not_picked":["Cleave","Thunderclap"],"picked":"Twin Strike","floor":5},{"not_picked":["Armaments","Combust"],"picked":"Flame Barrier","floor":7},{"not_picked":["Wild Strike","Sword Boomerang"],"picked":"Metallicize","floor":8},{"not_picked":["Dark Embrace","Havoc"],"picked":"Thunderclap","floor":10},{"not_picked":["Limit Break","Reaper"],"picked":"Offering","floor":16},{"not_picked":["Pommel Strike","Blood for Blood"],"picked":"Battle Trance+1","floor":18},{"not_picked":["Heavy Blade","Havoc"],"picked":"Rage+1","floor":19},{"not_picked":["Double Tap","Ghostly Armor"],"picked":"True Grit+1","floor":21},{"not_picked":["Carnage","Clothesline"],"picked":"Warcry","floor":22}],"player_experience":2768742,"relics_obtained":[{"floor":7,"key":"Potion Belt"},{"floor":9,"key":"Matryoshka"},{"floor":10,"key":"Ginger"}],"event_choices":[{"damage_healed":0,"gold_gain":0,"player_choice":"Lose Max HP","damage_taken":0,"relics_obtained":["Golden Idol"],"max_hp_gain":0,"max_hp_loss":7,"event_name":"Golden Idol","floor":3,"gold_loss":0},{"damage_healed":0,"gold_gain":0,"player_choice":"Success","damage_taken":11,"relics_obtained":["Tiny Chest"],"max_hp_gain":0,"max_hp_loss":0,"event_name":"Scrap Ooze","floor":13,"gold_loss":0},{"damage_healed":0,"gold_gain":0,"player_choice":"Left Gold","damage_taken":0,"max_hp_gain":0,"max_hp_loss":0,"event_name":"World of Goop","floor":14,"gold_loss":54},{"cards_removed":["Strike_R"],"damage_healed":0,"gold_gain":0,"player_choice":"Upgrade and Remove","damage_taken":0,"max_hp_gain":0,"max_hp_loss":0,"event_name":"Designer","floor":20,"gold_loss":110,"cards_upgraded":["Defend_R"]}],"is_beta":false,"boss_relics":[{"not_picked":["Runic Dome","Astrolabe"],"picked":"Runic Pyramid"}],"items_purged_floors":[2],"is_endless":false,"potions_floor_spawned":[7,10,18],"killed_by":"Gremlin Leader","ascension_level":20}