{"gold_per_floor":[111,36,311,153,168,196,207,207,207,207,236,236,263,279,279,358,358,374,374,333,353,95,95,114,133,133,133,133,161,176,211,211,282,282,296,1295,1349,1364,680,715,746,746,746,431,431,445,445,445,445,445,445],"floor_reached":52,"playtime":2762,"items_purged":["Regret","Defend_R","Normality","Normality"],"score":2057,"play_id":"2649b421-a9fc-43ad-b89d-ced0f0c58268","local_time":"20190106161215","is_ascension_mode":true,"campfire_choices":[{"data":"Uppercut","floor":8.0,"key":"SMITH"},{"data":"Dropkick","floor":10.0,"key":"SMITH"},{"data":"Pommel Strike","floor":15.0,"key":"SMITH"},{"data":"Double Tap","floor":23.0,"key":"SMITH"},{"data":"Power Through","floor":27.0,"key":"SMITH"},{"floor":32.0,"key":"REST"},{"data":"Evolve","floor":42.0,"key":"SMITH"},{"data":"Defend_R","floor":47,"key":"SMITH"},{"data":"Bash","floor":49,"key":"SMITH"}],"neow_cost":"NONE","seed_source_timestamp":2930467408444,"circlet_count":0,"master_deck":["AscendersBane","Defend_R+1","Defend_R+1","Bash+1","Dropkick+1","Uppercut+1","Power Through+1","Second Wind+1","Pommel Strike+1","Double Tap+1","Ghostly Armor+1","Rage+1","Dual Wield+1","Evolve+1","Anger+1","Writhe"],"special_seed":0,"relics":["Burning Blood","NeowsBlessing","Darkstone Periapt","War Paint","Pantograph","Incense Burner","Astrolabe","Bag of Marbles","Kunai","Question Card","Mango","Centennial Puzzle","Coffee Dripper","WingedGreaves","PreservedInsect","Unceasing Top","Red Skull","Pen Nib","Ginger","Vajra"],"potions_floor_usage":[51,51],"damage_taken":[{"damage":0.0,"enemies":"2 Louse","floor":1.0,"turns":1.0},{"damage":0.0,"enemies":"Jaw Worm","floor":5.0,"turns":1.0},{"damage":0.0,"enemies":"Lagavulin","floor":6.0,"turns":1.0},{"damage":1.0,"enemies":"Cultist","floor":7.0,"turns":4.0},{"damage":25.0,"enemies":"3 Sentries","floor":11.0,"turns":8.0},{"damage":12.0,"enemies":"Gremlin Nob","floor":13.0,"turns":4.0},{"damage":3.0,"enemies":"Looter","floor":14.0,"turns":3.0},{"damage":41.0,"enemies":"Slime Boss","floor":16.0,"turns":9.0},{"damage":0.0,"enemies":"Chosen","floor":18.0,"turns":4.0},{"damage":5.0,"enemies":"2 Thieves","floor":20.0,"turns":5.0},{"damage":3.0,"enemies":"Centurion and Healer","floor":21.0,"turns":4.0},{"damage":5.0,"enemies":"Snecko","floor":24.0,"turns":6.0},{"damage":0.0,"enemies":"Snake Plant","floor":25.0,"turns":4.0},{"damage":11.0,"enemies":"Book of Stabbing","floor":29.0,"turns":4.0},{"damage":2.0,"enemies":"Shelled Parasite and Fungi","floor":30.0,"turns":6.0},{"damage":65.0,"enemies":"Gremlin Leader","floor":31.0,"turns":5.0},{"damage":47.0,"enemies":"Automaton","floor":33.0,"turns":12.0},{"damage":62.0,"enemies":"3 Shapes","floor":35.0,"turns":8.0},{"damage":18.0,"enemies":"2 Orb Walkers","floor":37.0,"turns":6.0},{"damage":0.0,"enemies":"3 Darklings","floor":38.0,"turns":8.0},{"damage":34.0,"enemies":"Reptomancer","floor":40.0,"turns":7.0},{"damage":8.0,"enemies":"Giant Head","floor":41.0,"turns":5.0},{"damage":2,"enemies":"Sphere and 2 Shapes","floor":46,"turns":4},{"damage":26,"enemies":"Awakened One","floor":50,"turns":9},{"damage":10,"enemies":"Time Eater","floor":51,"turns":10}],"seed_played":"2120303239985258135","potions_obtained":[{"floor":1.0,"key":"AttackPotion"},{"floor":5.0,"key":"Poison Potion"},{"floor":7.0,"key":"AttackPotion"},{"floor":14.0,"key":"FairyPotion"},{"floor":18.0,"key":"GamblersBrew"},{"floor":29.0,"key":"SkillPotion"},{"floor":31.0,"key":"Dexterity Potion"},{"floor":40.0,"key":"PowerPotion"}],"is_trial":false,"path_per_floor":["M","?","?","$","M","E","M","R","T","R","E","?","E","M","R","B",null,"M","?","M","M","$","R","M","M","T","R","T","E","M","E","R","B",null,"M","?","?","M","$","E","E","R","T","$","?","M","R","?","R","B","B",null],"character_chosen":"IRONCLAD","items_purchased":["Uppercut","Bag of Marbles","PreservedInsect","Unceasing Top","Anger","Vajra"],"campfire_rested":1,"item_purchase_floors":[4,22,39,39,39,44],"current_hp_per_floor":[74,74,74,74,75,75,75,75,75,75,56,49,43,46,46,36,65,71,71,72,75,75,75,75,75,75,75,75,84,88,29,55,39,77,21,33,21,27,27,12,10,10,10,10,10,14,14,40,40,45,66],"gold":445,"neow_bonus":"THREE_ENEMY_KILL","is_prod":false,"is_daily":false,"chose_seed":false,"campfire_upgraded":8,"win_rate":0,"timestamp":1546762335,"path_taken":["M","?","?","$","?","E","M","R","T","R","E","?","E","M","R","BOSS","M","?","M","M","$","R","M","M","T","R","?","E","M","E","R","BOSS","M","?","?","M","$","E","E","R","T","$","?","?","R","?","R","BOSS","BOSS"],"build_version":"2019-01-03v4","purchased_purges":4,"victory":true,"max_hp_per_floor":[75,75,75,75,75,75,75,75,75,75,75,75,75,75,75,75,75,75,75,75,75,75,75,75,75,75,75,75,89,89,89,89,89,89,89,101,101,101,101,101,101,101,101,101,101,101,101,107,107,107,107],"card_choices":[{"not_picked":["Pommel Strike","Armaments"],"picked":"Dropkick","floor":1.0},{"not_picked":["Perfected Strike","Body Slam"],"picked":"Power Through","floor":5.0},{"not_picked":["Heavy Blade","Fire Breathing"],"picked":"Second Wind","floor":6.0},{"not_picked":["Blood for Blood","Havoc","Sever Soul"],"picked":"SKIP","floor":7.0},{"not_picked":["Seeing Red","Impervious"],"picked":"Pommel Strike","floor":11.0},{"not_picked":["Warcry","Body Slam","Sword Boomerang"],"picked":"SKIP","floor":13.0},{"not_picked":["Thunderclap","Wild Strike","Sever Soul"],"picked":"SKIP","floor":14.0},{"not_picked":["Feed","Berserk"],"picked":"Double Tap","floor":16.0},{"not_picked":["Cleave","Heavy Blade","Warcry"],"picked":"SKIP","floor":18.0},{"not_picked":["Thunderclap","Armaments","Body Slam+1"],"picked":"SKIP","floor":20.0},{"not_picked":["Entrench","Fire Breathing","Feel No Pain"],"picked":"SKIP","floor":21.0},{"not_picked":["Flame Barrier+1","Corruption","Searing Blow"],"picked":"SKIP","floor":24.0},{"not_picked":["Anger","Twin Strike","Metallicize"],"picked":"SKIP","floor":25.0},{"not_picked":["Sentinel","True Grit","Fiend Fire","Reaper"],"picked":"SKIP","floor":29.0},{"not_picked":["Anger","True Grit","Power Through"],"picked":"Evolve","floor":30.0},{"not_picked":["Rampage","Carnage","Hemokinesis","Cleave"],"picked":"SKIP","floor":31.0},{"not_picked":["Infernal Blade","True Grit","Dual Wield","Power Through"],"picked":"SKIP","floor":35.0},{"not_picked":["Infernal Blade","Heavy Blade","Warcry","Pommel Strike"],"picked":"SKIP","floor":38.0},{"not_picked":["Pommel Strike","Intimidate","Reaper","Flex+1"],"picked":"SKIP","floor":40.0},{"not_picked":["Warcry","Cleave","Anger","Bloodletting"],"picked":"SKIP","floor":41.0},{"not_picked":["Sever Soul","Havoc","Sword Boomerang","Second Wind"],"picked":"SKIP","floor":46}],"player_experience":2483623,"relics_obtained":[{"floor":6.0,"key":"Darkstone Periapt"},{"floor":9.0,"key":"War Paint"},{"floor":11.0,"key":"Pantograph"},{"floor":13.0,"key":"Incense Burner"},{"floor":26.0,"key":"Kunai"},{"floor":28.0,"key":"Question Card"},{"floor":29.0,"key":"Mango"},{"floor":31.0,"key":"Centennial Puzzle"},{"floor":37.0,"key":"WingedGreaves"},{"floor":40.0,"key":"Red Skull"},{"floor":41.0,"key":"Pen Nib"},{"floor":43.0,"key":"Ginger"}],"event_choices":[{"cards_removed":["Strike_R"],"damage_healed":0.0,"max_hp_gain":0.0,"max_hp_loss":0.0,"gold_gain":0.0,"event_name":"The Cleric","player_choice":"Card Removal","floor":2.0,"gold_loss":75.0,"damage_taken":0.0},{"damage_healed":0.0,"max_hp_gain":0.0,"max_hp_loss":0.0,"gold_gain":275.0,"event_name":"Golden Shrine","player_choice":"Desecrate","floor":3.0,"gold_loss":0.0,"damage_taken":0.0,"cards_obtained":["Regret"]},{"cards_removed":["Strike_R"],"damage_healed":0.0,"max_hp_gain":0.0,"max_hp_loss":0.0,"gold_gain":0.0,"event_name":"Golden Wing","player_choice":"Card Removal","floor":12.0,"gold_loss":0.0,"damage_taken":7.0},{"cards_removed":["Defend_R"],"damage_healed":0.0,"max_hp_gain":0.0,"max_hp_loss":0.0,"gold_gain":0.0,"event_name":"Back to Basics","player_choice":"Elegance","floor":19.0,"gold_loss":0.0,"damage_taken":0.0},{"damage_healed":0.0,"max_hp_gain":0.0,"max_hp_loss":0.0,"gold_gain":999.0,"event_name":"MindBloom","player_choice":"Gold","floor":36.0,"gold_loss":0.0,"damage_taken":0.0,"cards_obtained":["Normality","Normality"]},{"damage_healed":0.0,"max_hp_gain":0.0,"max_hp_loss":0.0,"gold_gain":0.0,"event_name":"Mysterious Sphere","player_choice":"Fight","floor":37.0,"gold_loss":0.0,"damage_taken":0.0},{"damage_healed":0.0,"max_hp_gain":0.0,"max_hp_loss":0.0,"gold_gain":0.0,"event_name":"Upgrade Shrine","player_choice":"Upgraded","floor":45.0,"gold_loss":0.0,"damage_taken":0.0,"cards_upgraded":["Anger"]},{"damage_healed":20,"gold_gain":0,"player_choice":"Writhe","damage_taken":0,"max_hp_gain":0,"max_hp_loss":0,"event_name":"Winding Halls","floor":48,"gold_loss":0,"cards_obtained":["Writhe"]}],"is_beta":false,"boss_relics":[{"not_picked":["White Beast Statue","Black Star"],"picked":"Astrolabe"},{"not_picked":["Eternal Feather","Sozu"],"picked":"Coffee Dripper"}],"items_purged_floors":[4,22,39,44],"is_endless":false,"potions_floor_spawned":[1,5,7,14,18,21,29,31,33,40,46],"ascension_level":20}