{"gold_per_floor":[118,134,134,134,209,209,234,234,261,261,299,319,319,340,340,340],"floor_reached":16,"playtime":483,"items_purged":[],"score":135,"play_id":"11496b16-2f8b-4fea-a0b3-8442ed22d317","local_time":"25610722123458","is_ascension_mode":true,"campfire_choices":[{"data":"Bash","floor":6,"key":"SMITH"},{"floor":10,"key":"REST"},{"floor":13,"key":"REST"},{"floor":15,"key":"REST"}],"neow_cost":"NONE","seed_source_timestamp":10050123208237,"circlet_count":0,"master_deck":["Strike_R+1","Strike_R+1","Strike_R","Strike_R","Defend_R","Defend_R","Defend_R","Defend_R","Bash","Thunderclap","Bash+1","Fire Breathing","Iron Wave","Injury","Flame Barrier","Double Tap+1","Seeing Red+1","Warcry+1","Inflame"],"relics":["Burning Blood","Whetstone","Golden Idol","Dream Catcher","Toxic Egg 2"],"potions_floor_usage":[11,14],"damage_taken":[{"damage":15,"enemies":"Small Slimes","floor":1,"turns":4},{"damage":6,"enemies":"Cultist","floor":2,"turns":3},{"damage":35,"enemies":"3 Sentries","floor":7,"turns":7},{"damage":47,"enemies":"Lagavulin","floor":11,"turns":7},{"damage":2,"enemies":"2 Louse","floor":12,"turns":4},{"damage":7,"enemies":"Exordium Wildlife","floor":14,"turns":4},{"damage":81,"enemies":"Slime Boss","floor":16,"turns":11}],"seed_played":"3774201465839704482","potions_obtained":[{"floor":7,"key":"SteroidPotion"},{"floor":12,"key":"Fruit Juice"}],"is_trial":false,"path_per_floor":["M","M","?","?","?","R","E","?","T","R","E","M","R","M","R"],"character_chosen":"IRONCLAD","items_purchased":[],"campfire_rested":3,"item_purchase_floors":[],"current_hp_per_floor":[79,79,79,72,61,61,32,32,32,58,17,21,47,51,78,0],"gold":340,"neow_bonus":"TEN_PERCENT_HP_BONUS","is_prod":false,"is_daily":false,"chose_seed":false,"campfire_upgraded":1,"win_rate":0,"timestamp":1532237698,"path_taken":["M","M","?","?","?","R","E","?","T","R","E","?","R","M","R","BOSS"],"build_version":"2018-07-19v2","purchased_purges":0,"victory":false,"max_hp_per_floor":[88,88,88,88,88,88,88,88,88,88,88,88,88,93,93,93],"card_choices":[{"not_picked":["Clothesline","Iron Wave","Carnage"],"picked":"SKIP","floor":1},{"not_picked":["Havoc","Carnage"],"picked":"Thunderclap","floor":2},{"not_picked":["Pummel","Dual Wield"],"picked":"Iron Wave","floor":7},{"not_picked":["Shrug It Off","Metallicize"],"picked":"Flame Barrier","floor":10},{"not_picked":["True Grit","Havoc"],"picked":"Double Tap","floor":11},{"not_picked":["Perfected Strike","Body Slam"],"picked":"Seeing Red+1","floor":12},{"not_picked":["Limit Break+1","Body Slam"],"picked":"Warcry+1","floor":13},{"not_picked":["Sword Boomerang","Clash","Rupture"],"picked":"SKIP","floor":14},{"not_picked":["Cleave","Barricade"],"picked":"Inflame","floor":15}],"player_experience":112414,"relics_obtained":[{"floor":7,"key":"Whetstone"},{"floor":9,"key":"Dream Catcher"},{"floor":11,"key":"Toxic Egg 2"}],"event_choices":[{"event_name":"Match and Keep!","player_choice":"2 cards matched","floor":3,"damage_taken":0},{"event_name":"Golden Wing","player_choice":"Card Removal","floor":4,"damage_taken":0},{"event_name":"World of Goop","player_choice":"Gather Gold","floor":5,"damage_taken":0},{"event_name":"Golden Idol","player_choice":"Take Wound","floor":8,"damage_taken":0}],"is_beta":false,"boss_relics":[],"items_purged_floors":[],"is_endless":false,"potions_floor_spawned":[7,12],"killed_by":"Slime Boss","ascension_level":5}