{"gold_per_floor":[115,133,147,163,163,163,190,204,204,236,236,265,58,76,76,153,153,168,168,150,165,11,11,39,39,39,39,58,58,78,5,5,5],"floor_reached":33,"playtime":1258,"items_purged":["Strike_B"],"score":502,"play_id":"f981ae2f-69fd-4d0a-aeb4-f0585a950a0e","local_time":"20181021215812","is_ascension_mode":true,"campfire_choices":[{"data":"Zap","floor":6.0,"key":"SMITH"},{"floor":11.0,"key":"REST"},{"floor":15.0,"key":"REST"},{"floor":23.0,"key":"REST"},{"floor":25.0,"key":"REST"},{"data":"Hologram","floor":29.0,"key":"SMITH"},{"floor":32.0,"key":"REST"}],"neow_cost":"NONE","seed_source_timestamp":51471171647598,"circlet_count":0,"master_deck":["Strike_B","Defend_B+1","Defend_B","Defend_B","Defend_B","Zap+1","Dualcast","AscendersBane","Leap","Coolheaded","FTL","Doom and Gloom","Beam Cell","Loop","Echo Form","Ball Lightning","Cold Snap","Capacitor","Barrage","Cold Snap","Go for the Eyes","Barrage+1","Recycle+1","Turbo","Decay","Hologram+1","Cold Snap+1"],"special_seed":0,"relics":["Cracked Core","Calipers","Sundial","Orichalcum","Nunchaku","Empty Cage","War Paint","Oddly Smooth Stone","Bottled Lightning"],"potions_floor_usage":[33],"damage_taken":[{"damage":3.0,"enemies":"Small Slimes","floor":1.0,"turns":3.0},{"damage":0.0,"enemies":"Cultist","floor":2.0,"turns":3.0},{"damage":0.0,"enemies":"Jaw Worm","floor":3.0,"turns":4.0},{"damage":4.0,"enemies":"Red Slaver","floor":4.0,"turns":4.0},{"damage":34.0,"enemies":"Gremlin Nob","floor":7.0,"turns":5.0},{"damage":16.0,"enemies":"Exordium Thugs","floor":8.0,"turns":4.0},{"damage":7.0,"enemies":"Lagavulin","floor":10.0,"turns":7.0},{"damage":16.0,"enemies":"3 Sentries","floor":12.0,"turns":7.0},{"damage":4.0,"enemies":"Large Slime","floor":14.0,"turns":3.0},{"damage":11.0,"enemies":"Hexaghost","floor":16.0,"turns":8.0},{"damage":13.0,"enemies":"Spheric Guardian","floor":18.0,"turns":4.0},{"damage":20.0,"enemies":"2 Thieves","floor":20.0,"turns":4.0},{"damage":16.0,"enemies":"3 Cultists","floor":21.0,"turns":6.0},{"damage":24.0,"enemies":"Book of Stabbing","floor":24.0,"turns":5.0},{"damage":6.0,"enemies":"Cultist and Chosen","floor":28.0,"turns":6.0},{"damage":23.0,"enemies":"Shelled Parasite and Fungi","floor":30.0,"turns":6.0},{"damage":51,"enemies":"Champ","floor":33,"turns":9}],"seed_played":"9192326157897408069","potions_obtained":[{"floor":1.0,"key":"SkillPotion"},{"floor":4.0,"key":"FocusPotion"},{"floor":7.0,"key":"FocusPotion"},{"floor":18.0,"key":"LiquidBronze"},{"floor":21.0,"key":"Swift Potion"},{"floor":24.0,"key":"Fire Potion"}],"is_trial":false,"path_per_floor":["M","M","M","M","?","R","E","M","T","E","R","E","$","M","R","B",null,"M","?","M","M","$","R","E","R","T","?","M","R","M","$","R"],"character_chosen":"DEFECT","items_purchased":["Cold Snap","Capacitor","Barrage","War Paint","Regen Potion"],"campfire_rested":5,"item_purchase_floors":[13,13,13,22,31],"current_hp_per_floor":[68,68,68,64,64,64,30,14,14,7,30,14,14,10,33,22,64,51,51,31,15,15,38,14,37,37,37,31,31,8,8,31,0],"gold":5,"neow_bonus":"TEN_PERCENT_HP_BONUS","is_prod":false,"is_daily":false,"chose_seed":false,"campfire_upgraded":2,"win_rate":0,"timestamp":1540184292,"path_taken":["M","M","M","M","?","R","E","?","T","E","R","E","$","M","R","BOSS","M","?","M","M","?","R","E","R","T","?","M","R","M","$","R","BOSS"],"build_version":"2018-10-18","purchased_purges":1,"victory":false,"max_hp_per_floor":[78,78,78,78,78,78,78,78,78,78,78,78,78,78,78,78,78,78,78,78,78,78,78,78,78,78,78,78,78,78,78,78,78],"card_choices":[{"not_picked":["Steam Power","Hello World"],"picked":"Leap","floor":1.0},{"not_picked":["Stack","Turbo"],"picked":"Coolheaded","floor":2.0},{"not_picked":["Turbo","Gash"],"picked":"FTL","floor":3.0},{"not_picked":["Steam","Blizzard"],"picked":"Doom and Gloom","floor":4.0},{"not_picked":["Leap","Static Discharge"],"picked":"Beam Cell","floor":7.0},{"not_picked":["Turbo","Sweeping Beam"],"picked":"Loop","floor":8.0},{"not_picked":["Conserve Battery","BootSequence"],"picked":"Echo Form","floor":10.0},{"not_picked":["Gash","Electrodynamics"],"picked":"Ball Lightning","floor":12.0},{"not_picked":["Force Field","Skim"],"picked":"Cold Snap","floor":14.0},{"not_picked":["Conserve Battery+1","Melter"],"picked":"Go for the Eyes","floor":18.0},{"not_picked":["Gash","Streamline"],"picked":"Barrage+1","floor":20.0},{"not_picked":["Stack","Gash"],"picked":"Recycle","floor":21.0},{"not_picked":["Reinforced Body","Double Energy"],"picked":"Turbo","floor":24.0},{"not_picked":["Turbo","Gash"],"picked":"Hologram","floor":28.0},{"not_picked":["Rebound+1","Rip and Tear"],"picked":"Cold Snap+1","floor":30.0}],"player_experience":1415108,"relics_obtained":[{"floor":7.0,"key":"Calipers"},{"floor":9.0,"key":"Sundial"},{"floor":10.0,"key":"Orichalcum"},{"floor":12.0,"key":"Nunchaku"},{"floor":24.0,"key":"Oddly Smooth Stone"},{"floor":26.0,"key":"Bottled Lightning"}],"event_choices":[{"damage_healed":0.0,"max_hp_gain":0.0,"max_hp_loss":0.0,"gold_gain":0.0,"event_name":"The Lab","player_choice":"Got Potions","floor":5.0,"gold_loss":0.0,"damage_taken":0.0},{"damage_healed":0.0,"max_hp_gain":0.0,"max_hp_loss":0.0,"gold_gain":0.0,"event_name":"Vampires","player_choice":"Ignored","floor":19.0,"gold_loss":0.0,"damage_taken":0.0},{"damage_healed":0.0,"max_hp_gain":0.0,"max_hp_loss":0.0,"gold_gain":0.0,"event_name":"Forgotten Altar","player_choice":"Smashed Altar","floor":27.0,"gold_loss":0.0,"damage_taken":0.0,"cards_obtained":["Decay"]}],"is_beta":false,"boss_relics":[{"not_picked":["Orrery","Tiny House"],"picked":"Empty Cage"}],"items_purged_floors":[13],"is_endless":false,"potions_floor_spawned":[1,4,7,8,18,21,24],"killed_by":"Champ","ascension_level":15}