{"gold_per_floor":[111,125,125,143,157,157,185,203,227,259,259,278,278,278,278,357,357,371,286,296,296,311,311,336,336,336,347,357,371,384,38,38,110,110,123,135,155,172,183,183,210,210,237,237,250,250,268,268,268,268],"floor_reached":51,"playtime":4470,"items_purged":["Strike_B"],"score":1164,"play_id":"400bf6e6-e617-4f85-acd7-d0146e9577f6","local_time":"20180724221428","is_ascension_mode":true,"campfire_choices":[{"data":"Zap","floor":6.0,"key":"SMITH"},{"data":"Streamline","floor":11.0,"key":"SMITH"},{"data":"Go for the Eyes","floor":13.0,"key":"SMITH"},{"floor":15.0,"key":"REST"},{"floor":23.0,"key":"REST"},{"data":"Capacitor","floor":25.0,"key":"SMITH"},{"floor":32.0,"key":"REST"},{"floor":40,"key":"REST"},{"floor":42,"key":"REST"},{"data":"Consume","floor":44,"key":"SMITH"},{"floor":49,"key":"REST"}],"neow_cost":"NONE","seed_source_timestamp":32603935480837,"circlet_count":0,"master_deck":["Strike_B","Strike_B","Strike_B","Defend_B","Defend_B","Defend_B","Zap+1","Dualcast","AscendersBane","Ball Lightning","Cold Snap","Streamline+1","Steam","Glacier","White Noise","Ball Lightning","Go for the Eyes+1","Creative AI","Capacitor+1","BootSequence","Leap+1","Coolheaded","Stack","Consume+1","Compile Driver+1","Stack+1","Conserve Battery","Conserve Battery","Buffer","Leap+1","Force Field"],"special_seed":0,"relics":["Cracked Core","Strawberry","Omamori","Regal Pillow","Lantern","Cursed Key","Bag of Marbles","Dream Catcher","Symbiotic Virus","Bottled Tornado","Busted Crown","Bottled Flame","Potion Belt"],"potions_floor_usage":[50,50],"damage_taken":[{"damage":1.0,"enemies":"Small Slimes","floor":1.0,"turns":3.0},{"damage":7.0,"enemies":"Jaw Worm","floor":2.0,"turns":3.0},{"damage":1.0,"enemies":"2 Louse","floor":4.0,"turns":3.0},{"damage":11.0,"enemies":"Blue Slaver","floor":5.0,"turns":4.0},{"damage":15.0,"enemies":"Lagavulin","floor":7.0,"turns":5.0},{"damage":9.0,"enemies":"Large Slime","floor":8.0,"turns":4.0},{"damage":13.0,"enemies":"3 Sentries","floor":10.0,"turns":6.0},{"damage":6.0,"enemies":"3 Louse","floor":12.0,"turns":2.0},{"damage":11.0,"enemies":"Slime Boss","floor":16.0,"turns":12.0},{"damage":5.0,"enemies":"Spheric Guardian","floor":18.0,"turns":4.0},{"damage":19.0,"enemies":"Shell Parasite","floor":20.0,"turns":3.0},{"damage":0.0,"enemies":"Centurion and Healer","floor":22.0,"turns":6.0},{"damage":19.0,"enemies":"Book of Stabbing","floor":24.0,"turns":5.0},{"damage":26.0,"enemies":"Sentry and Sphere","floor":27.0,"turns":6.0},{"damage":2.0,"enemies":"Cultist and Chosen","floor":28.0,"turns":8.0},{"damage":0.0,"enemies":"Centurion and Healer","floor":29.0,"turns":6.0},{"damage":7.0,"enemies":"3 Cultists","floor":30.0,"turns":7.0},{"damage":26.0,"enemies":"Collector","floor":33.0,"turns":14.0},{"damage":0.0,"enemies":"3 Shapes","floor":35.0,"turns":5.0},{"damage":0.0,"enemies":"Orb Walker","floor":36.0,"turns":5.0},{"damage":26.0,"enemies":"Flame Bruiser 2 Orb","floor":37.0,"turns":6.0},{"damage":11,"enemies":"4 Shapes","floor":38,"turns":5},{"damage":20,"enemies":"3 Darklings","floor":39,"turns":9},{"damage":33,"enemies":"Nemesis","floor":41,"turns":7},{"damage":1,"enemies":"Maw","floor":45,"turns":8},{"damage":0,"enemies":"4 Shapes","floor":47,"turns":5},{"damage":19,"enemies":"Donu and Deca","floor":50,"turns":10}],"seed_played":"4143083976981231266","potions_obtained":[{"floor":5.0,"key":"GamblersBrew"},{"floor":7.0,"key":"Regen Potion"},{"floor":10.0,"key":"Poison Potion"},{"floor":12.0,"key":"Energy Potion"},{"floor":29.0,"key":"Energy Potion"},{"floor":30.0,"key":"PowerPotion"},{"floor":36.0,"key":"PowerPotion"},{"floor":39,"key":"Dexterity Potion"},{"floor":41,"key":"Energy Potion"},{"floor":45,"key":"SkillPotion"}],"is_trial":false,"path_per_floor":["M","M","?","M","M","R","E","M","T","E","R","M","R","?","R","B",null,"M","?","M","?","M","R","E","R","T","M","M","M","M","$","R","B",null,"M","M","M","M","M","R","E","R","T","R","M","?","M","?","R","B"],"character_chosen":"DEFECT","items_purchased":["Bottled Tornado","Conserve Battery"],"campfire_rested":6,"item_purchase_floors":[31,31],"current_hp_per_floor":[70,63,63,62,51,51,36,39,39,26,26,20,20,20,58,47,70,65,65,46,24,24,63,44,44,44,18,16,16,9,9,48,22,68,68,68,49,38,18,57,24,63,63,63,62,62,62,62,83,64],"gold":268,"neow_bonus":"RANDOM_COMMON_RELIC","is_prod":false,"is_daily":false,"chose_seed":false,"campfire_upgraded":5,"win_rate":0,"timestamp":1532495668,"path_taken":["M","M","?","M","M","R","E","M","T","E","R","M","R","?","R","BOSS","M","?","M","?","M","R","E","R","T","?","?","M","?","$","R","BOSS","M","M","M","M","?","R","E","R","T","R","M","?","M","?","R","BOSS"],"build_version":"2018-07-19v2","purchased_purges":1,"victory":true,"max_hp_per_floor":[78,78,78,78,78,78,78,78,78,78,78,78,78,78,78,78,78,78,78,78,83,83,83,83,83,83,83,83,83,83,83,83,83,83,83,83,83,83,83,83,83,83,83,83,83,83,83,83,83,83],"card_choices":[{"not_picked":["Coolheaded","Sweeping Beam"],"picked":"Ball Lightning","floor":1.0},{"not_picked":["Steam","Streamline"],"picked":"Cold Snap","floor":2.0},{"not_picked":["Scrape","Reprogram"],"picked":"Streamline","floor":4.0},{"not_picked":["Rebound","Loop"],"picked":"Steam","floor":5.0},{"not_picked":["Go for the Eyes","Core Surge"],"picked":"Glacier","floor":7.0},{"not_picked":["Barrage","Tempest"],"picked":"White Noise","floor":8.0},{"not_picked":["Tempest","Barrage"],"picked":"Ball Lightning","floor":10.0},{"not_picked":["Hologram","Stack"],"picked":"Go for the Eyes","floor":12.0},{"not_picked":["All For One","Buffer"],"picked":"Creative AI","floor":16.0},{"not_picked":["Coolheaded","Sunder"],"picked":"Capacitor","floor":18.0},{"not_picked":["Sweeping Beam","Coolheaded"],"picked":"BootSequence","floor":20.0},{"not_picked":["Barrage+1","Glacier"],"picked":"Leap+1","floor":22.0},{"not_picked":["Barrage","Beam Cell"],"picked":"Coolheaded","floor":24.0},{"not_picked":["Beam Cell","Gash"],"picked":"Stack","floor":27.0},{"not_picked":["Cold Snap","Steam"],"picked":"Consume","floor":28.0},{"not_picked":["Darkness","All For One"],"picked":"Compile Driver+1","floor":29.0},{"not_picked":["Compile Driver","Cold Snap"],"picked":"Stack+1","floor":30.0},{"not_picked":["Hologram","Gash"],"picked":"Conserve Battery","floor":32.0},{"not_picked":["Rainbow","Thunder Strike"],"picked":"Buffer","floor":33.0},{"not_picked":["Static Discharge+1"],"picked":"SKIP","floor":35.0},{"not_picked":["Conserve Battery"],"picked":"SKIP","floor":36.0},{"not_picked":["Beam Cell"],"picked":"SKIP","floor":37.0},{"not_picked":["Blizzard"],"picked":"SKIP","floor":38},{"not_picked":["Blizzard"],"picked":"SKIP","floor":39},{"not_picked":["Rip and Tear"],"picked":"SKIP","floor":41},{"not_picked":[],"picked":"Leap+1","floor":42},{"not_picked":["Conserve Battery"],"picked":"SKIP","floor":45},{"not_picked":[],"picked":"Force Field","floor":47}],"player_experience":877123,"relics_obtained":[{"floor":7.0,"key":"Omamori"},{"floor":9.0,"key":"Regal Pillow"},{"floor":10.0,"key":"Lantern"},{"floor":24.0,"key":"Dream Catcher"},{"floor":26.0,"key":"Symbiotic Virus"},{"floor":41,"key":"Bottled Flame"},{"floor":43,"key":"Potion Belt"}],"event_choices":[{"event_name":"Shining Light","player_choice":"Ignored","floor":3.0,"damage_taken":0.0},{"event_name":"Scrap Ooze","player_choice":"unsuccessful","floor":14.0,"damage_taken":0.0},{"event_name":"Addict","player_choice":"Obtained Relic","floor":19.0,"damage_taken":0.0},{"event_name":"Forgotten Altar","player_choice":"Shed Blood","floor":21.0,"damage_taken":0.0},{"event_name":"Mysterious Sphere","player_choice":"Ignore","floor":46,"damage_taken":0},{"event_name":"Falling","player_choice":"Removed Skill","floor":48,"damage_taken":0}],"is_beta":false,"boss_relics":[{"not_picked":["Calling Bell","Inserter"],"picked":"Cursed Key"},{"not_picked":["Black Star","Runic Pyramid"],"picked":"Busted Crown"}],"items_purged_floors":[31],"is_endless":false,"potions_floor_spawned":[5,7,10,12,16,20,27,29,30,36,39,41,45],"ascension_level":15}