{"gold_per_floor":[12,12,28,43,61,26,26,42,42,42,56,56,0,25,25,121,121,144,164,164,0,0,0],"floor_reached":23,"playtime":1339,"items_purged":["Strike_G"],"score":366,"play_id":"5e7851db-c4c9-4bb9-873e-5c5c60b72fdd","local_time":"20181207001623","is_ascension_mode":true,"campfire_choices":[{"floor":12,"key":"REST"},{"data":"Malaise","floor":15,"key":"SMITH"}],"neow_cost":"NO_GOLD","seed_source_timestamp":107434133117274,"circlet_count":0,"master_deck":["AscendersBane","Defend_G","Defend_G","Defend_G","Defend_G","Defend_G","Strike_G","Strike_G","Survivor","Neutralize","Purity","Choke","Expertise","Calculated Gamble","Malaise+1","Heel Hook","Escape Plan","Noxious Fumes"],"relics":["Ring of the Snake","Omamori","Golden Idol","Bag of Marbles","Singing Bowl","Lizard Tail"],"potions_floor_usage":[8,16,19],"damage_taken":[{"damage":0,"enemies":"Cultist","floor":1,"turns":4},{"damage":0,"enemies":"2 Louse","floor":3,"turns":5},{"damage":4,"enemies":"Small Slimes","floor":4,"turns":4},{"damage":25,"enemies":"Exordium Thugs","floor":5,"turns":6},{"damage":30,"enemies":"Large Slime","floor":8,"turns":10},{"damage":8,"enemies":"3 Louse","floor":11,"turns":4},{"damage":1,"enemies":"Blue Slaver","floor":14,"turns":8},{"damage":21,"enemies":"The Guardian","floor":16,"turns":20},{"damage":10,"enemies":"Spheric Guardian","floor":18,"turns":5},{"damage":8,"enemies":"Chosen","floor":19,"turns":9},{"damage":140,"enemies":"Slavers","floor":23,"turns":7}],"seed_played":"1265388276611068451","potions_obtained":[{"floor":1,"key":"Weak Potion"},{"floor":3,"key":"Swift Potion"},{"floor":14,"key":"Ancient Potion"},{"floor":19,"key":"FairyPotion"}],"is_trial":false,"path_per_floor":["M","?","M","M","M","?","?","M","T","?","M","R","$","M","R","B",null,"M","M","?","$","?","E"],"character_chosen":"THE_SILENT","items_purchased":["Dexterity Potion","Noxious Fumes"],"campfire_rested":1,"item_purchase_floors":[13,21],"current_hp_per_floor":[59,54,54,50,25,41,41,11,11,11,3,21,21,22,22,3,49,41,35,35,35,78,0],"gold":0,"neow_bonus":"RANDOM_COLORLESS_2","is_prod":false,"is_daily":false,"chose_seed":false,"campfire_upgraded":1,"win_rate":0,"timestamp":1544112983,"path_taken":["M","?","M","M","M","?","?","M","T","?","?","R","$","M","R","BOSS","M","?","?","$","?","E"],"build_version":"2018-11-15","purchased_purges":1,"victory":false,"max_hp_per_floor":[66,66,66,66,66,66,60,60,60,60,60,60,60,62,62,64,64,66,68,68,68,78,78],"card_choices":[{"not_picked":["Riddle With Holes","PiercingWail","Dodge and Roll"],"picked":"SKIP","floor":1},{"not_picked":["Reflex","Slice"],"picked":"Choke","floor":3},{"not_picked":["Blade Dance","Deadly Poison"],"picked":"Expertise","floor":4},{"not_picked":["Deflect","Prepared"],"picked":"Calculated Gamble","floor":5},{"not_picked":["Blade Dance","Expertise","Dagger Spray"],"picked":"SKIP","floor":8},{"not_picked":["Backstab","Sucker Punch"],"picked":"Malaise","floor":11},{"not_picked":["Infinite Blades","Dash","Outmaneuver"],"picked":"Singing Bowl","floor":14},{"not_picked":["Night Terror","Tools of the Trade","Storm of Steel"],"picked":"Singing Bowl","floor":16},{"not_picked":["Choke","Dagger Throw","Poisoned Stab"],"picked":"Singing Bowl","floor":18},{"not_picked":["Blade Dance","Leg Sweep","Slice"],"picked":"Singing Bowl","floor":19}],"player_experience":2285948,"relics_obtained":[{"floor":9,"key":"Bag of Marbles"}],"event_choices":[{"damage_healed":0,"gold_gain":0,"player_choice":"Success","damage_taken":5,"relics_obtained":["Omamori"],"max_hp_gain":0,"max_hp_loss":0,"event_name":"Scrap Ooze","floor":2,"gold_loss":0},{"damage_healed":16,"gold_gain":0,"player_choice":"Healed","damage_taken":0,"max_hp_gain":0,"max_hp_loss":0,"event_name":"The Cleric","floor":6,"gold_loss":35},{"damage_healed":0,"gold_gain":0,"player_choice":"Lose Max HP","damage_taken":0,"relics_obtained":["Golden Idol"],"max_hp_gain":0,"max_hp_loss":6,"event_name":"Golden Idol","floor":7,"gold_loss":0},{"damage_healed":0,"gold_gain":0,"player_choice":"Gave Potion","damage_taken":0,"relics_obtained":["Singing Bowl"],"max_hp_gain":0,"max_hp_loss":0,"event_name":"WeMeetAgain","floor":10,"gold_loss":0},{"damage_healed":0,"gold_gain":0,"cards_transformed":["Strike_G","Strike_G"],"player_choice":"Became Test Subject","damage_taken":0,"max_hp_gain":0,"max_hp_loss":0,"event_name":"Drug Dealer","floor":20,"gold_loss":0,"cards_obtained":["Heel Hook","Escape Plan"]},{"cards_removed":["Magnetism"],"damage_healed":33,"gold_gain":0,"player_choice":"Offered Rare","damage_taken":0,"max_hp_gain":10,"max_hp_loss":0,"event_name":"Bonfire Elementals","floor":22,"gold_loss":0}],"is_beta":false,"boss_relics":[{"not_picked":["Busted Crown","WristBlade"],"picked":"Lizard Tail"}],"items_purged_floors":[21],"is_endless":false,"potions_floor_spawned":[1,3,14,19],"killed_by":"Slavers","ascension_level":20}