{"path_per_floor":["M","M","?","?","?","E","R","$","T","R","M","M","M","E","R","B",null,"M","?","M","M","?","R","M","R","T","?","?","M","R","$","R","B",null,"M","?","M","M","M","R","M","R","T","M","M","?","R","T","R"],"character_chosen":"THE_SILENT","items_purchased":["Toxic Egg 2","Backflip"],"gold_per_floor":[111,128,128,128,128,158,158,83,106,106,118,137,155,187,187,285,285,301,301,311,323,248,248,261,261,288,288,288,303,303,16,16,117,117,129,0,11,25,36,36,52,52,352,372,386,386,386,462,462,462],"floor_reached":50,"campfire_rested":3,"playtime":3237,"item_purchase_floors":[31,31],"current_hp_per_floor":[70,70,63,63,70,51,51,51,51,51,51,31,21,18,18,14,70,70,70,66,64,64,64,53,53,53,53,53,35,35,35,56,56,70,56,56,56,47,47,47,43,43,43,35,33,33,54,54,70,0],"items_purged":["Defend_G"],"gold":462,"score":504,"play_id":"199b9457-f782-4f6e-a375-40793bad2d23","local_time":"20180529171541","is_prod":false,"is_daily":false,"chose_seed":false,"is_ascension_mode":false,"campfire_upgraded":5,"win_rate":0,"timestamp":1527639341,"campfire_choices":[{"data":"Cloak And Dagger","floor":7,"key":"SMITH"},{"data":"Choke","floor":10,"key":"SMITH"},{"data":"1","floor":15,"key":"LIFT"},{"data":"Cloak And Dagger","floor":23,"key":"SMITH"},{"data":"Tools of the Trade","floor":25,"key":"SMITH"},{"data":"2","floor":30,"key":"LIFT"},{"floor":32,"key":"REST"},{"data":"Accuracy","floor":40,"key":"SMITH"},{"data":"3","floor":42,"key":"LIFT"},{"floor":47,"key":"REST"},{"floor":49,"key":"REST"}],"path_taken":["M","M","?","?","?","E","R","?","T","R","M","M","M","E","R","BOSS","M","?","M","M","?","R","M","R","T","?","?","?","R","$","R","BOSS","M","?","M","M","M","R","M","R","T","?","M","?","R","?","R","BOSS"],"build_version":"2018-05-24","seed_source_timestamp":14331836588431,"purchased_purges":1,"victory":false,"master_deck":["Defend_G","Strike_G+1","Survivor","Neutralize","Cloak And Dagger+1","Dagger Spray+1","Choke+1","Infinite Blades","Cloak And Dagger+1","Finisher","Tools of the Trade+1","Dagger Spray+1","Deadly Poison+1","Tactician+1","Deflect+1","Cloak And Dagger+1","Malaise","Backflip+1","Burst+1","Accuracy+1","Backflip+1","Heel Hook"],"max_hp_per_floor":[70,70,70,70,70,70,70,70,70,70,70,70,70,70,70,70,70,70,70,70,70,70,70,70,70,70,70,70,70,70,70,70,70,70,70,70,70,70,70,70,70,70,70,70,70,70,70,70,70,70],"relics":["Ring of the Snake","Girya","Whetstone","Vajra","Astrolabe","Snake Skull","Toxic Egg 2","Philosopher\u0027s Stone","Red Mask","Old Coin","Question Card"],"card_choices":[{"not_picked":["Leg Sweep","Dagger Throw"],"picked":"Cloak And Dagger","floor":1},{"not_picked":["Eviscerate","Flechettes"],"picked":"Dagger Spray","floor":2},{"not_picked":["PiercingWail","Flying Knee"],"picked":"Choke","floor":6},{"not_picked":["Finisher","Bane"],"picked":"Infinite Blades","floor":11},{"not_picked":["Terror","Footwork"],"picked":"Cloak And Dagger","floor":12},{"not_picked":["Catalyst","Flying Knee","Calculated Gamble"],"picked":"SKIP","floor":13},{"not_picked":["Catalyst","Flying Knee","Calculated Gamble"],"picked":"SKIP","floor":13},{"not_picked":["Endless Agony","Underhanded Strike"],"picked":"Finisher","floor":14},{"not_picked":["Grand Finale","Wraith Form v2"],"picked":"Tools of the Trade","floor":16},{"not_picked":["Bane+1","Cloak And Dagger"],"picked":"Deflect+1","floor":18},{"not_picked":["Acrobatics+1","Skewer","Prepared"],"picked":"SKIP","floor":20},{"not_picked":["Backflip","Sucker Punch","Quick Slash"],"picked":"SKIP","floor":21},{"not_picked":["Dash","Poisoned Stab","Prepared"],"picked":"SKIP","floor":24},{"not_picked":["Catalyst","Corpse Explosion"],"picked":"Malaise","floor":29},{"not_picked":["Unload","Doppelganger+1"],"picked":"Burst+1","floor":33},{"not_picked":["Dagger Spray+1","Skewer","Finisher"],"picked":"SKIP","floor":35},{"not_picked":["Dodge and Roll+1","Expertise+1","Flechettes"],"picked":"SKIP","floor":37},{"not_picked":["Riddle With Holes","Deadly Poison+1","Prepared+1"],"picked":"SKIP","floor":38},{"not_picked":["Quick Slash","Sucker Punch+1"],"picked":"Accuracy","floor":39},{"not_picked":["Dodge and Roll+1","Underhanded Strike"],"picked":"Backflip+1","floor":41},{"not_picked":["Blur+1","Deadly Poison+1","Flechettes"],"picked":"SKIP","floor":44},{"not_picked":["Dagger Throw+1","Choke+1","Prepared+1"],"picked":"SKIP","floor":45}],"player_experience":366695,"potions_floor_usage":[6,16,33,50,50],"damage_taken":[{"damage":0,"enemies":"2 Louse","floor":1,"turns":4},{"damage":0,"enemies":"Small Slimes","floor":2,"turns":3},{"damage":19,"enemies":"Gremlin Nob","floor":6,"turns":5},{"damage":0,"enemies":"Cultist","floor":11,"turns":2},{"damage":20,"enemies":"Gremlin Gang","floor":12,"turns":5},{"damage":10,"enemies":"Large Slime","floor":13,"turns":7},{"damage":3,"enemies":"3 Sentries","floor":14,"turns":6},{"damage":4,"enemies":"Hexaghost","floor":16,"turns":8},{"damage":0,"enemies":"3 Byrds","floor":18,"turns":3},{"damage":4,"enemies":"Spheric Guardian","floor":20,"turns":3},{"damage":2,"enemies":"Chosen and Byrds","floor":21,"turns":4},{"damage":11,"enemies":"Snecko","floor":24,"turns":4},{"damage":18,"enemies":"Snake Plant","floor":29,"turns":3},{"damage":0,"enemies":"Automaton","floor":33,"turns":10},{"damage":14,"enemies":"Orb Walker","floor":35,"turns":3},{"damage":0,"enemies":"3 Darklings","floor":37,"turns":5},{"damage":9,"enemies":"Maw","floor":38,"turns":6},{"damage":0,"enemies":"Sphere and 2 Shapes","floor":39,"turns":2},{"damage":4,"enemies":"3 Darklings","floor":41,"turns":3},{"damage":8,"enemies":"Maw","floor":44,"turns":5},{"damage":2,"enemies":"4 Shapes","floor":45,"turns":3},{"damage":70,"enemies":"Time Eater","floor":50,"turns":9}],"relics_obtained":[{"floor":6,"key":"Girya"},{"floor":9,"key":"Whetstone"},{"floor":14,"key":"Vajra"},{"floor":26,"key":"Snake Skull"},{"floor":43,"key":"Old Coin"},{"floor":48,"key":"Question Card"}],"event_choices":[{"event_name":"Golden Wing","player_choice":"Card Removal","floor":3,"damage_taken":0},{"event_name":"The Lab","player_choice":"Got Potions","floor":4,"damage_taken":0},{"event_name":"Wheel of Change","player_choice":"Full Heal","floor":5,"damage_taken":0},{"event_name":"Ghosts","player_choice":"Ignored","floor":19,"damage_taken":0},{"event_name":"Beggar","player_choice":"Gave Gold","floor":22,"damage_taken":0},{"event_name":"Duplicator","player_choice":"One dupe","floor":27,"damage_taken":0},{"event_name":"Back to Basics","player_choice":"Elegance","floor":28,"damage_taken":0},{"event_name":"Tomb of Lord Red Mask","player_choice":"Paid","floor":36,"damage_taken":0},{"event_name":"Transmorgrifier","player_choice":"Transform","floor":46,"damage_taken":0}],"boss_relics":[{"not_picked":["Snecko Eye","White Beast Statue"],"picked":"Astrolabe"},{"not_picked":["Pandora\u0027s Box","Black Star"],"picked":"Philosopher\u0027s Stone"}],"items_purged_floors":[8],"potions_floor_spawned":[1,6,13,14,20,21,35,37,41,44],"seed_played":"-6200626879257850153","killed_by":"Time Eater","ascension_level":0,"potions_obtained":[{"floor":1,"key":"Ancient Potion"},{"floor":4,"key":"Strength Potion"},{"floor":4,"key":"SmokeBomb"},{"floor":6,"key":"Block Potion"},{"floor":13,"key":"Weak Potion"},{"floor":20,"key":"GhostInAJar"},{"floor":35,"key":"Poison Potion"},{"floor":37,"key":"Strength Potion"}],"is_trial":false}