{"gold_per_floor":[114,131,131,131,146,146,171,171,196,223,239,258,278,297,297,398,398,416,416,93,93,108,108,142,155,155,173,173,192,192,217,217,320,320,330,340,340,360,44,77,77,77,122,122,47,47,61,61,61,61],"floor_reached":51,"playtime":2406,"items_purged":["Regret"],"score":802,"play_id":"ac15eb8d-5b72-4d34-b4a2-3f74ce74c39c","local_time":"20190508093403","is_ascension_mode":false,"campfire_choices":[{"data":"Clothesline","floor":6.0,"key":"SMITH"},{"floor":8.0,"key":"REST"},{"data":"Armaments","floor":15.0,"key":"SMITH"},{"data":"Disarm","floor":23.0,"key":"SMITH"},{"floor":28.0,"key":"REST"},{"floor":32.0,"key":"REST"},{"data":"Demon Form","floor":42,"key":"SMITH"},{"data":"Limit Break","floor":44,"key":"SMITH"},{"data":"Offering","floor":46,"key":"SMITH"},{"data":"J.A.X.","floor":49,"key":"SMITH"}],"neow_cost":"PERCENT_DAMAGE","seed_source_timestamp":361353959189300,"circlet_count":0,"master_deck":["Strike_R","Strike_R","Strike_R+1","Defend_R","Defend_R","Defend_R+1","Bash+1","Juggernaut+1","Battle Trance+1","Clothesline+1","Ghostly Armor","Cleave","Iron Wave","Limit Break+1","Armaments+1","Shrug It Off","Disarm+1","Offering+1","Offering+1","Fire Breathing+1","Cleave+1","Cleave+1","J.A.X.+1","Shrug It Off","Blood for Blood","Demon Form+1","True Grit","True Grit","Blood for Blood+1","Infernal Blade+1","Impervious","Master of Strategy","Swift Strike","Warcry+1","Headbutt","Writhe","Seeing Red+1"],"special_seed":0,"relics":["Burning Blood","War Paint","Pantograph","Whetstone","Boot","Astrolabe","Ice Cream","Sundial","Matryoshka","WingedGreaves","Cursed Key","Kunai","Champion Belt","Oddly Smooth Stone","PreservedInsect"],"potions_floor_usage":[36,50,50],"damage_taken":[{"damage":5.0,"enemies":"Small Slimes","floor":1.0,"turns":5.0},{"damage":1.0,"enemies":"Cultist","floor":2.0,"turns":4.0},{"damage":7.0,"enemies":"2 Louse","floor":5.0,"turns":3.0},{"damage":15.0,"enemies":"Lagavulin","floor":7.0,"turns":7.0},{"damage":13.0,"enemies":"3 Sentries","floor":10.0,"turns":5.0},{"damage":13.0,"enemies":"Exordium Wildlife","floor":11.0,"turns":5.0},{"damage":4.0,"enemies":"Blue Slaver","floor":12.0,"turns":3.0},{"damage":2.0,"enemies":"2 Fungi Beasts","floor":13.0,"turns":4.0},{"damage":3.0,"enemies":"Exordium Wildlife","floor":14.0,"turns":5.0},{"damage":1.0,"enemies":"The Guardian","floor":16.0,"turns":13.0},{"damage":0.0,"enemies":"Spheric Guardian","floor":18.0,"turns":4.0},{"damage":17.0,"enemies":"2 Thieves","floor":22.0,"turns":3.0},{"damage":12.0,"enemies":"Book of Stabbing","floor":24.0,"turns":6.0},{"damage":18.0,"enemies":"Snake Plant","floor":25.0,"turns":3.0},{"damage":12.0,"enemies":"Cultist and Chosen","floor":27.0,"turns":6.0},{"damage":19.0,"enemies":"Centurion and Healer","floor":29.0,"turns":8.0},{"damage":17.0,"enemies":"Slavers","floor":31.0,"turns":3.0},{"damage":23.0,"enemies":"Collector","floor":33.0,"turns":6.0},{"damage":18.0,"enemies":"3 Darklings","floor":35.0,"turns":5.0},{"damage":9,"enemies":"Orb Walker","floor":36,"turns":3},{"damage":9,"enemies":"4 Shapes","floor":38,"turns":7},{"damage":15,"enemies":"Giant Head","floor":40,"turns":6},{"damage":17,"enemies":"Writhing Mass","floor":47,"turns":6},{"damage":29,"enemies":"Donu and Deca","floor":50,"turns":7}],"seed_played":"2109606529386598735","potions_obtained":[{"floor":1.0,"key":"Fire Potion"},{"floor":5.0,"key":"Ancient Potion"},{"floor":12.0,"key":"Poison Potion"},{"floor":16.0,"key":"Block Potion"},{"floor":22.0,"key":"Weak Potion"},{"floor":25.0,"key":"Weak Potion"},{"floor":31.0,"key":"Energy Potion"},{"floor":33.0,"key":"FearPotion"},{"floor":36,"key":"Fruit Juice"},{"floor":40,"key":"Fire Potion"}],"is_trial":false,"path_per_floor":["M","M","?","?","M","R","E","R","T","E","M","M","M","M","R","B",null,"M","?","$","?","M","R","E","M","T","M","R","M","?","E","R","B",null,"M","M","?","M","$","E","?","R","T","R","$","R","M","$","R","B",null],"character_chosen":"IRONCLAD","items_purchased":["Ice Cream","Shrug It Off","Kunai","Headbutt"],"campfire_rested":3,"item_purchase_floors":[20,20,39,39],"current_hp_per_floor":[57,62,37,37,36,36,27,51,51,44,37,39,43,46,46,76,80,80,80,80,80,69,69,63,51,51,45,69,56,56,45,69,63,80,68,70,65,62,62,53,74,74,74,74,74,74,63,63,63,62],"gold":61,"neow_bonus":"THREE_RARE_CARDS","is_prod":false,"is_daily":false,"chose_seed":false,"campfire_upgraded":7,"win_rate":1,"timestamp":1557333243,"path_taken":["M","M","?","?","M","R","E","R","T","E","M","M","?","M","R","BOSS","M","?","$","?","M","R","E","M","T","?","R","M","?","E","R","BOSS","M","M","?","M","$","E","?","R","T","R","?","R","?","$","R","BOSS"],"build_version":"2019-01-23","purchased_purges":1,"victory":true,"max_hp_per_floor":[80,80,80,80,80,80,80,80,80,80,80,80,80,80,80,80,80,80,80,80,80,80,80,80,80,80,80,80,80,80,80,80,80,80,80,85,85,85,85,85,85,85,85,85,85,85,85,85,85,85],"card_choices":[{"not_picked":["Fiend Fire","Reaper"],"picked":"Juggernaut","floor":0.0},{"not_picked":["Flex","Dropkick"],"picked":"Battle Trance","floor":1.0},{"not_picked":["Sword Boomerang","Burning Pact"],"picked":"Clothesline","floor":2.0},{"not_picked":["Wild Strike","Havoc"],"picked":"Ghostly Armor","floor":5.0},{"not_picked":["Body Slam","Warcry"],"picked":"Cleave","floor":7.0},{"not_picked":["Body Slam","Infernal Blade"],"picked":"Iron Wave","floor":10.0},{"not_picked":["Warcry","Thunderclap"],"picked":"Limit Break","floor":11.0},{"not_picked":["Havoc","Sword Boomerang"],"picked":"Armaments","floor":12.0},{"not_picked":["Flame Barrier","Battle Trance"],"picked":"Shrug It Off","floor":13.0},{"not_picked":["Iron Wave","Corruption"],"picked":"Disarm","floor":14.0},{"not_picked":["Berserk","Bludgeon"],"picked":"Offering","floor":16.0},{"not_picked":["Entrench","Clothesline"],"picked":"Cleave+1","floor":18.0},{"not_picked":["Clothesline+1","Armaments"],"picked":"Demon Form","floor":22.0},{"not_picked":["Iron Wave","Hemokinesis"],"picked":"True Grit","floor":24.0},{"not_picked":["Warcry","Armaments"],"picked":"True Grit","floor":25.0},{"not_picked":["Brutality","Clash+1","Cleave"],"picked":"SKIP","floor":27.0},{"not_picked":["Dual Wield","Rupture"],"picked":"Blood for Blood+1","floor":29.0},{"not_picked":["Clothesline","Reckless Charge"],"picked":"Infernal Blade+1","floor":31.0},{"not_picked":["Fiend Fire","Offering"],"picked":"Impervious","floor":33.0},{"not_picked":["Whirlwind","Sever Soul+1","Twin Strike"],"picked":"SKIP","floor":35.0},{"not_picked":["Wild Strike","Blood for Blood","Warcry"],"picked":"SKIP","floor":36},{"not_picked":["Bandage Up","Secret Weapon"],"picked":"Master of Strategy","floor":37},{"not_picked":["Purity","Impatience"],"picked":"Swift Strike","floor":37},{"not_picked":["Dual Wield+1","Flex","Warcry+1"],"picked":"SKIP","floor":38},{"not_picked":["Dual Wield+1","Flex"],"picked":"Warcry+1","floor":38},{"not_picked":["Pommel Strike","Iron Wave","Whirlwind"],"picked":"SKIP","floor":40},{"not_picked":["Sword Boomerang+1","Disarm"],"picked":"Seeing Red+1","floor":47}],"player_experience":758721,"relics_obtained":[{"floor":7.0,"key":"Pantograph"},{"floor":9.0,"key":"Whetstone"},{"floor":10.0,"key":"Boot"},{"floor":24.0,"key":"Sundial"},{"floor":26.0,"key":"Matryoshka"},{"floor":31.0,"key":"WingedGreaves"},{"floor":40,"key":"Champion Belt"},{"floor":43,"key":"Oddly Smooth Stone"},{"floor":43,"key":"PreservedInsect"}],"event_choices":[{"damage_healed":0.0,"max_hp_gain":0.0,"max_hp_loss":0.0,"gold_gain":0.0,"event_name":"Scrap Ooze","player_choice":"Success","floor":3.0,"gold_loss":0.0,"damage_taken":25.0,"relics_obtained":["War Paint"]},{"damage_healed":0.0,"max_hp_gain":0.0,"max_hp_loss":0.0,"gold_gain":0.0,"event_name":"Upgrade Shrine","player_choice":"Upgraded","floor":4.0,"gold_loss":0.0,"damage_taken":0.0,"cards_upgraded":["Juggernaut"]},{"damage_healed":0.0,"max_hp_gain":0.0,"max_hp_loss":0.0,"gold_gain":0.0,"event_name":"Drug Dealer","player_choice":"Obtain J.A.X.","floor":19.0,"gold_loss":0.0,"damage_taken":0.0,"cards_obtained":["J.A.X."]},{"damage_healed":0.0,"max_hp_gain":0.0,"max_hp_loss":0.0,"gold_gain":0.0,"event_name":"The Library","player_choice":"Read","floor":21.0,"gold_loss":0.0,"damage_taken":0.0,"cards_obtained":["Blood for Blood"]},{"damage_healed":0.0,"max_hp_gain":0.0,"max_hp_loss":0.0,"gold_gain":0.0,"event_name":"Ghosts","player_choice":"Ignored","floor":30.0,"gold_loss":0.0,"damage_taken":0.0},{"damage_healed":0,"gold_gain":0,"player_choice":"Memory 2","damage_taken":5,"max_hp_gain":0,"max_hp_loss":0,"event_name":"SensoryStone","floor":37,"gold_loss":0},{"damage_healed":21,"gold_gain":0,"player_choice":"Writhe","damage_taken":0,"max_hp_gain":0,"max_hp_loss":0,"event_name":"Winding Halls","floor":41,"gold_loss":0,"cards_obtained":["Writhe"]}],"is_beta":false,"boss_relics":[{"not_picked":["White Beast Statue","Runic Cube"],"picked":"Astrolabe"},{"not_picked":["Calling Bell","Black Blood"],"picked":"Cursed Key"}],"items_purged_floors":[45],"is_endless":false,"potions_floor_spawned":[1,5,12,16,22,25,31,33,36,40],"ascension_level":0}