{"gold_per_floor":[110,260,260,63,63,63,97,112,112,142,161,161,187,212,212,289,289,309,309,26,45,78,78,88,108,408,434,107,123,123,48,48,120,120,144,156,188,200,222,234,281,293,305,317,362,374,403,33,33,33,33],"floor_reached":52,"playtime":2494,"items_purged":["Strike_B","Strike_B","Writhe"],"score":2038,"play_id":"4085513a-17f8-4c55-b2d6-f64b01303a31","local_time":"20181209234254","is_ascension_mode":true,"campfire_choices":[{"floor":6.0,"key":"REST"},{"data":"Beam Cell","floor":12.0,"key":"SMITH"},{"data":"Hologram","floor":15.0,"key":"SMITH"},{"floor":23.0,"key":"REST"},{"floor":30.0,"key":"REST"},{"data":"Dualcast","floor":32.0,"key":"SMITH"},{"data":"Madness","floor":40.0,"key":"SMITH"},{"data":"Steam Power","floor":42.0,"key":"SMITH"},{"floor":44.0,"key":"REST"},{"data":"Defragment","floor":49.0,"key":"SMITH"}],"neow_cost":"PERCENT_DAMAGE","seed_source_timestamp":12271724013777,"circlet_count":0,"master_deck":["AscendersBane","Strike_B","Defend_B","Defend_B","Defend_B","Defend_B+1","Zap","Dualcast+1","Gash","Streamline+1","Beam Cell+1","Scrape","Chill","Hologram+1","All For One","Gash","J.A.X.","Discovery","Steam Power+1","Coolheaded+1","Defragment+1","Go for the Eyes","FTL","Echo Form","Madness+1","Madness","Steam+1","Madness","Defragment+1","Undo"],"special_seed":0,"relics":["Cracked Core","PreservedInsect","Bag of Marbles","Letter Opener","Darkstone Periapt","Art of War","Juzu Bracelet","Runic Dome","Red Mask","Old Coin","Omamori","Strawberry","Calling Bell","MawBank","Sundial","WingedGreaves","Pear","Gambling Chip","Thread and Needle","Lee\u0027s Waffle"],"potions_floor_usage":[51],"damage_taken":[{"damage":3.0,"enemies":"Small Slimes","floor":1.0,"turns":3.0},{"damage":17.0,"enemies":"Lagavulin","floor":7.0,"turns":5.0},{"damage":1.0,"enemies":"2 Louse","floor":8.0,"turns":2.0},{"damage":0.0,"enemies":"Gremlin Nob","floor":10.0,"turns":2.0},{"damage":2.0,"enemies":"Jaw Worm","floor":11.0,"turns":3.0},{"damage":10.0,"enemies":"Lagavulin","floor":14.0,"turns":4.0},{"damage":22.0,"enemies":"The Guardian","floor":16.0,"turns":10.0},{"damage":22.0,"enemies":"3 Byrds","floor":18.0,"turns":5.0},{"damage":0.0,"enemies":"Spheric Guardian","floor":21.0,"turns":3.0},{"damage":15.0,"enemies":"Masked Bandits","floor":22.0,"turns":3.0},{"damage":16.0,"enemies":"Centurion and Healer","floor":24.0,"turns":5.0},{"damage":3.0,"enemies":"3 Cultists","floor":25.0,"turns":3.0},{"damage":27.0,"enemies":"Book of Stabbing","floor":27.0,"turns":3.0},{"damage":3.0,"enemies":"Chosen and Byrds","floor":29.0,"turns":3.0},{"damage":24.0,"enemies":"Collector","floor":33.0,"turns":5.0},{"damage":0.0,"enemies":"Orb Walker","floor":35.0,"turns":2.0},{"damage":36.0,"enemies":"3 Darklings","floor":37.0,"turns":3.0},{"damage":6.0,"enemies":"Maw","floor":39.0,"turns":6.0},{"damage":44.0,"enemies":"Nemesis","floor":41.0,"turns":5.0},{"damage":6.0,"enemies":"Giant Head","floor":45.0,"turns":2.0},{"damage":3.0,"enemies":"Transient","floor":47.0,"turns":6.0},{"damage":31.0,"enemies":"Time Eater","floor":50.0,"turns":8.0},{"damage":27,"enemies":"Awakened One","floor":51,"turns":5}],"seed_played":"1775588661962216503","potions_obtained":[{"floor":7.0,"key":"GamblersBrew"},{"floor":8.0,"key":"Strength Potion"},{"floor":14.0,"key":"Explosive Potion"},{"floor":27.0,"key":"AttackPotion"},{"floor":29.0,"key":"PowerPotion"},{"floor":33.0,"key":"Fire Potion"},{"floor":37.0,"key":"SpeedPotion"},{"floor":45.0,"key":"GamblersBrew"}],"is_trial":false,"path_per_floor":["M","?","?","$","?","R","E","M","T","E","M","R","T","E","R","B",null,"M","?","$","M","?","R","M","M","T","E","$","M","R","?","R","B",null,"M","?","M","?","M","R","E","R","T","R","E","?","M","$","R","B","B",null],"character_chosen":"DEFECT","items_purchased":["PreservedInsect","Streamline","Discovery","Strength Potion","Fire Potion","Strawberry","Go for the Eyes","Lee\u0027s Waffle","Undo"],"campfire_rested":4,"item_purchase_floors":[4,4,20,20,20,28,28,48,48],"current_hp_per_floor":[57,57,57,57,31,56,39,38,38,38,36,36,36,26,26,4,65,43,43,43,43,28,53,37,34,34,7,14,11,38,38,38,14,79,79,61,25,80,74,74,40,40,40,67,61,61,58,97,97,66,39],"gold":33,"neow_bonus":"TWENTY_PERCENT_HP_BONUS","is_prod":false,"is_daily":false,"chose_seed":false,"campfire_upgraded":6,"win_rate":0,"timestamp":1544370174,"path_taken":["M","?","?","$","?","R","E","M","T","E","M","R","?","E","R","BOSS","M","?","$","M","?","R","M","M","T","E","$","M","R","?","R","BOSS","M","?","M","?","M","R","E","R","T","R","E","?","M","$","R","BOSS","BOSS"],"build_version":"2018-12-06","purchased_purges":3,"victory":true,"max_hp_per_floor":[85,85,85,85,85,85,85,85,85,85,85,85,85,85,85,85,85,85,85,85,85,85,85,85,85,85,85,92,92,92,92,92,92,98,98,98,98,80,80,80,90,90,90,90,90,90,90,97,97,97,97],"card_choices":[{"not_picked":["Coolheaded","Steam"],"picked":"Gash","floor":1.0},{"not_picked":["Cold Snap","Darkness"],"picked":"Beam Cell","floor":7.0},{"not_picked":["Conserve Battery","Double Energy","Ball Lightning"],"picked":"SKIP","floor":8.0},{"not_picked":["Turbo","Consume"],"picked":"Scrape","floor":10.0},{"not_picked":["Conserve Battery","Steam"],"picked":"Chill","floor":11.0},{"not_picked":["Scrape","Chill"],"picked":"Hologram","floor":14.0},{"not_picked":["Echo Form","Thunder Strike"],"picked":"All For One","floor":16.0},{"not_picked":["Conserve Battery","Rebound"],"picked":"Gash","floor":18.0},{"not_picked":["Stack","Blizzard","Static Discharge"],"picked":"SKIP","floor":21.0},{"not_picked":["Darkness","Blizzard"],"picked":"Steam Power","floor":24.0},{"not_picked":["Sunder","Storm"],"picked":"Coolheaded+1","floor":25.0},{"not_picked":["Conserve Battery","Beam Cell+1"],"picked":"Defragment","floor":27.0},{"not_picked":["Conserve Battery","Force Field"],"picked":"FTL","floor":29.0},{"not_picked":["Multi-Cast","Rainbow"],"picked":"Echo Form","floor":33.0},{"not_picked":["Double Energy","Fusion+1","Cold Snap"],"picked":"SKIP","floor":35.0},{"not_picked":["Scrape+1","Stack","Beam Cell"],"picked":"SKIP","floor":37.0},{"not_picked":["Reinforced Body+1","Turbo"],"picked":"Steam+1","floor":39.0},{"not_picked":["Streamline","Leap","Coolheaded"],"picked":"SKIP","floor":41.0},{"not_picked":["Streamline","Leap","Coolheaded"],"picked":"SKIP","floor":41.0},{"not_picked":["Cold Snap","Doom and Gloom","Go for the Eyes"],"picked":"SKIP","floor":45.0},{"not_picked":["Enlightenment","Purity"],"picked":"Madness","floor":46.0},{"not_picked":["Cold Snap+1","Loop"],"picked":"Defragment+1","floor":47.0}],"player_experience":2345249,"relics_obtained":[{"floor":7.0,"key":"Bag of Marbles"},{"floor":9.0,"key":"Letter Opener"},{"floor":10.0,"key":"Darkstone Periapt"},{"floor":13.0,"key":"Art of War"},{"floor":14.0,"key":"Juzu Bracelet"},{"floor":22.0,"key":"Red Mask"},{"floor":26.0,"key":"Old Coin"},{"floor":27.0,"key":"Omamori"},{"floor":34.0,"key":"MawBank"},{"floor":34.0,"key":"Sundial"},{"floor":34.0,"key":"WingedGreaves"},{"floor":41.0,"key":"Pear"},{"floor":43.0,"key":"Gambling Chip"},{"floor":45.0,"key":"Thread and Needle"}],"event_choices":[{"damage_healed":0.0,"max_hp_gain":0.0,"max_hp_loss":0.0,"gold_gain":150.0,"event_name":"Liars Game","player_choice":"AGREE","floor":2.0,"gold_loss":0.0,"damage_taken":0.0,"cards_obtained":["Doubt"]},{"cards_removed":["Doubt"],"damage_healed":0.0,"max_hp_gain":0.0,"max_hp_loss":0.0,"gold_gain":0.0,"event_name":"Living Wall","player_choice":"Forget","floor":3.0,"gold_loss":0.0,"damage_taken":0.0},{"damage_healed":0.0,"max_hp_gain":0.0,"max_hp_loss":0.0,"gold_gain":0.0,"event_name":"Shining Light","player_choice":"Entered Light","floor":5.0,"gold_loss":0.0,"damage_taken":26.0,"cards_upgraded":["Streamline","Defend_B"]},{"damage_healed":0.0,"max_hp_gain":0.0,"max_hp_loss":0.0,"gold_gain":0.0,"event_name":"Drug Dealer","player_choice":"Obtain J.A.X.","floor":19.0,"gold_loss":0.0,"damage_taken":0.0,"cards_obtained":["J.A.X."]},{"damage_healed":0.0,"max_hp_gain":0.0,"max_hp_loss":0.0,"gold_gain":0.0,"event_name":"Masked Bandits","player_choice":"Fought Bandits","floor":22.0,"gold_loss":0.0,"damage_taken":0.0},{"cards_removed":["Strike_B"],"damage_healed":0.0,"max_hp_gain":0.0,"max_hp_loss":0.0,"gold_gain":0.0,"event_name":"Beggar","player_choice":"Gave Gold","floor":31.0,"gold_loss":75.0,"damage_taken":0.0},{"damage_healed":0.0,"max_hp_gain":0.0,"max_hp_loss":0.0,"gold_gain":0.0,"event_name":"Winding Halls","player_choice":"Embrace Madness","floor":36.0,"gold_loss":0.0,"damage_taken":18.0,"cards_obtained":["Madness","Madness"]},{"damage_healed":80.0,"max_hp_gain":0.0,"max_hp_loss":18.0,"gold_gain":0.0,"event_name":"The Moai Head","player_choice":"Heal","floor":38.0,"gold_loss":0.0,"damage_taken":0.0},{"damage_healed":0.0,"max_hp_gain":0.0,"max_hp_loss":0.0,"gold_gain":0.0,"event_name":"SensoryStone","player_choice":"Memory 1","floor":46.0,"gold_loss":0.0,"damage_taken":0.0}],"is_beta":false,"boss_relics":[{"not_picked":["Philosopher\u0027s Stone","Ectoplasm"],"picked":"Runic Dome"},{"not_picked":["Inserter","FrozenCore"],"picked":"Calling Bell"}],"items_purged_floors":[20,28,48],"is_endless":false,"potions_floor_spawned":[7,8,14,25,27,29,33,37,45],"ascension_level":20}