{"gold_per_floor":[365,380,58,75,75,75,89,89,114,141,141,154,189,89,89,89],"floor_reached":16,"playtime":993,"items_purged":["Strike_G","Strike_G"],"score":121,"play_id":"731590da-b9fe-4e3b-b3c4-1959e093c641","local_time":"20181006133454","is_ascension_mode":true,"campfire_choices":[{"data":"Neutralize","floor":6,"key":"SMITH"},{"data":"Backflip","floor":8,"key":"SMITH"},{"data":"Backstab","floor":11,"key":"SMITH"},{"data":"Defend_G","floor":15,"key":"SMITH"}],"neow_cost":"TEN_PERCENT_HP_LOSS","seed_source_timestamp":1700319169553083,"circlet_count":0,"master_deck":["Defend_G+1","Defend_G","Defend_G","Defend_G","Defend_G+1","Strike_G","Strike_G","Strike_G","Survivor+1","Neutralize+1","Backflip+1","Cloak And Dagger","Backstab+1"],"relics":["Ring of the Snake","Singing Bowl","GremlinMask","Lantern","War Paint","Oddly Smooth Stone"],"potions_floor_usage":[13,13,16],"damage_taken":[{"damage":1,"enemies":"Cultist","floor":1,"turns":5},{"damage":0,"enemies":"2 Louse","floor":2,"turns":4},{"damage":0,"enemies":"Jaw Worm","floor":4,"turns":6},{"damage":0,"enemies":"Blue Slaver","floor":7,"turns":5},{"damage":39,"enemies":"3 Sentries","floor":10,"turns":14},{"damage":0,"enemies":"2 Fungi Beasts","floor":12,"turns":4},{"damage":6,"enemies":"Gremlin Nob","floor":13,"turns":3},{"damage":28,"enemies":"The Guardian","floor":16,"turns":31}],"seed_played":"-6807180265230302375","potions_obtained":[{"floor":1,"key":"AttackPotion"},{"floor":7,"key":"GamblersBrew"},{"floor":10,"key":"Strength Potion"}],"is_trial":false,"path_per_floor":["M","M","$","M","?","R","M","R","T","E","R","M","E","$","R"],"character_chosen":"THE_SILENT","items_purchased":["Singing Bowl"],"campfire_rested":0,"item_purchase_floors":[3],"current_hp_per_floor":[62,62,62,62,62,62,64,64,64,27,27,29,25,25,25,0],"gold":89,"neow_bonus":"TWO_FIFTY_GOLD","is_prod":false,"is_daily":false,"chose_seed":false,"campfire_upgraded":4,"win_rate":0,"timestamp":1538825694,"path_taken":["M","?","$","M","?","R","M","R","T","E","R","M","E","?","R","BOSS"],"build_version":"2018-10-04v2","purchased_purges":2,"victory":false,"max_hp_per_floor":[63,63,63,63,63,63,65,65,65,67,67,69,71,71,71,71],"card_choices":[{"not_picked":["Underhanded Strike","Flechettes"],"picked":"Backflip","floor":1},{"not_picked":["Poisoned Stab","Endless Agony"],"picked":"Cloak And Dagger","floor":2},{"not_picked":["Prepared","Flying Knee"],"picked":"Backstab","floor":4},{"not_picked":["Crippling Poison","Prepared","Riddle With Holes"],"picked":"Singing Bowl","floor":7},{"not_picked":["Endless Agony","Dash","Blur"],"picked":"Singing Bowl","floor":10},{"not_picked":["Flying Knee","Masterful Stab","Noxious Fumes"],"picked":"Singing Bowl","floor":12},{"not_picked":["Dash","Concentrate","Accuracy"],"picked":"Singing Bowl","floor":13}],"player_experience":112807,"relics_obtained":[{"floor":9,"key":"Lantern"},{"floor":10,"key":"War Paint"},{"floor":13,"key":"Oddly Smooth Stone"}],"event_choices":[{"event_name":"FaceTrader","player_choice":"Trade","floor":5,"damage_taken":0}],"is_beta":false,"boss_relics":[],"items_purged_floors":[3,14],"is_endless":false,"potions_floor_spawned":[1,7,10,12],"killed_by":"The Guardian","ascension_level":2}