{"gold_per_floor":[109,128,128,128,143,143,170,170,170,184,184,184,201,229,229,324,324,342,342,342,358,358,358,384,384,453,472,499,499,58,76,76,175,175,188,205,110,129,143,143,170,187,187,53,72,103,103,117,117,117],"floor_reached":51,"playtime":4347,"items_purged":["Defend_G","Bite","Bite"],"score":979,"play_id":"10da2d14-399b-41ad-b559-061e1b6a34bd","local_time":"20180703231425","is_ascension_mode":true,"campfire_choices":[{"data":"Riddle With Holes","floor":6.0,"key":"SMITH"},{"data":"Cloak And Dagger","floor":8.0,"key":"SMITH"},{"data":"Dodge and Roll","floor":11.0,"key":"SMITH"},{"data":"Survivor","floor":15.0,"key":"SMITH"},{"floor":23.0,"key":"REST"},{"floor":25.0,"key":"REST"},{"floor":29.0,"key":"REST"},{"floor":32.0,"key":"REST"},{"floor":40,"key":"REST"},{"data":"After Image","floor":47,"key":"SMITH"},{"floor":49,"key":"REST"}],"neow_cost":"","seed_source_timestamp":38344504176304,"circlet_count":0,"master_deck":["Defend_G","Defend_G","Defend_G","Defend_G+1","Survivor+1","Neutralize+1","Riddle With Holes+1","Dagger Spray","Slice","Blade Dance","Dodge and Roll+1","Cloak And Dagger+1","Burst","Infinite Blades","After Image+1","Finisher","Bite","Bite","Bite","Crippling Poison","Bouncing Flask","Accuracy","Envenom","Adrenaline","A Thousand Cuts","PiercingWail+1","Backstab","Endless Agony+1","Acrobatics","Cloak And Dagger","PiercingWail+1","After Image","Dash","Well Laid Plans+1","Backflip","Noxious Fumes","Acrobatics"],"special_seed":0,"relics":["Ring of the Snake","Pear","Question Card","Mummified Hand","Ancient Tea Set","Sozu","Mercury Hourglass","Smiling Mask","Meat on the Bone","Kunai","Orrery","Orichalcum","Shuriken","Oddly Smooth Stone"],"potions_floor_usage":[50],"damage_taken":[{"damage":0.0,"enemies":"2 Louse","floor":1.0,"turns":5.0},{"damage":0.0,"enemies":"Jaw Worm","floor":2.0,"turns":6.0},{"damage":0.0,"enemies":"Cultist","floor":5.0,"turns":3.0},{"damage":14.0,"enemies":"3 Sentries","floor":7.0,"turns":8.0},{"damage":0.0,"enemies":"2 Fungi Beasts","floor":10.0,"turns":3.0},{"damage":0.0,"enemies":"Blue Slaver","floor":13.0,"turns":4.0},{"damage":11.0,"enemies":"Gremlin Nob","floor":14.0,"turns":4.0},{"damage":10.0,"enemies":"Hexaghost","floor":16.0,"turns":14.0},{"damage":45.0,"enemies":"Chosen","floor":18.0,"turns":7.0},{"damage":11.0,"enemies":"2 Thieves","floor":21.0,"turns":4.0},{"damage":15.0,"enemies":"Gremlin Leader","floor":24.0,"turns":10.0},{"damage":19.0,"enemies":"Snake Plant","floor":27.0,"turns":3.0},{"damage":25.0,"enemies":"Slavers","floor":28.0,"turns":6.0},{"damage":2.0,"enemies":"Snecko","floor":31.0,"turns":4.0},{"damage":39,"enemies":"Champ","floor":33,"turns":9},{"damage":32,"enemies":"3 Darklings","floor":35,"turns":5},{"damage":0,"enemies":"3 Shapes","floor":36,"turns":4},{"damage":16,"enemies":"3 Darklings","floor":38,"turns":3},{"damage":11,"enemies":"Sphere and 2 Shapes","floor":39,"turns":4},{"damage":1,"enemies":"Giant Head","floor":41,"turns":8},{"damage":7,"enemies":"Maw","floor":42,"turns":7},{"damage":0,"enemies":"3 Darklings","floor":45,"turns":4},{"damage":14,"enemies":"2 Orb Walkers","floor":46,"turns":4},{"damage":5,"enemies":"Sphere and 2 Shapes","floor":48,"turns":5},{"damage":27,"enemies":"Time Eater","floor":50,"turns":11}],"seed_played":"8604475633918872384","potions_obtained":[{"floor":2.0,"key":"Dexterity Potion"},{"floor":5.0,"key":"GamblersBrew"},{"floor":13.0,"key":"SpeedPotion"},{"floor":16.0,"key":"LiquidBronze"}],"is_trial":false,"path_per_floor":["M","M","?","?","M","R","E","R","T","M","R","T","M","E","R","B",null,"M","?","?","M","?","R","E","R","T","M","E","R","$","M","R","B",null,"M","M","$","M","M","R","E","M","T","$","M","E","R","M","R","B"],"character_chosen":"THE_SILENT","items_purchased":["Kunai","Envenom","Cloak And Dagger","Backflip","Noxious Fumes"],"campfire_rested":6,"item_purchase_floors":[],"current_hp_per_floor":[63,63,49,49,49,49,45,45,45,45,45,45,45,34,34,24,66,21,21,21,16,16,32,39,55,55,38,21,37,37,41,56,30,50,40,44,44,34,29,45,55,51,51,51,53,41,41,40,56,35],"gold":117,"neow_bonus":"","is_prod":false,"is_daily":false,"chose_seed":false,"campfire_upgraded":5,"win_rate":0,"timestamp":1530684865,"path_taken":["M","M","?","?","M","R","E","R","T","M","R","?","M","E","R","BOSS","M","?","?","M","?","R","E","R","T","M","E","R","$","M","R","BOSS","M","M","$","M","M","R","E","M","T","?","?","E","R","?","R","BOSS"],"build_version":"2018-06-28","purchased_purges":3,"victory":true,"max_hp_per_floor":[70,70,70,70,70,70,80,80,80,80,80,80,80,80,80,80,80,80,56,56,56,56,56,56,56,56,56,56,56,56,56,56,56,56,56,56,56,56,56,56,56,56,56,56,56,56,56,56,56,56],"card_choices":[{"not_picked":["Deflect","Setup"],"picked":"Riddle With Holes","floor":1.0},{"not_picked":["Dodge and Roll","Slice"],"picked":"Dagger Spray","floor":2.0},{"not_picked":["Choke","Bane"],"picked":"Dodge and Roll","floor":5.0},{"not_picked":["Choke","Expertise"],"picked":"Cloak And Dagger","floor":7.0},{"not_picked":["Deflect","Blur","Dagger Throw","Underhanded Strike"],"picked":"SKIP","floor":10.0},{"not_picked":["Predator","Sucker Punch","Underhanded Strike"],"picked":"Burst","floor":13.0},{"not_picked":["Dagger Throw","Outmaneuver","Catalyst"],"picked":"Infinite Blades","floor":14.0},{"not_picked":["Burst","Bullet Time","Tactician"],"picked":"After Image","floor":16.0},{"not_picked":["Backstab","Dagger Throw","Dash"],"picked":"Finisher","floor":18.0},{"not_picked":["Prepared","Dodge and Roll","Bane"],"picked":"Crippling Poison","floor":21.0},{"not_picked":["Dagger Spray","Underhanded Strike","Deadly Poison"],"picked":"Bouncing Flask","floor":24.0},{"not_picked":["Eviscerate","Heel Hook","Bane","Distraction"],"picked":"SKIP","floor":27.0},{"not_picked":["Dash+1","Deflect+1","Sucker Punch+1"],"picked":"Accuracy","floor":28.0},{"not_picked":["Heel Hook","Blade Dance+1","Calculated Gamble+1"],"picked":"Adrenaline","floor":31.0},{"not_picked":["Burst","Tools of the Trade","Wraith Form v2"],"picked":"A Thousand Cuts","floor":33},{"not_picked":["Concentrate","Sucker Punch+1","Poisoned Stab+1"],"picked":"PiercingWail+1","floor":34},{"not_picked":["PiercingWail+1","Dodge and Roll+1","Prepared+1"],"picked":"Backstab","floor":34},{"not_picked":["Phantasmal Killer","Expertise","Bane"],"picked":"Endless Agony+1","floor":35},{"not_picked":["Deflect+1","Outmaneuver+1","Sucker Punch+1"],"picked":"Acrobatics","floor":36},{"not_picked":["Outmaneuver","Deadly Poison","Eviscerate"],"picked":"PiercingWail+1","floor":38},{"not_picked":["Caltrops+1","Infinite Blades+1","Cloak And Dagger"],"picked":"After Image","floor":39},{"not_picked":["Poisoned Stab+1","Dagger Spray","Prepared+1"],"picked":"Dash","floor":41},{"not_picked":["Caltrops+1","Blade Dance","Skewer+1"],"picked":"Well Laid Plans+1","floor":42},{"not_picked":["Slice","Deadly Poison+1","PiercingWail+1"],"picked":"Acrobatics","floor":45},{"not_picked":["Setup","PiercingWail+1","Bouncing Flask","Deflect+1"],"picked":"SKIP","floor":46},{"not_picked":["Blade Dance","Quick Slash","Unload","Bane"],"picked":"SKIP","floor":48}],"player_experience":677141,"relics_obtained":[{"floor":7.0,"key":"Pear"},{"floor":9.0,"key":"Question Card"},{"floor":12.0,"key":"Mummified Hand"},{"floor":14.0,"key":"Ancient Tea Set"},{"floor":24.0,"key":"Mercury Hourglass"},{"floor":26.0,"key":"Smiling Mask"},{"floor":28.0,"key":"Meat on the Bone"},{"floor":41,"key":"Orichalcum"},{"floor":43,"key":"Shuriken"},{"floor":46,"key":"Oddly Smooth Stone"}],"event_choices":[{"event_name":"Shining Light","player_choice":"Entered Light","floor":3.0,"damage_taken":0.0},{"event_name":"Match and Keep!","player_choice":"2 cards matched","floor":4.0,"damage_taken":0.0},{"event_name":"Vampires","player_choice":"Became a vampire","floor":19.0,"damage_taken":0.0},{"event_name":"Ghosts","player_choice":"Ignored","floor":20.0,"damage_taken":0.0},{"event_name":"Cursed Tome","player_choice":"Ignored","floor":22.0,"damage_taken":0.0}],"boss_relics":[{"not_picked":["Pandora\u0027s Box","Eternal Feather"],"picked":"Sozu"},{"not_picked":["Lizard Tail","Calling Bell"],"picked":"Orrery"}],"items_purged_floors":[],"is_endless":false,"potions_floor_spawned":[2,5,13,16,21,24,27,31,35,38,42,46,48],"ascension_level":7}