{"gold_per_floor":[109,109,109,130,149,182,198,229,256,256,256,271,291,311,311,437,437,458,373,373,397,411,411,411],"floor_reached":24,"playtime":2056,"items_purged":[],"score":312,"play_id":"c2bf3903-351b-4f1c-bb23-d4b70cf83d2b","local_time":"20181115191721","is_ascension_mode":true,"campfire_choices":[{"floor":10,"key":"REST"},{"data":"Flame Barrier","floor":15,"key":"SMITH"},{"floor":23,"key":"REST"}],"neow_cost":"NONE","seed_source_timestamp":2787810413841799,"circlet_count":0,"master_deck":["Strike_R+1","Strike_R","Strike_R","Strike_R","Strike_R","Defend_R","Defend_R","Defend_R","Defend_R+1","Bash","Flex","Headbutt","Flame Barrier+1","Pommel Strike","Iron Wave","Heavy Blade","Iron Wave","Double Tap","Shockwave+1","Sever Soul"],"relics":["Black Blood","Golden Idol","Letter Opener","Dream Catcher","Bag of Marbles","Blue Candle","Centennial Puzzle"],"potions_floor_usage":[8,16,16,18,22,24],"damage_taken":[{"damage":0,"enemies":"2 Louse","floor":1,"turns":2},{"damage":2,"enemies":"Jaw Worm","floor":4,"turns":3},{"damage":1,"enemies":"Cultist","floor":5,"turns":3},{"damage":45,"enemies":"Lagavulin","floor":6,"turns":8},{"damage":11,"enemies":"Exordium Thugs","floor":7,"turns":4},{"damage":16,"enemies":"Gremlin Nob","floor":8,"turns":3},{"damage":0,"enemies":"Large Slime","floor":12,"turns":5},{"damage":2,"enemies":"Red Slaver","floor":13,"turns":3},{"damage":1,"enemies":"Looter","floor":14,"turns":3},{"damage":0,"enemies":"Slime Boss","floor":16,"turns":6},{"damage":12,"enemies":"Chosen","floor":18,"turns":4},{"damage":52,"enemies":"Shell Parasite","floor":21,"turns":6},{"damage":28,"enemies":"Centurion and Healer","floor":22,"turns":7},{"damage":26,"enemies":"Gremlin Leader","floor":24,"turns":6}],"seed_played":"-3886106568694100297","potions_obtained":[{"floor":1,"key":"FairyPotion"},{"floor":7,"key":"AttackPotion"},{"floor":13,"key":"SteroidPotion"},{"floor":14,"key":"SkillPotion"},{"floor":16,"key":"Fruit Juice"},{"floor":18,"key":"LiquidBronze"},{"floor":21,"key":"Poison Potion"}],"is_trial":false,"path_per_floor":["M","?","?","M","M","E","M","E","T","R","T","M","M","M","R","B",null,"M","?","?","M","M","R","E"],"character_chosen":"IRONCLAD","items_purchased":[],"campfire_rested":2,"item_purchase_floors":[],"current_hp_per_floor":[80,60,44,48,53,14,9,14,14,38,38,44,48,53,53,59,80,83,83,75,33,15,40,14],"gold":411,"neow_bonus":"THREE_CARDS","is_prod":false,"is_daily":false,"chose_seed":false,"campfire_upgraded":1,"win_rate":0,"timestamp":1542327441,"path_taken":["M","?","?","M","M","E","M","E","T","R","?","M","M","?","R","BOSS","M","?","?","M","M","R","E"],"build_version":"2018-11-08","purchased_purges":0,"victory":false,"max_hp_per_floor":[80,80,80,80,80,80,80,80,80,80,80,80,80,80,80,80,80,85,85,85,85,85,85,85],"card_choices":[{"not_picked":["Thunderclap","Perfected Strike"],"picked":"Flex","floor":0},{"not_picked":["Twin Strike","Flex"],"picked":"Headbutt","floor":1},{"not_picked":["Flex","Warcry","Hemokinesis"],"picked":"SKIP","floor":4},{"not_picked":["Inflame","Warcry"],"picked":"Flame Barrier","floor":5},{"not_picked":["Burning Pact","Infernal Blade","Second Wind"],"picked":"SKIP","floor":6},{"not_picked":["Clash","Metallicize"],"picked":"Pommel Strike","floor":7},{"not_picked":["Anger","Carnage","Exhume"],"picked":"SKIP","floor":8},{"not_picked":["True Grit","Metallicize"],"picked":"Iron Wave","floor":10},{"not_picked":["Wild Strike","Clothesline"],"picked":"Heavy Blade","floor":12},{"not_picked":["Clash","Carnage"],"picked":"Iron Wave","floor":13},{"not_picked":["Intimidate","Wild Strike","Carnage"],"picked":"SKIP","floor":14},{"not_picked":["Dark Embrace","Immolate"],"picked":"Double Tap","floor":16},{"not_picked":["Armaments","Clothesline","Burning Pact"],"picked":"SKIP","floor":18},{"not_picked":["Whirlwind","Shrug It Off"],"picked":"Shockwave+1","floor":21},{"not_picked":["Heavy Blade","Havoc"],"picked":"Sever Soul","floor":22}],"player_experience":137602,"relics_obtained":[{"floor":6,"key":"Letter Opener"},{"floor":8,"key":"Dream Catcher"},{"floor":9,"key":"Bag of Marbles"},{"floor":11,"key":"Blue Candle"}],"event_choices":[{"damage_healed":0,"gold_gain":0,"player_choice":"Take Damage","damage_taken":20,"relics_obtained":["Golden Idol"],"max_hp_gain":0,"max_hp_loss":0,"event_name":"Golden Idol","floor":2,"gold_loss":0},{"damage_healed":0,"gold_gain":0,"player_choice":"Entered Light","damage_taken":16,"max_hp_gain":0,"max_hp_loss":0,"event_name":"Shining Light","floor":3,"gold_loss":0,"cards_upgraded":["Defend_R","Strike_R"]},{"damage_healed":0,"gold_gain":0,"player_choice":"Obtained Relic","damage_taken":0,"relics_obtained":["Centennial Puzzle"],"max_hp_gain":0,"max_hp_loss":0,"event_name":"Addict","floor":19,"gold_loss":85},{"damage_healed":0,"gold_gain":0,"player_choice":"","damage_taken":8,"max_hp_gain":0,"max_hp_loss":0,"event_name":"Knowing Skull","floor":20,"potions_obtained":[],"gold_loss":0,"cards_obtained":[]}],"is_beta":false,"boss_relics":[{"not_picked":["Runic Pyramid","Black Star"],"picked":"Black Blood"}],"items_purged_floors":[],"is_endless":false,"potions_floor_spawned":[1,7,13,14,16,18,21],"killed_by":"Gremlin Leader","ascension_level":4}