{"gold_per_floor":[110,125,140,150,150,184,204,204,258,275,275,275,305,317,329,341],"floor_reached":16,"playtime":1331,"items_purged":[],"score":104,"play_id":"d9652b48-3bce-4c75-9cb1-609d09a88274","local_time":"20181008183839","is_ascension_mode":false,"campfire_choices":[{"data":"Echo Form","floor":8,"key":"SMITH"},{"floor":11,"key":"REST"},{"floor":15,"key":"REST"}],"neow_cost":"TEN_PERCENT_HP_LOSS","seed_source_timestamp":613500168004124,"circlet_count":0,"master_deck":["Strike_B","Strike_B","Strike_B","Strike_B","Defend_B","Defend_B","Defend_B","Defend_B","Zap","Dualcast","Static Discharge","Genetic Algorithm","Ball Lightning","Regret","Echo Form+1","Redo","Injury"],"relics":["Cracked Core","Ginger","Gambling Chip","Pear","Orichalcum","MawBank","Golden Idol"],"potions_floor_usage":[10,16],"damage_taken":[{"damage":1,"enemies":"Jaw Worm","floor":1,"turns":4},{"damage":3,"enemies":"Small Slimes","floor":2,"turns":3},{"damage":4,"enemies":"Cultist","floor":3,"turns":4},{"damage":13,"enemies":"3 Louse","floor":4,"turns":3},{"damage":31,"enemies":"Gremlin Nob","floor":6,"turns":4},{"damage":8,"enemies":"2 Fungi Beasts","floor":7,"turns":3},{"damage":16,"enemies":"Large Slime","floor":10,"turns":5},{"damage":7,"enemies":"Red Slaver","floor":13,"turns":4},{"damage":30,"enemies":"The Guardian","floor":16,"turns":4}],"seed_played":"3330237357801789784","potions_obtained":[{"floor":3,"key":"Ancient Potion"},{"floor":7,"key":"SteroidPotion"},{"floor":13,"key":"GamblersBrew"}],"is_trial":false,"path_per_floor":["M","M","M","M","?","E","M","R","T","M","R","?","M","?","R"],"character_chosen":"DEFECT","items_purchased":[],"campfire_rested":2,"item_purchase_floors":[],"current_hp_per_floor":[67,64,60,47,47,26,18,18,18,2,25,13,6,6,29,0],"gold":341,"neow_bonus":"ONE_RARE_RELIC","is_prod":false,"is_daily":false,"chose_seed":false,"campfire_upgraded":1,"win_rate":0.0,"timestamp":1539038319,"path_taken":["M","M","M","M","?","E","M","R","T","M","R","?","M","?","R","BOSS"],"build_version":"2018-09-27","purchased_purges":0,"victory":false,"max_hp_per_floor":[68,68,68,68,68,78,78,78,78,78,78,78,78,78,78,78],"card_choices":[{"not_picked":["Coolheaded","Beam Cell"],"picked":"Static Discharge","floor":1},{"not_picked":["Sweeping Beam","Redo"],"picked":"Genetic Algorithm","floor":2},{"not_picked":["Cold Snap","Coolheaded"],"picked":"Ball Lightning","floor":3},{"not_picked":["Aggregate","Compile Driver","Sweeping Beam"],"picked":"SKIP","floor":4},{"not_picked":["Reprogram","Streamline"],"picked":"Echo Form","floor":6},{"not_picked":["Go for the Eyes","Force Field","Streamline"],"picked":"SKIP","floor":7},{"not_picked":["Self Repair","Steam Power"],"picked":"Redo","floor":10},{"not_picked":["Streamline","Barrage","Blizzard"],"picked":"SKIP","floor":13}],"player_experience":20711,"relics_obtained":[{"floor":6,"key":"Pear"},{"floor":9,"key":"Orichalcum"}],"event_choices":[{"event_name":"Big Fish","player_choice":"Box","floor":5,"damage_taken":0},{"event_name":"Scrap Ooze","player_choice":"success","floor":12,"damage_taken":12},{"event_name":"Golden Idol","player_choice":"Take Wound","floor":14,"damage_taken":0}],"is_beta":false,"boss_relics":[],"items_purged_floors":[],"is_endless":false,"potions_floor_spawned":[3,7,13],"killed_by":"The Guardian","ascension_level":0}