{"gold_per_floor":[117,127,227,247,260,290,290,324,324,359,375,390,417,430,430,532,532,532,532,532,532,227,227,227,227,227,227,227,227,227],"floor_reached":30,"playtime":2386,"items_purged":["Strike_R"],"score":319,"play_id":"f8c8c2b5-7584-4768-910c-4eadc5b18f59","local_time":"20181003181811","is_ascension_mode":true,"campfire_choices":[{"floor":15,"key":"REST"},{"data":"1","floor":24,"key":"LIFT"}],"neow_cost":"PERCENT_DAMAGE","seed_source_timestamp":1456723464268068,"circlet_count":0,"master_deck":["Strike_R","Strike_R","Strike_R","Strike_R","Defend_R","Defend_R","Defend_R","Defend_R+1","Bash","Clothesline","Shrug It Off","Iron Wave","Flame Barrier+1","Anger","Intimidate","Disarm","Double Tap","Rampage+1","Shrug It Off","Berserk","Anger+1","Clash+1","Clash+1","Combust","Bludgeon","Infernal Blade","Anger","Sever Soul"],"relics":["Burning Blood","Incense Burner","PreservedInsect","Potion Belt","Bag of Preparation","Matryoshka","War Paint","Ectoplasm","Whetstone","Girya","Juzu Bracelet","Smiling Mask","Anchor"],"potions_floor_usage":[11,12,16,29,29,29,30],"damage_taken":[{"damage":3,"enemies":"Cultist","floor":1,"turns":5},{"damage":0,"enemies":"2 Louse","floor":2,"turns":3},{"damage":1,"enemies":"Jaw Worm","floor":4,"turns":5},{"damage":0,"enemies":"2 Fungi Beasts","floor":5,"turns":7},{"damage":17,"enemies":"Lagavulin","floor":6,"turns":11},{"damage":16,"enemies":"Gremlin Nob","floor":8,"turns":4},{"damage":18,"enemies":"3 Sentries","floor":10,"turns":8},{"damage":41,"enemies":"Gremlin Gang","floor":11,"turns":6},{"damage":5,"enemies":"Exordium Thugs","floor":12,"turns":9},{"damage":6,"enemies":"Lagavulin","floor":13,"turns":9},{"damage":3,"enemies":"Blue Slaver","floor":14,"turns":5},{"damage":14,"enemies":"Slime Boss","floor":16,"turns":14},{"damage":4,"enemies":"Chosen","floor":18,"turns":5},{"damage":3,"enemies":"Shell Parasite","floor":20,"turns":5},{"damage":40,"enemies":"Sentry and Sphere","floor":21,"turns":6},{"damage":32,"enemies":"Gremlin Leader","floor":23,"turns":5},{"damage":13,"enemies":"Slavers","floor":25,"turns":4},{"damage":0,"enemies":"Snake Plant","floor":28,"turns":2},{"damage":0,"enemies":"Snecko","floor":29,"turns":2},{"damage":15,"enemies":"Gremlin Leader","floor":30,"turns":2}],"seed_played":"-5870213449928239734","potions_obtained":[{"floor":4,"key":"Ancient Potion"},{"floor":5,"key":"EssenceOfSteel"},{"floor":8,"key":"Swift Potion"},{"floor":12,"key":"SkillPotion"},{"floor":13,"key":"SpeedPotion"},{"floor":18,"key":"AttackPotion"},{"floor":19,"key":"SkillPotion"},{"floor":19,"key":"Explosive Potion"},{"floor":29,"key":"Swift Potion"}],"is_trial":false,"path_per_floor":["M","M","?","M","M","E","?","E","T","E","M","M","E","M","R","B",null,"M","?","M","M","$","E","R","E","T","?","M","M"],"character_chosen":"IRONCLAD","items_purchased":["Whetstone","Combust"],"campfire_rested":1,"item_purchase_floors":[22,22],"current_hp_per_floor":[59,65,65,70,76,65,70,60,60,48,13,14,14,17,42,34,85,85,85,85,51,51,25,25,18,18,2,8,14,0],"gold":227,"neow_bonus":"ONE_RARE_RELIC","is_prod":false,"is_daily":false,"chose_seed":false,"campfire_upgraded":0,"win_rate":0,"timestamp":1538583491,"path_taken":["M","?","?","M","M","E","?","E","T","E","?","M","E","M","R","BOSS","M","?","M","M","$","E","R","E","T","?","M","M","E"],"build_version":"2018-09-27","purchased_purges":1,"victory":false,"max_hp_per_floor":[80,80,80,80,80,80,85,85,85,85,85,85,85,85,85,85,85,85,85,85,85,85,85,85,85,85,90,90,90,90],"card_choices":[{"not_picked":["Cleave","Shrug It Off"],"picked":"Clothesline","floor":1},{"not_picked":["Thunderclap","True Grit"],"picked":"Shrug It Off","floor":2},{"not_picked":["Ghostly Armor","Body Slam"],"picked":"Iron Wave","floor":4},{"not_picked":["Corruption","Burning Pact"],"picked":"Flame Barrier","floor":5},{"not_picked":["Flex","Dark Embrace"],"picked":"Anger","floor":6},{"not_picked":["Feel No Pain","Whirlwind"],"picked":"Intimidate","floor":8},{"not_picked":["Flex","Pommel Strike"],"picked":"Disarm","floor":10},{"not_picked":["Body Slam","Flex","Hemokinesis"],"picked":"SKIP","floor":11},{"not_picked":["Flex","Pummel"],"picked":"Double Tap","floor":12},{"not_picked":["Heavy Blade","Iron Wave"],"picked":"Rampage","floor":13},{"not_picked":["Sword Boomerang","Heavy Blade"],"picked":"Shrug It Off","floor":14},{"not_picked":["Impervious","Barricade"],"picked":"Berserk","floor":16},{"not_picked":["Body Slam","Headbutt"],"picked":"Anger+1","floor":18},{"not_picked":["Sword Boomerang+1","Corruption"],"picked":"Clash","floor":20},{"not_picked":["Thunderclap","Body Slam"],"picked":"Clash+1","floor":21},{"not_picked":["Shrug It Off","Spot Weakness"],"picked":"Bludgeon","floor":23},{"not_picked":["Thunderclap+1","Power Through"],"picked":"Infernal Blade","floor":25},{"not_picked":["Rampage","Whirlwind"],"picked":"Anger","floor":28},{"not_picked":["Iron Wave","Twin Strike"],"picked":"Sever Soul","floor":29}],"player_experience":48726,"relics_obtained":[{"floor":6,"key":"PreservedInsect"},{"floor":8,"key":"Potion Belt"},{"floor":9,"key":"Bag of Preparation"},{"floor":10,"key":"Matryoshka"},{"floor":13,"key":"War Paint"},{"floor":23,"key":"Girya"},{"floor":25,"key":"Juzu Bracelet"},{"floor":26,"key":"Smiling Mask"},{"floor":26,"key":"Anchor"}],"event_choices":[{"event_name":"Golden Shrine","player_choice":"Pray","floor":3,"damage_taken":0},{"event_name":"Big Fish","player_choice":"Donut","floor":7,"damage_taken":0},{"event_name":"The Lab","player_choice":"Got Potions","floor":19,"damage_taken":0},{"event_name":"Forgotten Altar","player_choice":"Shed Blood","floor":27,"damage_taken":0}],"is_beta":false,"boss_relics":[{"not_picked":["Philosopher\u0027s Stone","Coffee Dripper"],"picked":"Ectoplasm"}],"items_purged_floors":[22],"is_endless":false,"potions_floor_spawned":[4,5,8,12,13,18,20,29],"killed_by":"Gremlin Leader","ascension_level":1}