{"gold_per_floor":[119,119,134,152,172,172,204,204,204,204,238,238,255,269,269,343,343,360,360,360,360,450,450,475,475,475,10,20,37,71,87,87,161,161,174,185,203,218,218,218,60,7,31,31,58,58,91,111,111,111],"floor_reached":50,"playtime":5204,"items_purged":["Decay"],"score":1175,"play_id":"f502f514-dcbc-4651-afd9-32a0ba7e2ac8","local_time":"20190411060157","is_ascension_mode":true,"campfire_choices":[{"data":"Bash","floor":6,"key":"SMITH"},{"data":"Shrug It Off","floor":8,"key":"SMITH"},{"floor":10,"key":"REST"},{"data":"Anger","floor":15,"key":"SMITH"},{"data":"Whirlwind","floor":23,"key":"SMITH"},{"floor":25,"key":"REST"},{"data":"Rage","floor":32,"key":"SMITH"},{"floor":40,"key":"REST"},{"floor":44,"key":"RECALL"},{"data":"Havoc","floor":46,"key":"SMITH"},{"data":"Juggernaut","floor":49,"key":"SMITH"}],"neow_cost":"NONE","seed_source_timestamp":1894495118720200,"circlet_count":0,"master_deck":["AscendersBane","Bash+1","Shrug It Off+1","Iron Wave","Rampage","Battle Trance","Seeing Red+1","Anger+1","Dropkick","Offering","Offering","Rage","Feel No Pain","Havoc+1","Reaper","Pommel Strike","Exhume","Whirlwind+1","Power Through","Ghostly Armor","Feel No Pain+1","Rage+1","Feed","Juggernaut+1","Flame Barrier+1","Reaper","Reckless Charge+1","Evolve+1","Rage"],"relics":["Burning Blood","Regal Pillow","Dodecahedron","Kunai","Shuriken","Pandora\u0027s Box","Anchor","Boot","Sundial","Singing Bowl","Self Forming Clay","Empty Cage","Charon\u0027s Ashes","Art of War"],"potions_floor_usage":[5,7,14,24,30,30,33,33,45,45,50,50],"damage_taken":[{"damage":2,"enemies":"2 Louse","floor":1,"turns":3},{"damage":9,"enemies":"Jaw Worm","floor":3,"turns":4},{"damage":7,"enemies":"Small Slimes","floor":4,"turns":4},{"damage":35,"enemies":"Exordium Thugs","floor":5,"turns":7},{"damage":23,"enemies":"Gremlin Nob","floor":7,"turns":4},{"damage":40,"enemies":"3 Sentries","floor":11,"turns":14},{"damage":0,"enemies":"3 Louse","floor":13,"turns":4},{"damage":0,"enemies":"2 Fungi Beasts","floor":14,"turns":3},{"damage":23,"enemies":"Hexaghost","floor":16,"turns":8},{"damage":20,"enemies":"3 Byrds","floor":18,"turns":5},{"damage":30,"enemies":"Book of Stabbing","floor":24,"turns":3},{"damage":12,"enemies":"2 Thieves","floor":28,"turns":1},{"damage":20,"enemies":"Snake Plant","floor":29,"turns":5},{"damage":12,"enemies":"Slavers","floor":30,"turns":3},{"damage":12,"enemies":"Centurion and Healer","floor":31,"turns":6},{"damage":62,"enemies":"Automaton","floor":33,"turns":10},{"damage":33,"enemies":"3 Darklings","floor":35,"turns":4},{"damage":6,"enemies":"3 Shapes","floor":36,"turns":12},{"damage":27,"enemies":"Spire Growth","floor":37,"turns":6},{"damage":12,"enemies":"Sphere and 2 Shapes","floor":38,"turns":6},{"damage":36,"enemies":"Reptomancer","floor":45,"turns":7},{"damage":25,"enemies":"Nemesis","floor":47,"turns":8},{"damage":8,"enemies":"3 Darklings","floor":48,"turns":3},{"damage":122,"enemies":"Awakened One","floor":50,"turns":10}],"seed_played":"-7176117538455583211","potions_obtained":[{"floor":1,"key":"Strength Potion"},{"floor":3,"key":"GamblersBrew"},{"floor":11,"key":"SneckoOil"},{"floor":13,"key":"Fruit Juice"},{"floor":14,"key":"SteroidPotion"},{"floor":24,"key":"SneckoOil"},{"floor":30,"key":"EssenceOfSteel"},{"floor":31,"key":"Strength Potion"},{"floor":36,"key":"AttackPotion"},{"floor":45,"key":"Fire Potion"},{"floor":47,"key":"EssenceOfSteel"}],"is_trial":false,"path_per_floor":["M","?","M","M","M","R","E","R","T","R","E","?","M","M","R","B",null,"M","?","?","T","?","R","E","R","T","$","M","M","E","M","R","B",null,"M","M","M","M","?","R","$","$","T","R","E","R","E","M","R","B"],"character_chosen":"IRONCLAD","items_purchased":["Singing Bowl","SteroidPotion","PowerPotion","Reaper","SkillPotion"],"campfire_rested":3,"item_purchase_floors":[27,27,27,41,42],"current_hp_per_floor":[79,74,71,70,41,41,24,24,24,63,29,29,35,46,46,29,73,65,65,65,65,49,49,32,73,73,73,67,53,89,89,89,44,80,64,64,50,49,49,94,94,94,94,94,87,87,73,100,100,0],"gold":111,"neow_bonus":"TEN_PERCENT_HP_BONUS","is_prod":false,"is_daily":false,"chose_seed":false,"campfire_upgraded":7,"win_rate":0,"timestamp":1554958917,"path_taken":["M","?","M","M","M","R","E","R","T","R","E","?","M","M","R","BOSS","M","?","?","?","?","R","E","R","T","$","M","M","E","M","R","BOSS","M","M","M","M","?","R","?","$","T","R","E","R","E","M","R","BOSS"],"build_version":"2019-01-23","purchased_purges":1,"victory":false,"max_hp_per_floor":[82,82,82,82,82,82,82,82,82,82,82,82,82,87,87,87,87,87,87,87,87,87,87,87,87,87,87,87,87,89,89,89,92,92,94,94,96,101,101,101,101,101,101,101,101,101,101,101,101,101],"card_choices":[{"not_picked":["Flame Barrier","Ghostly Armor"],"picked":"Shrug It Off","floor":1},{"not_picked":["Armaments","Flame Barrier"],"picked":"Iron Wave","floor":3},{"not_picked":["Sever Soul","Evolve"],"picked":"Rampage","floor":4},{"not_picked":["Rampage","Sentinel","Perfected Strike"],"picked":"SKIP","floor":5},{"not_picked":["Hemokinesis","Sword Boomerang"],"picked":"Battle Trance","floor":7},{"not_picked":["Pommel Strike","Wild Strike"],"picked":"Seeing Red","floor":11},{"not_picked":["Armaments","Uppercut"],"picked":"Anger","floor":13},{"not_picked":["Thunderclap","Perfected Strike"],"picked":"Dropkick","floor":14},{"not_picked":["Juggernaut","Limit Break"],"picked":"Offering","floor":16},{"not_picked":["Dropkick","Headbutt"],"picked":"Whirlwind","floor":18},{"not_picked":["Perfected Strike","Anger"],"picked":"Ghostly Armor","floor":24},{"not_picked":["Carnage+1","Pummel"],"picked":"Feel No Pain+1","floor":28},{"not_picked":["Perfected Strike","Body Slam"],"picked":"Rage","floor":29},{"not_picked":["Pummel","Heavy Blade","Flex"],"picked":"Singing Bowl","floor":30},{"not_picked":["Iron Wave","Bloodletting"],"picked":"Feed","floor":31},{"not_picked":["Fiend Fire","Feed"],"picked":"Juggernaut","floor":33},{"not_picked":["Thunderclap","Perfected Strike+1","Wild Strike+1"],"picked":"Singing Bowl","floor":35},{"not_picked":["Anger","Cleave"],"picked":"Flame Barrier+1","floor":36},{"not_picked":["Iron Wave+1","Searing Blow","Perfected Strike+1"],"picked":"Singing Bowl","floor":37},{"not_picked":["Hemokinesis","Pommel Strike","Wild Strike"],"picked":"Singing Bowl","floor":38},{"not_picked":["Heavy Blade","Sever Soul+1"],"picked":"Reckless Charge+1","floor":45},{"not_picked":["Heavy Blade","Havoc+1"],"picked":"Evolve+1","floor":47},{"not_picked":["Iron Wave+1","Infernal Blade"],"picked":"Rage","floor":48}],"player_experience":2678269,"relics_obtained":[{"floor":7,"key":"Dodecahedron"},{"floor":9,"key":"Kunai"},{"floor":11,"key":"Shuriken"},{"floor":21,"key":"Anchor"},{"floor":24,"key":"Boot"},{"floor":26,"key":"Sundial"},{"floor":30,"key":"Self Forming Clay"},{"floor":45,"key":"Charon\u0027s Ashes"},{"floor":47,"key":"Art of War"}],"event_choices":[{"damage_healed":0,"gold_gain":0,"player_choice":"Success","damage_taken":5,"relics_obtained":["Regal Pillow"],"max_hp_gain":0,"max_hp_loss":0,"event_name":"Scrap Ooze","floor":2,"gold_loss":0},{"damage_healed":0,"gold_gain":0,"player_choice":"Grow","damage_taken":0,"max_hp_gain":0,"max_hp_loss":0,"event_name":"Living Wall","floor":12,"gold_loss":0,"cards_upgraded":["Seeing Red"]},{"damage_healed":0,"gold_gain":0,"player_choice":"Smashed Altar","damage_taken":0,"max_hp_gain":0,"max_hp_loss":0,"event_name":"Forgotten Altar","floor":19,"gold_loss":0,"cards_obtained":["Decay"]},{"damage_healed":0,"gold_gain":0,"player_choice":"Read","damage_taken":0,"max_hp_gain":0,"max_hp_loss":0,"event_name":"The Library","floor":20,"gold_loss":0,"cards_obtained":["Power Through"]},{"damage_healed":0,"gold_gain":90,"player_choice":"GOLD ","damage_taken":16,"max_hp_gain":0,"max_hp_loss":0,"event_name":"Knowing Skull","floor":22,"potions_obtained":[],"gold_loss":0,"cards_obtained":[]},{"damage_healed":0,"gold_gain":0,"player_choice":"Ignored","damage_taken":0,"max_hp_gain":0,"max_hp_loss":0,"event_name":"SecretPortal","floor":39,"gold_loss":0}],"is_beta":false,"boss_relics":[{"not_picked":["Runic Cube","Coffee Dripper"],"picked":"Pandora\u0027s Box"},{"not_picked":["Lizard Tail","Philosopher\u0027s Stone"],"picked":"Empty Cage"}],"items_purged_floors":[27],"is_endless":false,"potions_floor_spawned":[1,3,11,13,14,24,30,31,36,45,47],"killed_by":"Awakened One","ascension_level":20}