{"gold_per_floor":[110,129,54,66,85,85,119,130,130,164,174,184,209,219,219,294,294,310,310,323,14,33,33,46,109,109,109,442,442,55,73,73,147,147,164,164,164,194,250,250,277,277,277,277,304,334,389,424,424,424,444,444,444,6,32,32],"floor_reached":57,"playtime":3346,"items_purged":["Strike_R","Strike_R","Searing Blow"],"score":3572,"play_id":"bbb2b5a6-15ee-4bb0-a6c9-7151bfeccdd4","local_time":"20181227181006","is_ascension_mode":true,"campfire_choices":[{"data":"Inflame","floor":6.0,"key":"SMITH"},{"data":"Spot Weakness","floor":15.0,"key":"SMITH"},{"data":"Battle Trance","floor":27.0,"key":"SMITH"},{"data":"Barricade","floor":29.0,"key":"SMITH"},{"data":"Burning Pact","floor":32.0,"key":"SMITH"},{"data":"True Grit","floor":40.0,"key":"SMITH"},{"data":"Feel No Pain","floor":42.0,"key":"SMITH"},{"floor":49.0,"key":"RECALL"},{"data":"Offering","floor":53.0,"key":"SMITH"}],"neow_cost":"TEN_PERCENT_HP_LOSS","seed_source_timestamp":660311065165,"circlet_count":0,"master_deck":["AscendersBane","Bash","Offering+1","Feel No Pain+1","Metallicize","Inflame+1","Iron Wave","Battle Trance+1","Evolve","Spot Weakness+1","Fiend Fire","Sword Boomerang","Barricade+1","Burning Pact+1","Second Wind","Demon Form","True Grit+1","Feed+1","Disarm","Flash of Steel","HandOfGreed+1","Body Slam+1","Shrug It Off+1","Master of Strategy"],"special_seed":0,"relics":["Burning Blood","Vajra","Magic Flower","Mummified Hand","Thread and Needle","Mark of Pain","Bag of Preparation","Tiny Chest","Gremlin Horn","Old Coin","Sundial","Pandora\u0027s Box","Anchor","Paper Frog","Oddly Smooth Stone","Orichalcum","Membership Card","Whetstone"],"potions_floor_usage":[56,56],"damage_taken":[{"damage":8.0,"enemies":"Jaw Worm","floor":1.0,"turns":3.0},{"damage":13.0,"enemies":"Small Slimes","floor":2.0,"turns":3.0},{"damage":9.0,"enemies":"Cultist","floor":4.0,"turns":3.0},{"damage":10.0,"enemies":"2 Fungi Beasts","floor":5.0,"turns":5.0},{"damage":11.0,"enemies":"Gremlin Nob","floor":7.0,"turns":3.0},{"damage":11.0,"enemies":"Blue Slaver","floor":8.0,"turns":3.0},{"damage":20.0,"enemies":"3 Sentries","floor":10.0,"turns":9.0},{"damage":6.0,"enemies":"Lots of Slimes","floor":11.0,"turns":4.0},{"damage":11.0,"enemies":"3 Louse","floor":12.0,"turns":3.0},{"damage":6.0,"enemies":"Lagavulin","floor":13.0,"turns":4.0},{"damage":6.0,"enemies":"Exordium Wildlife","floor":14.0,"turns":3.0},{"damage":34.0,"enemies":"Hexaghost","floor":16.0,"turns":9.0},{"damage":15.0,"enemies":"Shell Parasite","floor":18.0,"turns":3.0},{"damage":8.0,"enemies":"3 Byrds","floor":20.0,"turns":4.0},{"damage":12.0,"enemies":"Snecko","floor":22.0,"turns":5.0},{"damage":0.0,"enemies":"Sentry and Sphere","floor":24.0,"turns":5.0},{"damage":16.0,"enemies":"Book of Stabbing","floor":25.0,"turns":3.0},{"damage":6.0,"enemies":"Gremlin Leader","floor":28.0,"turns":5.0},{"damage":9.0,"enemies":"Centurion and Healer","floor":31.0,"turns":5.0},{"damage":24.0,"enemies":"Collector","floor":33.0,"turns":6.0},{"damage":25.0,"enemies":"3 Darklings","floor":35.0,"turns":4.0},{"damage":6.0,"enemies":"Orb Walker","floor":38.0,"turns":3.0},{"damage":6.0,"enemies":"Sphere and 2 Shapes","floor":39.0,"turns":4.0},{"damage":15.0,"enemies":"Nemesis","floor":41.0,"turns":3.0},{"damage":6.0,"enemies":"Reptomancer","floor":45.0,"turns":2.0},{"damage":6.0,"enemies":"Maw","floor":46.0,"turns":5.0},{"damage":10.0,"enemies":"Nemesis","floor":47.0,"turns":5.0},{"damage":8.0,"enemies":"Jaw Worm Horde","floor":48.0,"turns":3.0},{"damage":6.0,"enemies":"Time Eater","floor":50.0,"turns":5.0},{"damage":6.0,"enemies":"Awakened One","floor":51.0,"turns":7.0},{"damage":21.0,"enemies":"Shield and Spear","floor":55.0,"turns":3.0},{"damage":0,"enemies":"The Heart","floor":56,"turns":7}],"seed_played":"-9222536193156854174","potions_obtained":[{"floor":2.0,"key":"SteroidPotion"},{"floor":5.0,"key":"Weak Potion"},{"floor":7.0,"key":"Fruit Juice"},{"floor":11.0,"key":"AttackPotion"},{"floor":12.0,"key":"FearPotion"},{"floor":24.0,"key":"Weak Potion"},{"floor":28.0,"key":"Regen Potion"},{"floor":33.0,"key":"PowerPotion"},{"floor":41.0,"key":"SkillPotion"},{"floor":45.0,"key":"Energy Potion"},{"floor":48.0,"key":"Dexterity Potion"}],"is_trial":false,"path_per_floor":["M","M","?","M","M","R","E","M","T","E","M","M","E","M","R","B",null,"M","?","M","$","M","?","E","T","R","E","R","$","M","R","B","M","?","?","M","M","R","E","R","T","T","E","M","E","M","R","B",null,"R","E",null],"character_chosen":"IRONCLAD","items_purchased":["Barricade","Fire Potion","Sundial","Membership Card","Master of Strategy","SpeedPotion","Ancient Potion"],"campfire_rested":0,"item_purchase_floors":[21,21,30,54,54,54,54],"current_hp_per_floor":[66,59,59,56,52,52,52,47,47,36,39,37,40,43,43,18,59,53,53,54,54,51,51,60,53,53,53,56,56,56,56,56,41,65,63,63,53,56,59,59,53,53,53,53,56,59,58,59,59,62,65,71,71,71,59,68],"gold":32,"neow_bonus":"THREE_RARE_CARDS","is_prod":false,"is_daily":false,"chose_seed":false,"campfire_upgraded":8,"win_rate":0,"timestamp":1545905406,"path_taken":["M","M","?","M","M","R","E","M","T","E","M","M","E","M","R","BOSS","M","?","M","$","M","?","M","E","T","R","E","R","$","?","R","BOSS","M","?","?","M","M","R","E","R","T","?","E","?","E","M","R","BOSS","BOSS","R","$","E","BOSS"],"build_version":"2018-12-25","purchased_purges":3,"victory":true,"max_hp_per_floor":[68,68,68,68,68,68,73,73,73,73,73,73,73,73,73,73,73,73,73,73,73,73,73,73,73,73,73,73,73,73,73,73,73,73,73,73,73,73,73,73,73,73,73,73,73,73,73,73,73,73,73,73,73,73,73,73],"card_choices":[{"not_picked":["Exhume","Berserk"],"picked":"Offering","floor":0.0},{"not_picked":["Body Slam","Wild Strike"],"picked":"Feel No Pain","floor":1.0},{"not_picked":["Sever Soul","Heavy Blade"],"picked":"Metallicize","floor":2.0},{"not_picked":["Clash","Pummel"],"picked":"Inflame","floor":4.0},{"not_picked":["Cleave","Body Slam","Heavy Blade"],"picked":"SKIP","floor":5.0},{"not_picked":["Berserk","Clothesline"],"picked":"Iron Wave","floor":7.0},{"not_picked":["Heavy Blade","Clothesline","Anger"],"picked":"SKIP","floor":8.0},{"not_picked":["Shrug It Off","Thunderclap","Perfected Strike"],"picked":"SKIP","floor":10.0},{"not_picked":["Shrug It Off","Thunderclap","Perfected Strike"],"picked":"SKIP","floor":10.0},{"not_picked":["Armaments","Body Slam"],"picked":"Battle Trance","floor":11.0},{"not_picked":["Anger","Fire Breathing"],"picked":"Evolve","floor":12.0},{"not_picked":["Shockwave","Ghostly Armor"],"picked":"Spot Weakness","floor":13.0},{"not_picked":["Carnage","Clothesline","Shrug It Off"],"picked":"SKIP","floor":14.0},{"not_picked":["Juggernaut","Offering"],"picked":"Fiend Fire","floor":16.0},{"not_picked":["Wild Strike","Headbutt","Iron Wave"],"picked":"SKIP","floor":18.0},{"not_picked":["Perfected Strike","Pommel Strike"],"picked":"Sword Boomerang","floor":20.0},{"not_picked":["Sword Boomerang","Sever Soul","True Grit"],"picked":"SKIP","floor":22.0},{"not_picked":["Headbutt","Cleave","Wild Strike"],"picked":"SKIP","floor":24.0},{"not_picked":["Headbutt","Cleave","Wild Strike"],"picked":"SKIP","floor":24.0},{"not_picked":["Dark Embrace","Headbutt+1"],"picked":"Burning Pact","floor":25.0},{"not_picked":["Pommel Strike","Twin Strike"],"picked":"Second Wind","floor":28.0},{"not_picked":["Thunderclap+1","Warcry","Clash"],"picked":"SKIP","floor":31.0},{"not_picked":["Iron Wave+1","Havoc+1","Clothesline"],"picked":"SKIP","floor":35.0},{"not_picked":["Thinking Ahead","Bandage Up"],"picked":"Flash of Steel","floor":37.0},{"not_picked":["Flash of Steel","Mind Blast"],"picked":"HandOfGreed","floor":37.0},{"not_picked":["Wild Strike","Sentinel","Anger+1"],"picked":"SKIP","floor":38.0},{"not_picked":["Clothesline","Clash"],"picked":"Body Slam+1","floor":39.0},{"not_picked":["Clothesline","Heavy Blade","Corruption"],"picked":"SKIP","floor":41.0},{"not_picked":["Hemokinesis","Sentinel"],"picked":"Shrug It Off+1","floor":45.0},{"not_picked":["Wild Strike+1","Heavy Blade","Warcry"],"picked":"SKIP","floor":46.0},{"not_picked":["Clothesline","Barricade","Body Slam"],"picked":"SKIP","floor":47.0},{"not_picked":["Armaments","Body Slam","Sword Boomerang+1"],"picked":"SKIP","floor":48.0},{"not_picked":["Reckless Charge+1","Cleave+1","Metallicize"],"picked":"SKIP","floor":55.0}],"player_experience":1190368,"relics_obtained":[{"floor":7.0,"key":"Vajra"},{"floor":9.0,"key":"Magic Flower"},{"floor":10.0,"key":"Mummified Hand"},{"floor":13.0,"key":"Thread and Needle"},{"floor":25.0,"key":"Tiny Chest"},{"floor":26.0,"key":"Gremlin Horn"},{"floor":28.0,"key":"Old Coin"},{"floor":41.0,"key":"Anchor"},{"floor":44.0,"key":"Paper Frog"},{"floor":45.0,"key":"Oddly Smooth Stone"},{"floor":47.0,"key":"Orichalcum"},{"floor":55.0,"key":"Whetstone"}],"event_choices":[{"cards_removed":["Defend_R"],"damage_healed":0.0,"max_hp_gain":0.0,"max_hp_loss":0.0,"gold_gain":0.0,"event_name":"The Cleric","player_choice":"Card Removal","floor":3.0,"gold_loss":75.0,"damage_taken":0.0},{"cards_removed":["Strike_R"],"damage_healed":0.0,"max_hp_gain":0.0,"max_hp_loss":0.0,"gold_gain":0.0,"event_name":"Back to Basics","player_choice":"Elegance","floor":19.0,"gold_loss":0.0,"damage_taken":0.0},{"damage_healed":0.0,"max_hp_gain":0.0,"max_hp_loss":0.0,"gold_gain":0.0,"event_name":"WeMeetAgain","player_choice":"Gave Potion","floor":23.0,"gold_loss":0.0,"damage_taken":0.0,"relics_obtained":["Bag of Preparation"]},{"damage_healed":0.0,"max_hp_gain":0.0,"max_hp_loss":0.0,"gold_gain":0.0,"event_name":"Tomb of Lord Red Mask","player_choice":"Ignored","floor":36.0,"gold_loss":0.0,"damage_taken":0.0},{"damage_healed":0.0,"max_hp_gain":0.0,"max_hp_loss":0.0,"gold_gain":0.0,"event_name":"SensoryStone","player_choice":"Memory 3","floor":37.0,"gold_loss":0.0,"damage_taken":10.0}],"is_beta":true,"boss_relics":[{"not_picked":["Tiny House","Runic Cube"],"picked":"Mark of Pain"},{"not_picked":["Velvet Choker","Philosopher\u0027s Stone"],"picked":"Pandora\u0027s Box"}],"items_purged_floors":[21,30,54],"is_endless":false,"potions_floor_spawned":[2,5,7,11,12,24,28,33,41,45,48],"ascension_level":20}