{"gold_per_floor":[115,115,115,130,0,36,36,69,151,151,65,65,37,106,106,106],"floor_reached":16,"playtime":412,"items_purged":[],"score":208,"play_id":"3bac85a6-f85c-4430-8f51-c218c6f0c059","local_time":"20181201165610","is_ascension_mode":true,"campfire_choices":[{"data":"Defragment","floor":7.0,"key":"SMITH"},{"data":"Streamline","floor":10.0,"key":"SMITH"},{"data":"Dualcast","floor":12.0,"key":"SMITH"},{"data":"Zap","floor":15.0,"key":"SMITH"}],"neow_cost":"CURSE","seed_source_timestamp":761394773508,"circlet_count":0,"master_deck":["AscendersBane","Strike_B","Strike_B","Strike_B","Strike_B","Defend_B","Defend_B","Defend_B","Defend_B","Zap+1","Dualcast+1","Streamline+1","Glacier","Defragment+1","Skim","Coolheaded","Conserve Battery"],"special_seed":0,"relics":["Cracked Core","Mango","Golden Idol","Potion Belt","Mercury Hourglass","Gremlin Horn","Bird Faced Urn","Darkstone Periapt"],"potions_floor_usage":[],"damage_taken":[{"damage":10.0,"enemies":"Small Slimes","floor":1.0,"turns":3.0},{"damage":0.0,"enemies":"2 Louse","floor":4.0,"turns":2.0},{"damage":20.0,"enemies":"Gremlin Nob","floor":6.0,"turns":4.0},{"damage":4.0,"enemies":"Lagavulin","floor":8.0,"turns":9.0},{"damage":54,"enemies":"Hexaghost","floor":16,"turns":14}],"seed_played":"7472779338801047147","potions_obtained":[{"floor":6.0,"key":"Strength Potion"}],"is_trial":false,"path_per_floor":["M","?","?","M","$","E","R","E","T","R","?","R","$","T","R","B"],"character_chosen":"DEFECT","items_purchased":["Defragment","Strength Potion","Conserve Battery"],"campfire_rested":0,"item_purchase_floors":[5,5,13],"current_hp_per_floor":[68,68,68,68,68,48,48,44,44,44,44,44,44,44,44,0],"gold":106,"neow_bonus":"ONE_RARE_RELIC","is_prod":false,"is_daily":false,"chose_seed":false,"campfire_upgraded":4,"win_rate":0,"timestamp":1543654570,"path_taken":["M","?","?","?","$","E","R","E","T","R","?","R","$","?","R","BOSS"],"build_version":"2018-11-15","purchased_purges":0,"victory":false,"max_hp_per_floor":[85,77,77,77,77,77,77,77,77,77,77,77,77,77,77,77],"card_choices":[{"not_picked":["Stack","Reinforced Body"],"picked":"Streamline","floor":1.0},{"not_picked":["Turbo","Chill"],"picked":"Glacier","floor":4.0},{"not_picked":["Skim","Streamline","BootSequence"],"picked":"SKIP","floor":6.0},{"not_picked":["Streamline","BootSequence"],"picked":"Skim","floor":6.0},{"not_picked":["Chill","Steam"],"picked":"Coolheaded","floor":8.0}],"player_experience":2234059,"relics_obtained":[{"floor":6.0,"key":"Potion Belt"},{"floor":8.0,"key":"Mercury Hourglass"},{"floor":9.0,"key":"Gremlin Horn"},{"floor":14.0,"key":"Darkstone Periapt"}],"event_choices":[{"damage_healed":0.0,"max_hp_gain":0.0,"max_hp_loss":8.0,"gold_gain":0.0,"event_name":"Golden Idol","player_choice":"Lose Max HP","floor":2.0,"gold_loss":0.0,"damage_taken":0.0,"relics_obtained":["Golden Idol"]},{"cards_removed":["Pain"],"damage_healed":0.0,"max_hp_gain":0.0,"max_hp_loss":0.0,"gold_gain":0.0,"event_name":"Purifier","player_choice":"Purged","floor":3.0,"gold_loss":0.0,"damage_taken":0.0},{"damage_healed":0.0,"max_hp_gain":0.0,"max_hp_loss":0.0,"gold_gain":0.0,"event_name":"WeMeetAgain","player_choice":"Paid Gold","floor":11.0,"gold_loss":86.0,"damage_taken":0.0,"relics_obtained":["Bird Faced Urn"]}],"is_beta":false,"boss_relics":[],"items_purged_floors":[],"is_endless":false,"potions_floor_spawned":[6],"killed_by":"Hexaghost","ascension_level":20}