{"gold_per_floor":[119,89,104,115,133,133,148,177,177,177,210,285,296,315,315,390,390,403,403,332,345,345,345,345],"floor_reached":24,"playtime":794,"items_purged":[],"score":364,"play_id":"270c5f6b-f2f6-48f5-93a4-e19b4125b8d7","local_time":"20181110102309","is_ascension_mode":true,"campfire_choices":[{"data":"Combust","floor":6.0,"key":"SMITH"},{"data":"Bash","floor":10.0,"key":"SMITH"},{"data":"Feel No Pain","floor":15.0,"key":"SMITH"},{"data":"Whirlwind","floor":23,"key":"SMITH"}],"neow_cost":"NONE","seed_source_timestamp":11659617734844,"circlet_count":0,"master_deck":["AscendersBane","Strike_R+1","Strike_R+1","Strike_R+1","Strike_R+1","Strike_R+1","Defend_R+1","Defend_R+1","Defend_R+1","Defend_R+1","Bash+1","Clothesline","Shrug It Off","Combust+1","Pommel Strike","Spot Weakness","Whirlwind+1","Feel No Pain+1","Dark Embrace","Power Through","Feel No Pain"],"special_seed":0,"relics":["Burning Blood","Anchor","Kunai","Pear","Philosopher\u0027s Stone"],"potions_floor_usage":[24],"damage_taken":[{"damage":10.0,"enemies":"Small Slimes","floor":1.0,"turns":6.0},{"damage":2.0,"enemies":"Cultist","floor":3.0,"turns":4.0},{"damage":1.0,"enemies":"Jaw Worm","floor":4.0,"turns":5.0},{"damage":9.0,"enemies":"2 Fungi Beasts","floor":5.0,"turns":4.0},{"damage":4.0,"enemies":"Large Slime","floor":7.0,"turns":7.0},{"damage":24.0,"enemies":"Lagavulin","floor":8.0,"turns":8.0},{"damage":24.0,"enemies":"Gremlin Nob","floor":11.0,"turns":4.0},{"damage":0.0,"enemies":"Red Slaver","floor":13.0,"turns":4.0},{"damage":0.0,"enemies":"Looter","floor":14.0,"turns":3.0},{"damage":46.0,"enemies":"Slime Boss","floor":16.0,"turns":8.0},{"damage":35.0,"enemies":"Shell Parasite","floor":18.0,"turns":7.0},{"damage":0,"enemies":"Chosen","floor":21,"turns":6},{"damage":55,"enemies":"Book of Stabbing","floor":24,"turns":5}],"seed_played":"-3048120660125887880","potions_obtained":[{"floor":2.0,"key":"EssenceOfSteel"},{"floor":2.0,"key":"EntropicBrew"},{"floor":11.0,"key":"EntropicBrew"},{"floor":16.0,"key":"Ancient Potion"},{"floor":18.0,"key":"Strength Potion"}],"is_trial":false,"path_per_floor":["M","?","M","M","M","R","M","E","T","R","E","?","M","M","R","B",null,"M","?","$","M","?","R","E"],"character_chosen":"IRONCLAD","items_purchased":["Power Through"],"campfire_rested":0,"item_purchase_floors":[20],"current_hp_per_floor":[71,71,75,80,77,77,79,61,61,61,53,42,48,54,54,14,73,44,44,44,50,50,50,0],"gold":345,"neow_bonus":"TEN_PERCENT_HP_BONUS","is_prod":false,"is_daily":false,"chose_seed":false,"campfire_upgraded":4,"win_rate":0,"timestamp":1541874189,"path_taken":["M","?","M","M","M","R","?","E","T","R","E","?","M","M","R","BOSS","M","?","$","M","?","R","E"],"build_version":"2018-11-08","purchased_purges":0,"victory":false,"max_hp_per_floor":[82,82,82,82,82,82,82,82,82,82,92,92,92,92,92,92,92,92,92,92,92,92,92,92],"card_choices":[{"not_picked":["Intimidate","Fire Breathing"],"picked":"Clothesline","floor":1.0},{"not_picked":["Rage","Body Slam"],"picked":"Shrug It Off","floor":3.0},{"not_picked":["Wild Strike","Shockwave"],"picked":"Combust","floor":4.0},{"not_picked":["Body Slam","Flex"],"picked":"Pommel Strike","floor":5.0},{"not_picked":["Iron Wave","Warcry"],"picked":"Spot Weakness","floor":7.0},{"not_picked":["Exhume","Pommel Strike","Havoc"],"picked":"SKIP","floor":8.0},{"not_picked":["Body Slam","Pommel Strike"],"picked":"Whirlwind","floor":11.0},{"not_picked":["Clash","Wild Strike","Sword Boomerang"],"picked":"SKIP","floor":13.0},{"not_picked":["Armaments","Disarm"],"picked":"Feel No Pain","floor":14.0},{"not_picked":["Demon Form","Berserk"],"picked":"Dark Embrace","floor":16.0},{"not_picked":["Thunderclap+1","Clash","Armaments"],"picked":"SKIP","floor":18.0},{"not_picked":["Clothesline","Pommel Strike"],"picked":"Feel No Pain","floor":21}],"player_experience":1621992,"relics_obtained":[{"floor":8.0,"key":"Anchor"},{"floor":9.0,"key":"Kunai"},{"floor":11.0,"key":"Pear"}],"event_choices":[{"damage_healed":0.0,"max_hp_gain":0.0,"max_hp_loss":0.0,"gold_gain":0.0,"event_name":"The Woman in Blue","player_choice":"Bought 2 Potions","floor":2.0,"gold_loss":0.0,"damage_taken":0.0},{"damage_healed":0.0,"max_hp_gain":0.0,"max_hp_loss":0.0,"gold_gain":75.0,"event_name":"World of Goop","player_choice":"Gather Gold","floor":12.0,"gold_loss":0.0,"damage_taken":11.0},{"damage_healed":0.0,"max_hp_gain":0.0,"max_hp_loss":0.0,"gold_gain":0.0,"event_name":"Back to Basics","player_choice":"Simplicity","floor":19.0,"gold_loss":0.0,"damage_taken":0.0,"cards_upgraded":["Strike_R","Strike_R","Strike_R","Strike_R","Strike_R","Defend_R","Defend_R","Defend_R","Defend_R"]},{"damage_healed":0,"gold_gain":0,"player_choice":"Ignored","damage_taken":0,"max_hp_gain":0,"max_hp_loss":0,"event_name":"The Mausoleum","floor":22,"gold_loss":0}],"is_beta":false,"boss_relics":[{"not_picked":["Fusion Hammer","Black Star"],"picked":"Philosopher\u0027s Stone"}],"items_purged_floors":[],"is_endless":false,"potions_floor_spawned":[3,8,11,16,18],"killed_by":"Book of Stabbing","ascension_level":15}