{"gold_per_floor":[113,10,22,34,45,74,168,168,195,222,266,290,252,292,304,412,424,454,484,507,151,251,286,286,299,299,329,329,344,443,475,475,570,570,583,593,693,712,399,425,425,425,425,441,457,457,475,510,510,510,510,510,18,44,44],"floor_reached":56,"playtime":1667,"items_purged":["Defend_R","Cleave"],"score":1469,"play_id":"189ce66a-86d2-480f-be17-ffb83d78fcd8","local_time":"20181205223102","is_ascension_mode":false,"campfire_choices":[{"data":"Perfected Strike","floor":8,"key":"SMITH"},{"data":"Perfected Strike","floor":15,"key":"SMITH"},{"data":"Perfected Strike","floor":24,"key":"SMITH"},{"data":"Perfected Strike","floor":32,"key":"SMITH"},{"floor":41,"key":"RECALL"},{"data":"Corruption","floor":49,"key":"SMITH"},{"data":"Offering","floor":52,"key":"SMITH"}],"neow_cost":"NONE","seed_source_timestamp":138188461954078,"circlet_count":0,"master_deck":["Strike_R","Strike_R","Strike_R","Strike_R","Strike_R","Defend_R","Defend_R","Bash","Offering+1","Corruption+1","Perfected Strike+1","Wild Strike","Pommel Strike","Headbutt","Pommel Strike","Perfected Strike+1","Warcry","Wild Strike","Perfected Strike+1","Brutality","Perfected Strike+1","Wild Strike","Dual Wield","Thunderclap+1","Ghostly Armor+1","Perfected Strike+1","Warcry","Perfected Strike+1","Twin Strike+1","Evolve+1","Madness","Madness","Warcry","Pommel Strike+1","Clothesline+1","PanicButton","Twin Strike+1"],"relics":["Burning Blood","Vajra","Tiny Chest","MawBank","Gremlin Horn","Bottled Lightning","Coffee Dripper","Dodecahedron","Peace Pipe","Matryoshka","Paper Frog","Bag of Marbles","Ornamental Fan","Sundial","Mark of Pain","StoneCalendar","Bottled Flame","Molten Egg 2","Oddly Smooth Stone","Self Forming Clay","Juzu Bracelet","Mango","Strawberry"],"potions_floor_usage":[6,11,22,55,55,55],"damage_taken":[{"damage":7,"enemies":"Small Slimes","floor":1,"turns":4},{"damage":1,"enemies":"Jaw Worm","floor":3,"turns":4},{"damage":5,"enemies":"2 Louse","floor":4,"turns":2},{"damage":0,"enemies":"2 Fungi Beasts","floor":5,"turns":2},{"damage":0,"enemies":"Gremlin Nob","floor":6,"turns":2},{"damage":17,"enemies":"3 Sentries","floor":7,"turns":4},{"damage":0,"enemies":"3 Louse","floor":10,"turns":2},{"damage":14,"enemies":"Lagavulin","floor":11,"turns":5},{"damage":5,"enemies":"Looter","floor":12,"turns":2},{"damage":15,"enemies":"3 Sentries","floor":14,"turns":2},{"damage":43,"enemies":"Hexaghost","floor":16,"turns":6},{"damage":6,"enemies":"Chosen","floor":18,"turns":2},{"damage":1,"enemies":"3 Byrds","floor":19,"turns":3},{"damage":10,"enemies":"Snecko","floor":20,"turns":3},{"damage":3,"enemies":"Colosseum Slavers","floor":22,"turns":2},{"damage":14,"enemies":"Colosseum Nobs","floor":22,"turns":3},{"damage":21,"enemies":"Slavers","floor":23,"turns":3},{"damage":0,"enemies":"Cultist and Chosen","floor":25,"turns":3},{"damage":0,"enemies":"Gremlin Leader","floor":27,"turns":2},{"damage":13,"enemies":"Shelled Parasite and Fungi","floor":29,"turns":2},{"damage":8,"enemies":"Book of Stabbing","floor":31,"turns":2},{"damage":30,"enemies":"Automaton","floor":33,"turns":5},{"damage":6,"enemies":"3 Shapes","floor":35,"turns":2},{"damage":0,"enemies":"Orb Walker","floor":36,"turns":1},{"damage":1,"enemies":"Mind Bloom Boss Battle","floor":37,"turns":3},{"damage":0,"enemies":"Transient","floor":38,"turns":5},{"damage":10,"enemies":"Giant Head","floor":40,"turns":4},{"damage":0,"enemies":"Spire Growth","floor":44,"turns":2},{"damage":0,"enemies":"Sphere and 2 Shapes","floor":45,"turns":1},{"damage":35,"enemies":"Maw","floor":47,"turns":5},{"damage":8,"enemies":"Nemesis","floor":48,"turns":3},{"damage":33,"enemies":"Donu and Deca","floor":50,"turns":5},{"damage":26,"enemies":"Shield and Spear","floor":54,"turns":3},{"damage":46,"enemies":"The Heart","floor":55,"turns":4}],"seed_played":"-7264630442381293877","potions_obtained":[{"floor":3,"key":"Dexterity Potion"},{"floor":5,"key":"AttackPotion"},{"floor":7,"key":"Block Potion"},{"floor":10,"key":"Swift Potion"},{"floor":16,"key":"FearPotion"},{"floor":23,"key":"Strength Potion"},{"floor":25,"key":"Poison Potion"},{"floor":31,"key":"Block Potion"},{"floor":40,"key":"Weak Potion"}],"is_trial":false,"path_per_floor":["M","$","M","M","M","E","?","R","T","M","E","M","?","E","R","B",null,"M","M","M","$","?","E","R","M","T","E","?","M","?","E","R","B",null,"M","M","?","M","$","E","R","?","T","M","M","?","M","E","R","B",null,"R","$","E","B",null],"character_chosen":"IRONCLAD","items_purchased":["Perfected Strike","Wild Strike","Dodecahedron","Wild Strike","Dual Wield","Bottled Flame","Mango","PanicButton"],"campfire_rested":0,"item_purchase_floors":[2,2,21,21,21,39,53,53],"current_hp_per_floor":[79,79,80,80,80,80,69,69,69,75,67,68,68,59,59,22,80,80,80,76,76,71,56,56,62,62,68,68,61,61,59,59,35,80,80,80,80,80,80,76,76,66,66,72,78,78,49,47,47,20,80,80,94,81,41],"gold":44,"neow_bonus":"ONE_RANDOM_RARE_CARD","is_prod":false,"is_daily":false,"chose_seed":false,"campfire_upgraded":6,"win_rate":0,"timestamp":1544045462,"path_taken":["M","$","M","M","M","E","?","R","T","M","E","M","?","E","R","BOSS","M","M","M","$","?","E","R","M","T","E","?","M","?","E","R","BOSS","M","M","?","M","$","E","R","?","T","M","M","?","M","E","R","BOSS","R","$","E","BOSS"],"build_version":"2018-11-15","purchased_purges":2,"victory":true,"max_hp_per_floor":[80,80,80,80,80,80,80,80,80,80,80,80,80,80,80,80,80,80,80,80,80,80,80,80,80,80,80,80,80,80,80,80,80,80,80,80,80,80,80,80,80,80,80,80,80,80,80,80,80,80,80,80,94,101,101],"card_choices":[{"not_picked":["Pommel Strike","Twin Strike"],"picked":"Corruption","floor":1},{"not_picked":["Iron Wave","True Grit"],"picked":"Pommel Strike","floor":3},{"not_picked":["Corruption","Entrench"],"picked":"Cleave","floor":4},{"not_picked":["Rage","Armaments"],"picked":"Headbutt","floor":5},{"not_picked":["Hemokinesis","Flex","Flame Barrier"],"picked":"SKIP","floor":6},{"not_picked":["Flame Barrier","Anger"],"picked":"Pommel Strike","floor":7},{"not_picked":["Anger","Blood for Blood"],"picked":"Perfected Strike","floor":10},{"not_picked":["Power Through","Fire Breathing"],"picked":"Warcry","floor":11},{"not_picked":["Cleave","Headbutt"],"picked":"Wild Strike","floor":12},{"not_picked":["Bludgeon","Twin Strike"],"picked":"Perfected Strike","floor":14},{"not_picked":["Demon Form","Exhume"],"picked":"Brutality","floor":16},{"not_picked":["Cleave","Shrug It Off"],"picked":"Perfected Strike+1","floor":18},{"not_picked":["Flex","Clothesline","Thunderclap"],"picked":"SKIP","floor":19},{"not_picked":["Burning Pact+1","Headbutt","Sentinel"],"picked":"SKIP","floor":20},{"not_picked":["Heavy Blade","Combust+1"],"picked":"Thunderclap+1","floor":22},{"not_picked":["Carnage","Second Wind+1"],"picked":"Ghostly Armor+1","floor":23},{"not_picked":["Pommel Strike","Flex"],"picked":"Perfected Strike+1","floor":25},{"not_picked":["Inflame","Headbutt"],"picked":"Warcry","floor":27},{"not_picked":["Sever Soul","Metallicize","Cleave"],"picked":"SKIP","floor":29},{"not_picked":["Sever Soul","Bloodletting","Cleave+1"],"picked":"SKIP","floor":31},{"not_picked":["True Grit","Wild Strike+1"],"picked":"Twin Strike+1","floor":35},{"not_picked":["Reckless Charge","Flame Barrier+1","Iron Wave"],"picked":"SKIP","floor":36},{"not_picked":["Clash+1","Warcry"],"picked":"Evolve+1","floor":37},{"not_picked":["Body Slam","Shrug It Off","Feel No Pain+1"],"picked":"SKIP","floor":38},{"not_picked":["Headbutt","Clash","True Grit"],"picked":"SKIP","floor":40},{"not_picked":["Evolve","Flame Barrier+1","Havoc+1"],"picked":"SKIP","floor":44},{"not_picked":["Shockwave","Hemokinesis+1"],"picked":"Warcry","floor":45},{"not_picked":["Barricade","Havoc+1"],"picked":"Pommel Strike+1","floor":47},{"not_picked":["True Grit","Metallicize"],"picked":"Clothesline+1","floor":48},{"not_picked":["Feel No Pain","Shrug It Off+1"],"picked":"Twin Strike+1","floor":54}],"player_experience":369122,"relics_obtained":[{"floor":6,"key":"Vajra"},{"floor":7,"key":"Tiny Chest"},{"floor":9,"key":"MawBank"},{"floor":11,"key":"Gremlin Horn"},{"floor":14,"key":"Bottled Lightning"},{"floor":22,"key":"Peace Pipe"},{"floor":22,"key":"Matryoshka"},{"floor":23,"key":"Paper Frog"},{"floor":26,"key":"Bag of Marbles"},{"floor":27,"key":"Ornamental Fan"},{"floor":31,"key":"Sundial"},{"floor":37,"key":"StoneCalendar"},{"floor":40,"key":"Molten Egg 2"},{"floor":43,"key":"Oddly Smooth Stone"},{"floor":43,"key":"Self Forming Clay"},{"floor":48,"key":"Juzu Bracelet"},{"floor":54,"key":"Strawberry"}],"event_choices":[{"damage_healed":0,"gold_gain":0,"player_choice":"Searched \u00271\u0027 times","damage_taken":0,"max_hp_gain":0,"max_hp_loss":0,"event_name":"Dead Adventurer","floor":7,"gold_loss":0},{"cards_removed":["Defend_R"],"damage_healed":0,"gold_gain":0,"player_choice":"Card Removal","damage_taken":0,"max_hp_gain":0,"max_hp_loss":0,"event_name":"The Cleric","floor":13,"gold_loss":50},{"damage_healed":0,"gold_gain":0,"player_choice":"Fight","damage_taken":0,"max_hp_gain":0,"max_hp_loss":0,"event_name":"Colosseum","floor":22,"gold_loss":0},{"damage_healed":0,"gold_gain":0,"player_choice":"Fought Nobs","damage_taken":0,"max_hp_gain":0,"max_hp_loss":0,"event_name":"Colosseum","floor":22,"gold_loss":0},{"damage_healed":0,"gold_gain":0,"player_choice":"Read","damage_taken":0,"max_hp_gain":0,"max_hp_loss":0,"event_name":"The Library","floor":28,"gold_loss":0,"cards_obtained":["Perfected Strike"]},{"damage_healed":0,"gold_gain":99,"player_choice":"Stole From Cult","damage_taken":0,"max_hp_gain":0,"max_hp_loss":0,"event_name":"Nest","floor":30,"gold_loss":0},{"damage_healed":0,"gold_gain":0,"player_choice":"Fight","damage_taken":0,"max_hp_gain":0,"max_hp_loss":0,"event_name":"MindBloom","floor":37,"gold_loss":0},{"damage_healed":0,"gold_gain":0,"player_choice":"Embrace Madness","damage_taken":10,"max_hp_gain":0,"max_hp_loss":0,"event_name":"Winding Halls","floor":42,"gold_loss":0,"cards_obtained":["Madness","Madness"]},{"damage_healed":0,"gold_gain":0,"player_choice":"Bought 0 Potions","damage_taken":0,"max_hp_gain":0,"max_hp_loss":0,"event_name":"The Woman in Blue","floor":46,"gold_loss":0}],"is_beta":false,"boss_relics":[{"not_picked":["Tiny House","Orrery"],"picked":"Coffee Dripper"},{"not_picked":["Pandora\u0027s Box","Snecko Eye"],"picked":"Mark of Pain"}],"items_purged_floors":[39,53],"is_endless":false,"potions_floor_spawned":[3,5,7,10,16,22,23,25,31,33,35,40,45,48,54],"ascension_level":0}