{"gold_per_floor":[99,99,99,99,99,99,99,99,99,99,99,99,99,69,69,69,69,69,69,69,69,24,24,24,24],"floor_reached":25,"playtime":1548,"items_purged":[],"score":277,"play_id":"f592546c-98cb-4598-a803-0a581afd2dee","local_time":"25611117032114","is_ascension_mode":true,"campfire_choices":[{"data":"Zap","floor":7,"key":"SMITH"},{"data":"White Noise","floor":13,"key":"SMITH"},{"floor":15,"key":"REST"},{"floor":23,"key":"REST"}],"neow_cost":"NONE","seed_source_timestamp":43425014132248,"circlet_count":0,"master_deck":["Strike_B","Strike_B","Strike_B","Defend_B","Defend_B","Defend_B","Zap+1","Dualcast","Ball Lightning","Undo","Reinforced Body","White Noise+1","Auto Shields","Steam","Reboot","Injury","Hologram","Buffer","Parasite","Doubt","Glacier+1","Capacitor+1","Force Field"],"relics":["Ectoplasm","Kunai","Dream Catcher","Vajra","Golden Idol","Calling Bell","Centennial Puzzle","Symbiotic Virus","Ice Cream","Lantern"],"potions_floor_usage":[6,8,16],"damage_taken":[{"damage":0,"enemies":"2 Louse","floor":1,"turns":3},{"damage":0,"enemies":"Cultist","floor":3,"turns":4},{"damage":1,"enemies":"Small Slimes","floor":4,"turns":3},{"damage":0,"enemies":"2 Fungi Beasts","floor":5,"turns":3},{"damage":8,"enemies":"Lagavulin","floor":6,"turns":6},{"damage":4,"enemies":"3 Sentries","floor":8,"turns":7},{"damage":0,"enemies":"Exordium Wildlife","floor":10,"turns":4},{"damage":0,"enemies":"Looter","floor":14,"turns":3},{"damage":17,"enemies":"The Guardian","floor":16,"turns":12},{"damage":27,"enemies":"3 Byrds","floor":18,"turns":5},{"damage":9,"enemies":"2 Thieves","floor":22,"turns":3},{"damage":29,"enemies":"Centurion and Healer","floor":24,"turns":7},{"damage":30,"enemies":"3 Cultists","floor":25,"turns":5}],"seed_played":"5155230175888928937","potions_obtained":[{"floor":1,"key":"Poison Potion"},{"floor":5,"key":"Swift Potion"},{"floor":6,"key":"Poison Potion"},{"floor":16,"key":"Dexterity Potion"},{"floor":18,"key":"SteroidPotion"}],"is_trial":false,"path_per_floor":["M","?","M","M","M","E","R","E","T","M","?","?","R","M","R","B",null,"M","?","?","?","M","R","M","M"],"character_chosen":"DEFECT","items_purchased":[],"campfire_rested":2,"item_purchase_floors":[],"current_hp_per_floor":[68,68,68,67,67,59,59,55,55,55,48,48,48,48,70,53,70,43,43,43,43,34,56,27,0],"gold":24,"neow_bonus":"BOSS_RELIC","is_prod":false,"is_daily":false,"chose_seed":false,"campfire_upgraded":2,"win_rate":0,"timestamp":1542399674,"path_taken":["M","?","?","M","M","E","R","E","T","M","?","?","R","M","R","BOSS","M","?","?","?","M","R","M","?"],"build_version":"2018-11-15","purchased_purges":0,"victory":false,"max_hp_per_floor":[75,75,75,75,75,75,75,75,75,75,75,75,75,75,75,75,75,75,75,75,75,75,75,75,75],"card_choices":[{"not_picked":["Fusion","Stack"],"picked":"Ball Lightning","floor":1},{"not_picked":["Compile Driver","Hologram"],"picked":"Reinforced Body","floor":3},{"not_picked":["Gash","Streamline"],"picked":"White Noise","floor":4},{"not_picked":["Hologram","BootSequence"],"picked":"Auto Shields","floor":5},{"not_picked":["Chill","Blizzard"],"picked":"Steam","floor":6},{"not_picked":["Turbo","Stack"],"picked":"Reboot","floor":8},{"not_picked":["Go for the Eyes","Compile Driver","Hologram"],"picked":"SKIP","floor":10},{"not_picked":["Go for the Eyes","Compile Driver","Hologram"],"picked":"SKIP","floor":10},{"not_picked":["Turbo","Steam","Skim"],"picked":"SKIP","floor":14},{"not_picked":["Barrage","Compile Driver"],"picked":"Hologram","floor":15},{"not_picked":["Hyperbeam","Machine Learning"],"picked":"Buffer","floor":16},{"not_picked":["Hello World","Rebound"],"picked":"Glacier+1","floor":18},{"not_picked":["Go for the Eyes","Hologram"],"picked":"Capacitor+1","floor":22},{"not_picked":["Sweeping Beam","Cold Snap"],"picked":"Force Field","floor":23},{"not_picked":["Recycle","Streamline","Undo"],"picked":"SKIP","floor":24}],"player_experience":153412,"relics_obtained":[{"floor":6,"key":"Kunai"},{"floor":8,"key":"Dream Catcher"},{"floor":9,"key":"Vajra"},{"floor":17,"key":"Centennial Puzzle"},{"floor":17,"key":"Symbiotic Virus"},{"floor":17,"key":"Ice Cream"}],"event_choices":[{"damage_healed":0,"gold_gain":0,"cards_transformed":["Strike_B"],"player_choice":"Transformed","damage_taken":0,"max_hp_gain":0,"max_hp_loss":0,"event_name":"Transmorgrifier","floor":2,"gold_loss":0,"cards_obtained":["Undo"]},{"cards_removed":["Defend_B"],"damage_healed":0,"gold_gain":0,"player_choice":"Card Removal","damage_taken":7,"max_hp_gain":0,"max_hp_loss":0,"event_name":"Golden Wing","floor":11,"gold_loss":0},{"damage_healed":0,"gold_gain":0,"player_choice":"Take Wound","damage_taken":0,"relics_obtained":["Golden Idol"],"max_hp_gain":0,"max_hp_loss":0,"event_name":"Golden Idol","floor":12,"gold_loss":0,"cards_obtained":["Injury"]},{"damage_healed":0,"gold_gain":99,"player_choice":"Stole From Cult","damage_taken":0,"max_hp_gain":0,"max_hp_loss":0,"event_name":"Nest","floor":19,"gold_loss":0},{"cards_removed":["Regret"],"damage_healed":0,"gold_gain":0,"player_choice":"Elegance","damage_taken":0,"max_hp_gain":0,"max_hp_loss":0,"event_name":"Back to Basics","floor":20,"gold_loss":0},{"damage_healed":0,"gold_gain":0,"player_choice":"Opened","damage_taken":0,"relics_obtained":["Lantern"],"max_hp_gain":0,"max_hp_loss":0,"event_name":"The Mausoleum","floor":21,"gold_loss":0}],"is_beta":false,"boss_relics":[{"not_picked":["Runic Pyramid","Runic Dome"],"picked":"Calling Bell"}],"items_purged_floors":[],"is_endless":false,"potions_floor_spawned":[1,5,6,16,18],"killed_by":"3 Cultists","ascension_level":6}