{"gold_per_floor":[359,369,386,403,9,9,9,28,28,59,59,92,102,12,12,111,111,121,121,22,35,52,52],"floor_reached":23,"playtime":1605,"items_purged":["Strike_B","Strike_B"],"score":203,"play_id":"b24f673c-064a-4585-935a-a3356f4fb510","local_time":"20190324101410","is_ascension_mode":false,"campfire_choices":[{"data":"Defragment","floor":6,"key":"SMITH"},{"data":"Defragment","floor":11,"key":"SMITH"},{"floor":15,"key":"REST"}],"neow_cost":"CURSE","seed_source_timestamp":782975629879200,"circlet_count":0,"master_deck":["Strike_B","Strike_B","Defend_B","Defend_B","Defend_B","Defend_B","Zap","Dualcast","Ball Lightning","Steam","Defragment+1","Double Energy","Loop","Defragment+1","Go for the Eyes","Defragment","Biased Cognition","Leap","Sunder","Steam+1"],"relics":["Cracked Core","Pocketwatch","Smiling Mask","Omamori","Darkstone Periapt","Black Star"],"potions_floor_usage":[10,10,10,18,22,23,23],"damage_taken":[{"damage":0,"enemies":"2 Louse","floor":1,"turns":2},{"damage":0,"enemies":"Cultist","floor":2,"turns":3},{"damage":1,"enemies":"Jaw Worm","floor":3,"turns":3},{"damage":8,"enemies":"Red Slaver","floor":4,"turns":4},{"damage":12,"enemies":"Large Slime","floor":8,"turns":4},{"damage":10,"enemies":"Gremlin Nob","floor":10,"turns":3},{"damage":15,"enemies":"3 Sentries","floor":12,"turns":5},{"damage":13,"enemies":"2 Fungi Beasts","floor":13,"turns":4},{"damage":20,"enemies":"Hexaghost","floor":16,"turns":7},{"damage":0,"enemies":"Spheric Guardian","floor":18,"turns":3},{"damage":17,"enemies":"Shell Parasite","floor":21,"turns":4},{"damage":28,"enemies":"Cultist and Chosen","floor":22,"turns":6},{"damage":28,"enemies":"Book of Stabbing","floor":23,"turns":5}],"seed_played":"6932370055261342125","potions_obtained":[{"floor":1,"key":"PowerPotion"},{"floor":3,"key":"Explosive Potion"},{"floor":8,"key":"Regen Potion"},{"floor":12,"key":"SpeedPotion"},{"floor":13,"key":"FocusPotion"},{"floor":16,"key":"Strength Potion"},{"floor":22,"key":"Poison Potion"}],"is_trial":false,"path_per_floor":["M","M","M","M","$","R","?","M","T","E","R","E","M","$","R","B",null,"M","?","$","M","M","E"],"character_chosen":"DEFECT","items_purchased":["Pocketwatch","Defragment","Double Energy","Defragment","Leap"],"campfire_rested":1,"item_purchase_floors":[5,5,5,14,20],"current_hp_per_floor":[75,75,74,66,66,66,66,54,54,53,53,38,25,25,46,26,72,72,72,72,55,27,0],"gold":52,"neow_bonus":"TWO_FIFTY_GOLD","is_prod":false,"is_daily":false,"chose_seed":false,"campfire_upgraded":2,"win_rate":0.0,"timestamp":1553415250,"path_taken":["M","M","M","M","$","R","?","?","T","E","R","E","M","$","R","BOSS","M","?","$","?","M","E"],"build_version":"2019-01-23","purchased_purges":2,"victory":false,"max_hp_per_floor":[75,75,75,75,75,75,72,72,72,72,72,72,72,72,72,72,72,72,72,72,72,72,72],"card_choices":[{"not_picked":["Turbo","Chaos"],"picked":"Ball Lightning","floor":1},{"not_picked":["Hello World","Barrage","Blizzard"],"picked":"SKIP","floor":2},{"not_picked":["Fusion","Reinforced Body","Ball Lightning"],"picked":"SKIP","floor":3},{"not_picked":["Capacitor","Beam Cell"],"picked":"Steam","floor":4},{"not_picked":["Steam","Barrage"],"picked":"Loop","floor":8},{"not_picked":["Rainbow","Chaos"],"picked":"Defragment","floor":10},{"not_picked":["Beam Cell","Storm"],"picked":"Go for the Eyes","floor":12},{"not_picked":["Ball Lightning","Steam","Gash"],"picked":"SKIP","floor":13},{"not_picked":["Electrodynamics","Amplify"],"picked":"Biased Cognition","floor":16},{"not_picked":["Gash","Barrage","Streamline"],"picked":"SKIP","floor":18},{"not_picked":["Redo","Conserve Battery"],"picked":"Sunder","floor":21},{"not_picked":["Melter","Double Energy"],"picked":"Steam+1","floor":22}],"player_experience":77223,"relics_obtained":[{"floor":9,"key":"Smiling Mask"},{"floor":10,"key":"Omamori"},{"floor":12,"key":"Darkstone Periapt"}],"event_choices":[{"cards_removed":["Parasite"],"damage_healed":0,"gold_gain":0,"player_choice":"Purged","damage_taken":0,"max_hp_gain":0,"max_hp_loss":0,"event_name":"Purifier","floor":7,"gold_loss":0},{"damage_healed":0,"gold_gain":0,"player_choice":"Cursed","damage_taken":0,"max_hp_gain":0,"max_hp_loss":0,"event_name":"Wheel of Change","floor":19,"gold_loss":0,"cards_obtained":["Decay"]}],"is_beta":false,"boss_relics":[{"not_picked":["Fusion Hammer","Ectoplasm"],"picked":"Black Star"}],"items_purged_floors":[14,20],"is_endless":false,"potions_floor_spawned":[1,3,8,12,13,16,22],"killed_by":"Book of Stabbing","ascension_level":0}