{"gold_per_floor":[112,112,127,53,66,93,107,107,130,130,44,44,69,81,81,153,153,73,86,86,86,11,11,11],"floor_reached":24,"playtime":1251,"items_purged":["Clash+1"],"score":404,"play_id":"e00338d6-b692-4049-b3aa-098a1be37d8c","local_time":"20190321204408","is_ascension_mode":true,"campfire_choices":[{"floor":8,"key":"REST"},{"data":"Combust","floor":12,"key":"SMITH"},{"floor":15,"key":"REST"},{"data":"Whirlwind","floor":23,"key":"SMITH"}],"neow_cost":"NONE","seed_source_timestamp":140576995745800,"circlet_count":0,"master_deck":["AscendersBane","Strike_R","Defend_R","Defend_R+1","Defend_R+1","Defend_R","Bash","Whirlwind+1","Headbutt","Combust+1","Rupture","Reaper","Battle Trance","Rupture","Juggernaut","Rupture","Limit Break","Cleave+1","Sentinel+1","Metallicize","Hemokinesis"],"relics":["Burning Blood","NeowsBlessing","Regal Pillow","War Paint","Juzu Bracelet","Astrolabe","NlothsMask"],"potions_floor_usage":[6,16,24,24],"damage_taken":[{"damage":0,"enemies":"Small Slimes","floor":1,"turns":1},{"damage":0,"enemies":"Cultist","floor":3,"turns":1},{"damage":0,"enemies":"2 Louse","floor":5,"turns":2},{"damage":25,"enemies":"Lagavulin","floor":6,"turns":7},{"damage":48,"enemies":"Exordium Thugs","floor":7,"turns":4},{"damage":38,"enemies":"3 Sentries","floor":13,"turns":7},{"damage":15,"enemies":"Gremlin Gang","floor":14,"turns":4},{"damage":51,"enemies":"Slime Boss","floor":16,"turns":8},{"damage":15,"enemies":"2 Thieves","floor":18,"turns":4},{"damage":17,"enemies":"Spheric Guardian","floor":19,"turns":6},{"damage":91,"enemies":"Gremlin Leader","floor":24,"turns":7}],"seed_played":"-2272808207152957568","potions_obtained":[{"floor":1,"key":"SpeedPotion"},{"floor":2,"key":"Strength Potion"},{"floor":13,"key":"Block Potion"},{"floor":14,"key":"AttackPotion"},{"floor":16,"key":"Regen Potion"}],"is_trial":false,"path_per_floor":["M","?","M","$","M","E","M","R","T","?","$","R","E","M","R","B",null,"M","M","?","?","$","R","E"],"character_chosen":"IRONCLAD","items_purchased":["Combust","Rupture"],"campfire_rested":2,"item_purchase_floors":[4,11],"current_hp_per_floor":[74,74,75,75,75,56,26,63,63,56,56,56,33,33,70,68,73,64,63,63,63,63,63,0],"gold":11,"neow_bonus":"THREE_ENEMY_KILL","is_prod":false,"is_daily":false,"chose_seed":false,"campfire_upgraded":2,"win_rate":0,"timestamp":1553201048,"path_taken":["M","?","?","$","M","E","M","R","T","?","?","R","E","M","R","BOSS","M","M","?","?","$","R","E"],"build_version":"2019-01-23","purchased_purges":1,"victory":false,"max_hp_per_floor":[75,75,75,75,75,75,75,75,75,75,75,75,75,75,75,75,75,75,75,75,75,75,75,75],"card_choices":[{"not_picked":["Flex","Clash"],"picked":"Whirlwind","floor":1},{"not_picked":["Pummel","Body Slam"],"picked":"Headbutt","floor":3},{"not_picked":["Perfected Strike","Rage"],"picked":"Rupture","floor":5},{"not_picked":["Burning Pact","Sever Soul"],"picked":"Reaper","floor":6},{"not_picked":["Cleave","Pommel Strike"],"picked":"Battle Trance","floor":7},{"not_picked":["Anger","Intimidate"],"picked":"Juggernaut","floor":13},{"not_picked":["Iron Wave","Sword Boomerang"],"picked":"Rupture","floor":14},{"not_picked":["Demon Form","Immolate"],"picked":"Limit Break","floor":16},{"not_picked":["Sever Soul","Iron Wave"],"picked":"Metallicize","floor":18},{"not_picked":["Clothesline","True Grit"],"picked":"Hemokinesis","floor":19}],"player_experience":2296873,"relics_obtained":[{"floor":6,"key":"Regal Pillow"},{"floor":9,"key":"War Paint"},{"floor":13,"key":"Juzu Bracelet"}],"event_choices":[{"damage_healed":0,"gold_gain":0,"player_choice":"Got Potions","damage_taken":0,"max_hp_gain":0,"max_hp_loss":0,"event_name":"Lab","floor":2,"gold_loss":0},{"cards_removed":["Strike_R"],"damage_healed":0,"gold_gain":0,"player_choice":"Card Removal","damage_taken":7,"max_hp_gain":0,"max_hp_loss":0,"event_name":"Golden Wing","floor":10,"gold_loss":0},{"damage_healed":0,"gold_gain":0,"player_choice":"Trade","damage_taken":0,"relics_obtained":["NlothsMask"],"max_hp_gain":0,"max_hp_loss":0,"event_name":"FaceTrader","floor":20,"gold_loss":0},{"damage_healed":0,"gold_gain":0,"player_choice":"Ignored","damage_taken":0,"max_hp_gain":0,"max_hp_loss":0,"event_name":"Vampires","floor":21,"gold_loss":0}],"is_beta":false,"boss_relics":[{"not_picked":["Black Star","Orrery"],"picked":"Astrolabe"}],"items_purged_floors":[22],"is_endless":false,"potions_floor_spawned":[1,13,14,16],"killed_by":"Gremlin Leader","ascension_level":20}