{"gold_per_floor":[211,227,239,239,257,257,257,257,257,284,209,223,258,30,30,107,107,120,170,85,103,114,114,130,130,209,244,244,147,147,178,178,251,251,266,284,233,244,244,244,269,269,296,296,307,322,322,332,332,332],"floor_reached":51,"playtime":2025,"items_purged":["Strike_B"],"score":1275,"play_id":"dfecbd60-7ec6-4ef1-a705-8143f3a83189","local_time":"20181104221359","is_ascension_mode":true,"campfire_choices":[{"data":"Zap","floor":6.0,"key":"SMITH"},{"data":"Streamline","floor":8.0,"key":"SMITH"},{"floor":15.0,"key":"REST"},{"data":"Beam Cell","floor":23.0,"key":"SMITH"},{"data":"Hologram","floor":25.0,"key":"SMITH"},{"data":"Go for the Eyes","floor":28.0,"key":"SMITH"},{"floor":32.0,"key":"REST"},{"floor":40.0,"key":"REST"},{"floor":44.0,"key":"REST"},{"floor":47,"key":"REST"},{"floor":49,"key":"REST"}],"neow_cost":"NONE","seed_source_timestamp":101455386715695,"circlet_count":0,"master_deck":["AscendersBane","Zap+1","Dualcast","Genetic Algorithm","Conserve Battery","Static Discharge","Streamline+1","White Noise","Compile Driver","Doom and Gloom","Go for the Eyes+1","Coolheaded","Self Repair","Seek","FTL","Barrage","Hologram+1","Beam Cell+1","Conserve Battery","Cold Snap","Stack","Chill","Cold Snap+1","Steam","Reinforced Body","Tempest+1","Ball Lightning","Electrodynamics","Leap+1","Reinforced Body+1","Defragment"],"special_seed":0,"relics":["Cracked Core","Pen Nib","Sundial","Bronze Scales","DataDisk","Pandora\u0027s Box","Shuriken","Tiny Chest","StoneCalendar","Omamori","Fusion Hammer","Calipers","Strawberry"],"potions_floor_usage":[50,50],"damage_taken":[{"damage":12.0,"enemies":"Small Slimes","floor":1.0,"turns":3.0},{"damage":1.0,"enemies":"Cultist","floor":2.0,"turns":3.0},{"damage":4.0,"enemies":"Jaw Worm","floor":3.0,"turns":5.0},{"damage":16.0,"enemies":"Lots of Slimes","floor":5.0,"turns":2.0},{"damage":30.0,"enemies":"Gremlin Nob","floor":10.0,"turns":4.0},{"damage":2.0,"enemies":"2 Fungi Beasts","floor":12.0,"turns":3.0},{"damage":14.0,"enemies":"Lagavulin","floor":13.0,"turns":5.0},{"damage":27.0,"enemies":"Slime Boss","floor":16.0,"turns":7.0},{"damage":0.0,"enemies":"Chosen","floor":18.0,"turns":3.0},{"damage":0.0,"enemies":"Spheric Guardian","floor":21.0,"turns":4.0},{"damage":9.0,"enemies":"Chosen and Byrds","floor":22.0,"turns":5.0},{"damage":7.0,"enemies":"Snake Plant","floor":24.0,"turns":3.0},{"damage":12.0,"enemies":"Gremlin Leader","floor":27.0,"turns":7.0},{"damage":29.0,"enemies":"Slavers","floor":31.0,"turns":4.0},{"damage":34.0,"enemies":"Collector","floor":33.0,"turns":9.0},{"damage":13.0,"enemies":"Orb Walker","floor":35.0,"turns":2.0},{"damage":11.0,"enemies":"3 Darklings","floor":36.0,"turns":3.0},{"damage":10.0,"enemies":"Sphere and 2 Shapes","floor":38.0,"turns":4.0},{"damage":0.0,"enemies":"Reptomancer","floor":41.0,"turns":6.0},{"damage":54,"enemies":"Writhing Mass","floor":45,"turns":6},{"damage":0,"enemies":"Maw","floor":46,"turns":8},{"damage":4,"enemies":"4 Shapes","floor":48,"turns":6},{"damage":9,"enemies":"Awakened One","floor":50,"turns":18}],"seed_played":"1035569364094526277","potions_obtained":[{"floor":2.0,"key":"AttackPotion"},{"floor":5.0,"key":"Poison Potion"},{"floor":12.0,"key":"EssenceOfSteel"},{"floor":21.0,"key":"Swift Potion"},{"floor":24.0,"key":"PowerPotion"},{"floor":36.0,"key":"EssenceOfSteel"}],"is_trial":false,"path_per_floor":["M","M","M","?","M","R","?","R","T","E","$","M","E","$","R","B",null,"M","?","?","M","M","R","M","R","T","E","R","$","?","E","R","B",null,"M","M","$","M","$","R","E","?","T","R","M","M","R","M","R","B",null],"character_chosen":"DEFECT","items_purchased":["DataDisk","Coolheaded","Self Repair","Ball Lightning","Regen Potion","PowerPotion"],"campfire_rested":6,"item_purchase_floors":[14,14,14,29,29,37],"current_hp_per_floor":[52,51,47,47,31,31,54,54,54,24,24,22,8,8,29,9,56,63,63,63,70,61,61,61,61,61,56,56,56,56,46,67,40,63,50,46,46,43,43,64,71,71,78,78,31,38,61,57,78,76],"gold":332,"neow_bonus":"HUNDRED_GOLD","is_prod":false,"is_daily":false,"chose_seed":false,"campfire_upgraded":5,"win_rate":0,"timestamp":1541398439,"path_taken":["M","M","M","?","?","R","?","R","T","E","$","M","E","$","R","BOSS","M","?","?","M","M","R","M","R","T","E","R","$","?","E","R","BOSS","M","M","$","?","$","R","E","?","T","R","M","M","R","M","R","BOSS"],"build_version":"2018-11-01","purchased_purges":1,"victory":true,"max_hp_per_floor":[71,71,71,71,71,71,71,71,71,71,71,71,71,71,71,71,71,71,71,71,71,71,71,71,71,71,71,71,71,71,71,71,71,71,71,71,71,71,71,71,71,71,78,78,78,78,78,78,78,78],"card_choices":[{"not_picked":["Stack","FTL"],"picked":"Genetic Algorithm","floor":1.0},{"not_picked":["White Noise","Gash"],"picked":"Conserve Battery","floor":2.0},{"not_picked":["Consume","Aggregate"],"picked":"Static Discharge","floor":3.0},{"not_picked":["Turbo","Gash"],"picked":"Compile Driver","floor":5.0},{"not_picked":["Rip and Tear","Leap"],"picked":"Doom and Gloom","floor":10.0},{"not_picked":["Lockon","Undo","Double Energy"],"picked":"SKIP","floor":12.0},{"not_picked":["Hyperbeam","Conserve Battery"],"picked":"Go for the Eyes","floor":13.0},{"not_picked":["All For One","Fission"],"picked":"Seek","floor":16.0},{"not_picked":["Go for the Eyes+1","Cold Snap"],"picked":"Chill","floor":18.0},{"not_picked":["Steam","Force Field"],"picked":"Cold Snap+1","floor":21.0},{"not_picked":["Turbo","Go for the Eyes+1"],"picked":"Steam","floor":22.0},{"not_picked":["Consume","Sweeping Beam+1"],"picked":"Reinforced Body","floor":24.0},{"not_picked":["Steam","Genetic Algorithm"],"picked":"Tempest+1","floor":27.0},{"not_picked":["Aggregate","Steam","Static Discharge+1"],"picked":"SKIP","floor":31.0},{"not_picked":["Creative AI","Reboot"],"picked":"Electrodynamics","floor":33.0},{"not_picked":["Fusion","Storm+1","White Noise+1"],"picked":"SKIP","floor":35.0},{"not_picked":["Self Repair","Cold Snap+1"],"picked":"Leap+1","floor":36.0},{"not_picked":["Barrage","Leap","Rip and Tear+1"],"picked":"SKIP","floor":38.0},{"not_picked":["Loop","Streamline","Hyperbeam"],"picked":"SKIP","floor":41.0},{"not_picked":["Barrage+1","Leap"],"picked":"Reinforced Body+1","floor":45},{"not_picked":["Streamline+1","Fusion+1"],"picked":"Defragment","floor":46},{"not_picked":["Redo","Defragment","Machine Learning"],"picked":"SKIP","floor":48}],"player_experience":1587139,"relics_obtained":[{"floor":9.0,"key":"Pen Nib"},{"floor":10.0,"key":"Sundial"},{"floor":13.0,"key":"Bronze Scales"},{"floor":26.0,"key":"Tiny Chest"},{"floor":27.0,"key":"StoneCalendar"},{"floor":31.0,"key":"Omamori"},{"floor":41.0,"key":"Calipers"},{"floor":43.0,"key":"Strawberry"}],"event_choices":[{"damage_healed":0.0,"max_hp_gain":0.0,"max_hp_loss":0.0,"gold_gain":0.0,"event_name":"Match and Keep!","player_choice":"2 cards matched","floor":4.0,"gold_loss":0.0,"damage_taken":0.0,"cards_obtained":["Streamline","White Noise"]},{"damage_healed":23.0,"max_hp_gain":0.0,"max_hp_loss":0.0,"gold_gain":0.0,"event_name":"Big Fish","player_choice":"Banana","floor":7.0,"gold_loss":0.0,"damage_taken":0.0},{"damage_healed":0.0,"max_hp_gain":0.0,"max_hp_loss":0.0,"gold_gain":50.0,"event_name":"Nest","player_choice":"Stole From Cult","floor":19.0,"gold_loss":0.0,"damage_taken":0.0},{"damage_healed":0.0,"max_hp_gain":0.0,"max_hp_loss":0.0,"gold_gain":0.0,"event_name":"Addict","player_choice":"Obtained Relic","floor":20.0,"gold_loss":85.0,"damage_taken":0.0,"relics_obtained":["Shuriken"]},{"damage_healed":0.0,"max_hp_gain":0.0,"max_hp_loss":0.0,"gold_gain":0.0,"event_name":"N\u0027loth","player_choice":"Ignored","floor":30.0,"gold_loss":0.0,"damage_taken":0.0},{"damage_healed":14.0,"max_hp_gain":0.0,"max_hp_loss":0.0,"gold_gain":0.0,"event_name":"Winding Halls","player_choice":"Writhe","floor":42.0,"gold_loss":0.0,"damage_taken":0.0,"cards_obtained":["Writhe"]}],"is_beta":false,"boss_relics":[{"not_picked":["Busted Crown","Eternal Feather"],"picked":"Pandora\u0027s Box"},{"not_picked":["Runic Pyramid","Velvet Choker"],"picked":"Fusion Hammer"}],"items_purged_floors":[11],"is_endless":false,"potions_floor_spawned":[2,5,12,21,24,36,45,48],"ascension_level":15}