{"gold_per_floor":[369,369,3,14,33,33,53,77,100,100,117,117,131,159,171,285,297,323,434,459,471,44,44,54,18,63,96,96,2,33,51,51,151,151,171,181,192,208,224,224,224,243,243,261,261,273,273,284,284,284],"floor_reached":51,"playtime":1218,"items_purged":["Regret"],"score":768,"play_id":"3cbddff5-fb41-47b4-940a-dac46f36f332","local_time":"20181026021808","is_ascension_mode":false,"campfire_choices":[{"data":"1","floor":6,"key":"LIFT"},{"data":"2","floor":10,"key":"LIFT"},{"data":"3","floor":12,"key":"LIFT"},{"data":"Dual Wield","floor":15,"key":"SMITH"},{"data":"Armaments","floor":23,"key":"SMITH"},{"data":"Limit Break","floor":28,"key":"SMITH"},{"data":"Pummel","floor":32,"key":"SMITH"},{"data":"Heavy Blade","floor":40,"key":"SMITH"},{"data":"Intimidate","floor":45,"key":"SMITH"},{"floor":47,"key":"REST"},{"floor":49,"key":"REST"}],"neow_cost":"TEN_PERCENT_HP_LOSS","seed_source_timestamp":423417059828556,"circlet_count":0,"master_deck":["Strike_R","Strike_R","Strike_R","Strike_R","Strike_R","Defend_R","Defend_R+1","Defend_R+1","Defend_R","Bash","Cleave","Pommel Strike","Twin Strike","Armaments+1","Whirlwind","Sword Boomerang","Dual Wield+1","Pummel+1","Limit Break+1","Necronomicurse","Exhume","Power Through","Doubt","Finesse","Pummel+1","Heavy Blade+1","Thunderclap+1","Shrug It Off+1","Pommel Strike+1","Intimidate+1","Limit Break+1","Writhe","Twin Strike","Inflame","Pommel Strike+1"],"relics":["Burning Blood","War Paint","Girya","Odd Mushroom","Bag of Marbles","MawBank","Cursed Key","Necronomicon","Ginger","Ancient Tea Set","Blood Vial","Incense Burner","Sozu","Dodecahedron"],"potions_floor_usage":[14,16,31,33,33,50,50],"damage_taken":[{"damage":8,"enemies":"Small Slimes","floor":1,"turns":3},{"damage":6,"enemies":"Cultist","floor":4,"turns":3},{"damage":0,"enemies":"2 Louse","floor":5,"turns":2},{"damage":12,"enemies":"Exordium Wildlife","floor":7,"turns":4},{"damage":17,"enemies":"The Mushroom Lair","floor":8,"turns":4},{"damage":0,"enemies":"2 Fungi Beasts","floor":11,"turns":1},{"damage":3,"enemies":"Lots of Slimes","floor":13,"turns":2},{"damage":0,"enemies":"Gremlin Nob","floor":14,"turns":2},{"damage":60,"enemies":"Hexaghost","floor":16,"turns":7},{"damage":10,"enemies":"2 Thieves","floor":18,"turns":2},{"damage":0,"enemies":"Spheric Guardian","floor":20,"turns":3},{"damage":0,"enemies":"Snecko","floor":24,"turns":2},{"damage":19,"enemies":"Slavers","floor":27,"turns":3},{"damage":10,"enemies":"Gremlin Leader","floor":30,"turns":3},{"damage":15,"enemies":"Snake Plant","floor":31,"turns":2},{"damage":39,"enemies":"Automaton","floor":33,"turns":7},{"damage":0,"enemies":"Orb Walker","floor":35,"turns":1},{"damage":42,"enemies":"3 Shapes","floor":36,"turns":3},{"damage":0,"enemies":"Transient","floor":37,"turns":5},{"damage":0,"enemies":"Jaw Worm Horde","floor":38,"turns":2},{"damage":0,"enemies":"Maw","floor":39,"turns":3},{"damage":0,"enemies":"Spire Growth","floor":42,"turns":2},{"damage":0,"enemies":"Transient","floor":44,"turns":5},{"damage":24,"enemies":"Sphere and 2 Shapes","floor":46,"turns":3},{"damage":21,"enemies":"Writhing Mass","floor":48,"turns":4},{"damage":66,"enemies":"Donu and Deca","floor":50,"turns":6}],"seed_played":"-4452719840524795750","potions_obtained":[{"floor":1,"key":"Poison Potion"},{"floor":8,"key":"Weak Potion"},{"floor":14,"key":"Poison Potion"},{"floor":20,"key":"Swift Potion"},{"floor":30,"key":"EssenceOfSteel"},{"floor":31,"key":"FearPotion"},{"floor":33,"key":"PowerPotion"}],"is_trial":false,"path_per_floor":["M","?","$","M","M","R","M","?","T","R","M","R","M","E","R","B",null,"M","?","M","?","$","R","M","$","T","E","R","$","E","M","R","B",null,"M","M","M","M","M","R","?","M","T","M","R","M","R","M","R","B"],"character_chosen":"IRONCLAD","items_purchased":["Girya","Ginger","Exhume","Power Through","Finesse"],"campfire_rested":2,"item_purchase_floors":[3,22,22,25,29],"current_hp_per_floor":[70,70,70,70,72,72,66,55,55,55,61,61,64,70,70,16,72,68,68,72,56,56,56,62,62,62,49,49,49,47,40,40,9,72,72,36,44,52,60,60,60,68,68,72,72,54,72,57,72,12],"gold":284,"neow_bonus":"TWO_FIFTY_GOLD","is_prod":false,"is_daily":false,"chose_seed":false,"campfire_upgraded":6,"win_rate":0,"timestamp":1540513088,"path_taken":["M","?","$","M","M","R","M","?","T","R","M","R","M","E","R","BOSS","M","?","?","?","$","R","M","$","T","E","R","$","E","M","R","BOSS","M","M","M","M","M","R","?","?","T","M","R","M","R","M","R","BOSS"],"build_version":"2018-10-25","purchased_purges":1,"victory":true,"max_hp_per_floor":[72,72,72,72,72,72,72,72,72,72,72,72,72,72,72,72,72,72,72,72,72,72,72,72,72,72,72,72,72,72,72,72,72,72,72,72,72,72,72,72,72,72,72,72,72,72,72,72,72,72],"card_choices":[{"not_picked":["Infernal Blade","Burning Pact"],"picked":"Cleave","floor":1},{"not_picked":["Clash","Feel No Pain"],"picked":"Pommel Strike","floor":4},{"not_picked":["Reaper","Headbutt"],"picked":"Twin Strike","floor":5},{"not_picked":["Thunderclap","Flex"],"picked":"Armaments","floor":7},{"not_picked":["Corruption","Havoc"],"picked":"Whirlwind","floor":8},{"not_picked":["Shrug It Off","Havoc"],"picked":"Sword Boomerang","floor":11},{"not_picked":["Warcry","Second Wind"],"picked":"Dual Wield","floor":13},{"not_picked":["Infernal Blade","Perfected Strike"],"picked":"Pummel","floor":14},{"not_picked":["Offering","Exhume"],"picked":"Limit Break","floor":16},{"not_picked":["Clothesline","Iron Wave","Sentinel"],"picked":"SKIP","floor":18},{"not_picked":["Ghostly Armor","Entrench+1","Iron Wave"],"picked":"SKIP","floor":20},{"not_picked":["Shrug It Off","Flame Barrier","Pommel Strike"],"picked":"SKIP","floor":24},{"not_picked":["Clothesline","Havoc","Sentinel"],"picked":"SKIP","floor":27},{"not_picked":["Sever Soul","Bloodletting","Infernal Blade"],"picked":"SKIP","floor":30},{"not_picked":["Body Slam","Warcry"],"picked":"Pummel+1","floor":31},{"not_picked":["Headbutt+1","Whirlwind"],"picked":"Heavy Blade","floor":35},{"not_picked":["Seeing Red+1","True Grit+1"],"picked":"Thunderclap+1","floor":36},{"not_picked":["Blood for Blood+1","Dropkick+1"],"picked":"Shrug It Off+1","floor":37},{"not_picked":["Combust+1","Carnage"],"picked":"Pommel Strike+1","floor":38},{"not_picked":["Reckless Charge+1","Iron Wave"],"picked":"Intimidate","floor":39},{"not_picked":["Bloodletting","Wild Strike","Fire Breathing"],"picked":"SKIP","floor":42},{"not_picked":["Inflame","Flex+1"],"picked":"Twin Strike","floor":44},{"not_picked":["Perfected Strike+1","Body Slam+1"],"picked":"Inflame","floor":46},{"not_picked":["Iron Wave","Spot Weakness+1"],"picked":"Pommel Strike+1","floor":48}],"player_experience":300950,"relics_obtained":[{"floor":8,"key":"Odd Mushroom"},{"floor":9,"key":"Bag of Marbles"},{"floor":14,"key":"MawBank"},{"floor":21,"key":"Necronomicon"},{"floor":26,"key":"Ancient Tea Set"},{"floor":27,"key":"Blood Vial"},{"floor":30,"key":"Incense Burner"},{"floor":43,"key":"Dodecahedron"}],"event_choices":[{"damage_healed":0,"gold_gain":0,"player_choice":"Box","damage_taken":0,"relics_obtained":["War Paint"],"max_hp_gain":0,"max_hp_loss":0,"event_name":"Big Fish","floor":2,"gold_loss":0,"cards_obtained":["Regret"]},{"damage_healed":0,"gold_gain":0,"player_choice":"Fought Mushrooms","damage_taken":0,"max_hp_gain":0,"max_hp_loss":0,"event_name":"Mushrooms","floor":8,"gold_loss":0},{"damage_healed":0,"gold_gain":99,"player_choice":"Stole From Cult","damage_taken":0,"max_hp_gain":0,"max_hp_loss":0,"event_name":"Nest","floor":19,"gold_loss":0},{"damage_healed":0,"gold_gain":0,"player_choice":"Obtained Book","damage_taken":16,"max_hp_gain":0,"max_hp_loss":0,"event_name":"Cursed Tome","floor":21,"gold_loss":0},{"damage_healed":0,"gold_gain":0,"player_choice":"Copied","damage_taken":0,"max_hp_gain":0,"max_hp_loss":0,"event_name":"Duplicator","floor":41,"gold_loss":0,"cards_obtained":["Limit Break"]}],"is_beta":false,"boss_relics":[{"not_picked":["Runic Dome","Runic Cube"],"picked":"Cursed Key"},{"not_picked":["Tiny House","Empty Cage"],"picked":"Sozu"}],"items_purged_floors":[3],"is_endless":false,"potions_floor_spawned":[1,8,14,20,30,31,33,35,38,42,44,46,48],"ascension_level":0}