{"path_per_floor":["M","?","M","$","M","R","?","M","T","E","M","M","$","M","R","B",null,"M","?","M","M","$","R","E","R","T","R","?","$","E","M","R","B",null,"M","?","M","$","M","R","E","R","T","M","?","?","?","?","R","B"],"character_chosen":"THE_SILENT","items_purchased":["Backstab","Oddly Smooth Stone","Backstab"],"gold_per_floor":[113,113,125,50,60,60,80,98,98,131,151,161,61,79,79,182,182,202,202,214,228,69,69,101,101,125,125,159,6,31,43,43,148,148,162,162,175,139,150,150,185,185,185,200,200,254,254,254,254,254],"floor_reached":51,"campfire_rested":3,"playtime":4600,"current_hp_per_floor":[68,54,51,51,45,45,43,43,43,36,33,33,33,33,54,44,70,70,70,58,58,58,58,58,58,58,58,58,58,58,42,63,48,70,70,70,69,69,69,69,60,60,60,51,51,28,28,28,49,47],"items_purged":["Strike_G","Strike_G","Defend_G"],"gold":254,"score":740,"play_id":"e812564b-b325-4f5c-8526-76f9a63ad32e","local_time":"20180518125539","is_prod":false,"is_daily":false,"chose_seed":false,"is_ascension_mode":false,"campfire_upgraded":6,"timestamp":1526673339,"campfire_choices":[{"data":"Glass Knife","floor":6,"key":"SMITH"},{"floor":15,"key":"REST"},{"data":"Noxious Fumes","floor":23,"key":"SMITH"},{"data":"Prepared","floor":25,"key":"SMITH"},{"data":"Footwork","floor":27,"key":"SMITH"},{"floor":32,"key":"REST"},{"data":"Eviscerate","floor":40,"key":"SMITH"},{"data":"Neutralize","floor":42,"key":"SMITH"},{"floor":49,"key":"REST"}],"path_taken":["M","?","?","?","M","R","?","M","T","E","M","M","$","M","R","BOSS","M","?","M","M","$","R","E","R","T","R","?","?","E","M","R","BOSS","M","?","M","$","M","R","E","R","T","M","?","?","?","?","R","BOSS"],"build_version":"2018-05-17","seed_source_timestamp":1909887655825,"purchased_purges":4,"victory":true,"master_deck":["Survivor","Neutralize+1","Footwork+1","Glass Knife+1","Dagger Spray","Dash+1","Noxious Fumes+1","Leg Sweep","Cloak And Dagger+1","Burst","Malaise+1","Blur+1","PiercingWail","Backflip","Backstab","Prepared+1","Doubt","Acrobatics+1","Acrobatics+1","Adrenaline","Dodge and Roll","Quick Slash","Dagger Throw","Deflect","Slice","Terror","Predator","Outmaneuver+1","Noxious Fumes+1","Backstab","Eviscerate+1","Adrenaline","PiercingWail+1","Sucker Punch+1","Dark Shackles"],"max_hp_per_floor":[70,70,70,70,70,70,70,70,70,70,70,70,70,70,70,70,70,70,70,70,70,70,70,70,70,70,70,70,70,70,70,70,70,70,70,70,70,70,70,70,70,70,70,70,70,70,70,70,70,70],"relics":["Orrery","Odd Mushroom","Gambling Chip","Prayer Wheel","Cursed Key","Tough Bandages","Juzu Bracelet","Red Mask","Oddly Smooth Stone","Ancient Tea Set","Pandora\u0027s Box","Snake Skull","Mummified Hand","Unceasing Top"],"card_choices":[{"not_picked":["Skewer","All Out Attack"],"picked":"Footwork","floor":0},{"not_picked":["Prepared","Deflect"],"picked":"Glass Knife","floor":0},{"not_picked":["Slice","Dodge and Roll"],"picked":"Dagger Spray","floor":0},{"not_picked":["Sucker Punch","Bane"],"picked":"Dash","floor":1},{"not_picked":["Masterful Stab","All Out Attack","Outmaneuver"],"picked":"SKIP","floor":3},{"not_picked":["Prepared","Bane","Dagger Spray"],"picked":"SKIP","floor":5},{"not_picked":["Deflect","Setup","Infinite Blades"],"picked":"SKIP","floor":8},{"not_picked":["Bane","Flying Knee"],"picked":"Noxious Fumes","floor":10},{"not_picked":["Prepared","Quick Slash"],"picked":"Leg Sweep","floor":11},{"not_picked":["Wraith Form v2","Deadly Poison","PiercingWail"],"picked":"SKIP","floor":11},{"not_picked":["Dagger Throw","Prepared","Leg Sweep"],"picked":"SKIP","floor":12},{"not_picked":["Distraction","Sucker Punch","Malaise"],"picked":"SKIP","floor":12},{"not_picked":["Reflex","Prepared"],"picked":"Cloak And Dagger","floor":14},{"not_picked":["Quick Slash","Dagger Spray","PiercingWail"],"picked":"SKIP","floor":14},{"not_picked":["Wraith Form v2","Envenom"],"picked":"Burst","floor":16},{"not_picked":["Dagger Spray","Bane"],"picked":"Malaise+1","floor":18},{"not_picked":["Poisoned Stab","Dagger Throw","Dash"],"picked":"SKIP","floor":18},{"not_picked":["Deadly Poison","Sucker Punch"],"picked":"Blur+1","floor":20},{"not_picked":["Poisoned Stab","Flying Knee"],"picked":"PiercingWail","floor":20},{"not_picked":["Deadly Poison+1","Deflect"],"picked":"Backflip","floor":21},{"not_picked":["Heel Hook","Leg Sweep","Flying Knee"],"picked":"SKIP","floor":21},{"not_picked":["Corpse Explosion","Endless Agony"],"picked":"Prepared","floor":24},{"not_picked":["Malaise","PiercingWail"],"picked":"Acrobatics+1","floor":30},{"not_picked":["Calculated Gamble","Finisher"],"picked":"Acrobatics+1","floor":31},{"not_picked":["Dodge and Roll","Prepared+1","Slice"],"picked":"SKIP","floor":31},{"not_picked":["Storm of Steel","Night Terror"],"picked":"Adrenaline","floor":33},{"not_picked":["Cloak And Dagger","Dagger Throw"],"picked":"Outmaneuver+1","floor":35},{"not_picked":["Choke+1","Poisoned Stab+1","Dagger Throw+1"],"picked":"SKIP","floor":35},{"not_picked":["Bane+1","Dagger Spray+1"],"picked":"Noxious Fumes+1","floor":37},{"not_picked":["Dagger Spray","Underhanded Strike","Sucker Punch"],"picked":"SKIP","floor":37},{"not_picked":["Calculated Gamble+1","Prepared"],"picked":"Eviscerate","floor":39},{"not_picked":["Deflect","Backflip","Finisher+1"],"picked":"SKIP","floor":39},{"not_picked":["Backflip+1","Underhanded Strike+1"],"picked":"Adrenaline","floor":41},{"not_picked":["Dagger Throw+1","Slice+1"],"picked":"PiercingWail+1","floor":44},{"not_picked":["Poisoned Stab","Flying Knee","Expertise+1"],"picked":"SKIP","floor":44},{"not_picked":["Dagger Throw+1","Bouncing Flask"],"picked":"Sucker Punch+1","floor":46},{"not_picked":["Deep Breath","Purity"],"picked":"Dark Shackles","floor":47}],"player_experience":280466,"potions_floor_usage":[7,28,33,46,46,50,50],"damage_taken":[{"damage":2,"enemies":"2 Louse","floor":1,"turns":2},{"damage":3,"enemies":"Small Slimes","floor":3,"turns":3},{"damage":6,"enemies":"Jaw Worm","floor":5,"turns":3},{"damage":2,"enemies":"The Mushroom Lair","floor":7,"turns":3},{"damage":0,"enemies":"Red Slaver","floor":8,"turns":3},{"damage":7,"enemies":"Lagavulin","floor":10,"turns":6},{"damage":3,"enemies":"Lots of Slimes","floor":11,"turns":3},{"damage":0,"enemies":"Looter","floor":12,"turns":3},{"damage":0,"enemies":"Exordium Wildlife","floor":14,"turns":3},{"damage":10,"enemies":"The Guardian","floor":16,"turns":12},{"damage":0,"enemies":"Shell Parasite","floor":18,"turns":6},{"damage":12,"enemies":"Spheric Guardian","floor":20,"turns":6},{"damage":0,"enemies":"Snake Plant","floor":21,"turns":5},{"damage":0,"enemies":"Book of Stabbing","floor":24,"turns":7},{"damage":0,"enemies":"Masked Bandits","floor":28,"turns":6},{"damage":0,"enemies":"Gremlin Leader","floor":30,"turns":8},{"damage":16,"enemies":"Cultist and Chosen","floor":31,"turns":8},{"damage":15,"enemies":"Automaton","floor":33,"turns":14},{"damage":0,"enemies":"3 Shapes","floor":35,"turns":5},{"damage":1,"enemies":"Orb Walker","floor":37,"turns":3},{"damage":0,"enemies":"Maw","floor":39,"turns":8},{"damage":9,"enemies":"2 Orb Walkers","floor":41,"turns":6},{"damage":9,"enemies":"Sphere and 2 Shapes","floor":44,"turns":6},{"damage":38,"enemies":"Mysterious Sphere","floor":46,"turns":6},{"damage":2,"enemies":"Awakened One","floor":50,"turns":16}],"relics_obtained":[{"floor":7,"key":"Odd Mushroom"},{"floor":9,"key":"Gambling Chip"},{"floor":10,"key":"Prayer Wheel"},{"floor":24,"key":"Tough Bandages"},{"floor":26,"key":"Juzu Bracelet"},{"floor":28,"key":"Red Mask"},{"floor":30,"key":"Ancient Tea Set"},{"floor":41,"key":"Snake Skull"},{"floor":43,"key":"Mummified Hand"},{"floor":46,"key":"Unceasing Top"}],"event_choices":[{"event_name":"Shining Light","player_choice":"Entered Light","floor":2,"damage_taken":0},{"event_name":"Mushrooms","player_choice":"Fought Mushrooms","floor":7,"damage_taken":0},{"event_name":"Accursed Blacksmith","player_choice":"Forge","floor":19,"damage_taken":0},{"event_name":"Masked Bandits","player_choice":"Fought over 125 gold","floor":28,"damage_taken":0},{"event_name":"The Lab","player_choice":"Got Potions","floor":36,"damage_taken":0},{"event_name":"SecretPortal","player_choice":"Rejected Portal.","floor":45,"damage_taken":0},{"event_name":"Mysterious Sphere","player_choice":"Fight","floor":46,"damage_taken":0},{"event_name":"SensoryStone","player_choice":"Memory 1","floor":47,"damage_taken":0},{"event_name":"Purifier","player_choice":"One Purge","floor":48,"damage_taken":0}],"boss_relics":[{"not_picked":["Calling Bell","Runic Dome"],"picked":"Cursed Key"},{"not_picked":["Snecko Eye","Runic Pyramid"],"picked":"Pandora\u0027s Box"}],"potions_floor_spawned":[1,10,11,21,30,31,37,46],"seed_played":"2065940845115360201","ascension_level":0,"potions_obtained":[{"floor":1,"key":"Fire Potion"},{"floor":10,"key":"Ancient Potion"},{"floor":11,"key":"SpeedPotion"},{"floor":21,"key":"FearPotion"},{"floor":30,"key":"Regen Potion"},{"floor":31,"key":"EssenceOfSteel"},{"floor":36,"key":"Strength Potion"},{"floor":46,"key":"Block Potion"}],"is_trial":false}