{"gold_per_floor":[112,123,123,136,136,166,166,186,186,186,220,234,234,253,253,358,358,372,372,372,388,399,432,445,445,445,476,476,496,525,525],"floor_reached":31,"playtime":1649,"items_purged":[],"score":349,"play_id":"7c9fbbf8-4428-4d1a-b521-c2f826b5681b","local_time":"20181003223218","is_ascension_mode":true,"campfire_choices":[{"data":"Bouncing Flask","floor":7,"key":"SMITH"},{"data":"Noxious Fumes","floor":10,"key":"SMITH"},{"data":"Deadly Poison","floor":13,"key":"SMITH"},{"floor":15,"key":"REST"},{"data":"Blur","floor":25,"key":"SMITH"},{"floor":28,"key":"REST"}],"neow_cost":"","seed_source_timestamp":1472706607492870,"circlet_count":0,"master_deck":["Defend_G","Defend_G","Defend_G","Defend_G","Defend_G","Strike_G","Strike_G","Strike_G","Survivor","Neutralize","Bouncing Flask+1","Dodge and Roll","Blur+1","Cloak And Dagger","Noxious Fumes+1","Deadly Poison+1","Poisoned Stab","Poisoned Stab","Corpse Explosion","PiercingWail+1","Terror+1","Bouncing Flask+1","Bullet Time+1","Corpse Explosion+1"],"relics":["Ring of the Snake","Bag of Marbles","Bottled Flame","Incense Burner","Black Star","Pear","Toxic Egg 2","Frozen Egg 2","Question Card","Kunai","Girya","Torii"],"potions_floor_usage":[18,22,30,30,31],"damage_taken":[{"damage":7,"enemies":"Cultist","floor":1,"turns":5},{"damage":0,"enemies":"2 Louse","floor":2,"turns":4},{"damage":0,"enemies":"Jaw Worm","floor":4,"turns":6},{"damage":21,"enemies":"Gremlin Nob","floor":6,"turns":5},{"damage":1,"enemies":"Lots of Slimes","floor":8,"turns":7},{"damage":9,"enemies":"Lagavulin","floor":11,"turns":6},{"damage":1,"enemies":"Looter","floor":12,"turns":3},{"damage":1,"enemies":"3 Louse","floor":14,"turns":3},{"damage":18,"enemies":"Hexaghost","floor":16,"turns":8},{"damage":3,"enemies":"3 Byrds","floor":18,"turns":4},{"damage":17,"enemies":"Shell Parasite","floor":21,"turns":4},{"damage":17,"enemies":"Sentry and Sphere","floor":22,"turns":5},{"damage":1,"enemies":"Gremlin Leader","floor":23,"turns":6},{"damage":3,"enemies":"Shelled Parasite and Fungi","floor":24,"turns":6},{"damage":18,"enemies":"Slavers","floor":27,"turns":4},{"damage":12,"enemies":"Snake Plant","floor":29,"turns":4},{"damage":29,"enemies":"Gremlin Leader","floor":30,"turns":6},{"damage":4,"enemies":"Chosen and Byrds","floor":31,"turns":2}],"seed_played":"-8790546123948240793","potions_obtained":[{"floor":1,"key":"PowerPotion"},{"floor":6,"key":"GhostInAJar"},{"floor":11,"key":"Energy Potion"},{"floor":12,"key":"Block Potion"},{"floor":21,"key":"Ancient Potion"},{"floor":22,"key":"AttackPotion"},{"floor":24,"key":"Swift Potion"},{"floor":27,"key":"Block Potion"}],"is_trial":false,"path_per_floor":["M","M","?","M","?","E","R","M","T","R","E","M","R","M","R","B",null,"M","?","?","M","M","E","M","R","T","E","R","M","E"],"character_chosen":"THE_SILENT","items_purchased":[],"campfire_rested":2,"item_purchase_floors":[],"current_hp_per_floor":[63,63,63,63,63,42,42,41,41,41,32,31,31,30,51,33,70,67,67,67,50,33,42,39,39,39,21,45,33,4,0],"gold":525,"neow_bonus":"","is_prod":false,"is_daily":false,"chose_seed":false,"campfire_upgraded":4,"win_rate":0,"timestamp":1538598738,"path_taken":["M","?","?","?","?","E","R","?","T","R","E","M","R","M","R","BOSS","M","?","?","M","M","E","M","R","T","E","R","M","E","M"],"build_version":"2018-09-27","purchased_purges":0,"victory":false,"max_hp_per_floor":[70,70,70,70,70,70,70,70,70,70,70,70,70,70,70,70,70,70,70,70,70,70,80,80,80,80,80,80,80,80,80],"card_choices":[{"not_picked":["Skewer","Dodge and Roll"],"picked":"Bouncing Flask","floor":1},{"not_picked":["Prepared","Blade Dance"],"picked":"Dodge and Roll","floor":2},{"not_picked":["Blade Dance","Blur"],"picked":"Cloak And Dagger","floor":4},{"not_picked":["Deflect","Dodge and Roll"],"picked":"Noxious Fumes","floor":6},{"not_picked":["Blur","Masterful Stab"],"picked":"Deadly Poison","floor":8},{"not_picked":["Infinite Blades","Eviscerate"],"picked":"Poisoned Stab","floor":11},{"not_picked":["Predator","Masterful Stab","Acrobatics"],"picked":"SKIP","floor":12},{"not_picked":["Dagger Spray","Deflect"],"picked":"Poisoned Stab","floor":14},{"not_picked":["Wraith Form v2","Envenom"],"picked":"Corpse Explosion","floor":16},{"not_picked":["Riddle With Holes","Quick Slash+1"],"picked":"PiercingWail+1","floor":18},{"not_picked":["Prepared","Well Laid Plans","Dagger Throw"],"picked":"SKIP","floor":21},{"not_picked":["Cloak And Dagger","Underhanded Strike+1","Well Laid Plans"],"picked":"SKIP","floor":22},{"not_picked":["Bane","Prepared+1"],"picked":"Terror+1","floor":23},{"not_picked":["Caltrops+1","Tactician+1","Sucker Punch+1"],"picked":"SKIP","floor":24},{"not_picked":["Expertise+1","Poisoned Stab"],"picked":"Bouncing Flask+1","floor":27},{"not_picked":["Poisoned Stab","Quick Slash","Finisher"],"picked":"Bullet Time+1","floor":29},{"not_picked":["Infinite Blades+1","Riddle With Holes+1","Endless Agony"],"picked":"Corpse Explosion+1","floor":30}],"player_experience":59539,"relics_obtained":[{"floor":6,"key":"Bag of Marbles"},{"floor":9,"key":"Bottled Flame"},{"floor":11,"key":"Incense Burner"},{"floor":23,"key":"Pear"},{"floor":23,"key":"Toxic Egg 2"},{"floor":26,"key":"Frozen Egg 2"},{"floor":27,"key":"Question Card"},{"floor":27,"key":"Kunai"},{"floor":30,"key":"Girya"},{"floor":30,"key":"Torii"}],"event_choices":[{"event_name":"Transmorgrifier","player_choice":"Transform","floor":3,"damage_taken":0},{"event_name":"Golden Idol","player_choice":"Ignored","floor":5,"damage_taken":0},{"event_name":"Back to Basics","player_choice":"Elegance","floor":19,"damage_taken":0},{"event_name":"Beggar","player_choice":"Ignored","floor":20,"damage_taken":0}],"is_beta":false,"boss_relics":[{"not_picked":["Orrery","Busted Crown"],"picked":"Black Star"}],"items_purged_floors":[],"is_endless":false,"potions_floor_spawned":[1,6,11,12,21,22,24,27],"killed_by":"Chosen and Byrds","ascension_level":1}