{"gold_per_floor":[17,29,43,43,118,118,144,144,144,144,159,159,188,201,201,201],"floor_reached":16,"playtime":789,"items_purged":[],"score":193,"play_id":"beba5f9a-6a33-4824-afc3-1e94775dd829","local_time":"20180722194842","is_ascension_mode":true,"campfire_choices":[{"data":"Zap","floor":6,"key":"SMITH"},{"data":"Dualcast","floor":8,"key":"SMITH"},{"floor":10,"key":"REST"},{"data":"Conserve Battery","floor":15,"key":"SMITH"}],"neow_cost":"NO_GOLD","seed_source_timestamp":44190508641686,"circlet_count":0,"master_deck":["Strike_B","Strike_B","Strike_B","Defend_B","Defend_B","Defend_B","Defend_B","Zap+1","Dualcast+1","AscendersBane","All For One","Reprogram","Cold Snap","Conserve Battery+1","Ball Lightning","Gash","Genetic Algorithm"],"relics":["Cracked Core","Calipers","Question Card","Pear"],"potions_floor_usage":[13,16,16],"damage_taken":[{"damage":0,"enemies":"Small Slimes","floor":1,"turns":3},{"damage":4,"enemies":"2 Louse","floor":2,"turns":2},{"damage":4,"enemies":"Cultist","floor":3,"turns":3},{"damage":11,"enemies":"3 Sentries","floor":7,"turns":9},{"damage":9,"enemies":"Blue Slaver","floor":11,"turns":3},{"damage":3,"enemies":"Gremlin Nob","floor":13,"turns":3},{"damage":14,"enemies":"3 Louse","floor":14,"turns":2},{"damage":53,"enemies":"Hexaghost","floor":16,"turns":9}],"seed_played":"-5814837627964317178","potions_obtained":[{"floor":7,"key":"SpeedPotion"},{"floor":11,"key":"PowerPotion"},{"floor":13,"key":"EssenceOfSteel"}],"is_trial":false,"path_per_floor":["M","M","M","?","?","R","E","R","T","R","M","?","E","M","R"],"character_chosen":"DEFECT","items_purchased":[],"campfire_rested":1,"item_purchase_floors":[],"current_hp_per_floor":[64,60,56,61,50,50,39,39,39,61,52,52,66,52,52,0],"gold":201,"neow_bonus":"THREE_RARE_CARDS","is_prod":false,"is_daily":false,"chose_seed":false,"campfire_upgraded":3,"win_rate":0,"timestamp":1532314122,"path_taken":["M","M","M","?","?","R","E","R","T","R","M","?","E","M","R","BOSS"],"build_version":"2018-07-19v2","purchased_purges":0,"victory":false,"max_hp_per_floor":[71,71,71,76,76,76,76,76,76,76,76,76,86,86,86,86],"card_choices":[{"not_picked":["Reboot","Rainbow"],"picked":"All For One","floor":0},{"not_picked":["Turbo","Redo"],"picked":"Reprogram","floor":1},{"not_picked":["Rebound","Reprogram"],"picked":"Cold Snap","floor":2},{"not_picked":["Redo","Barrage"],"picked":"Conserve Battery","floor":3},{"not_picked":["Leap","Compile Driver"],"picked":"Ball Lightning","floor":7},{"not_picked":["All For One","Leap","Sweeping Beam","Double Energy"],"picked":"SKIP","floor":11},{"not_picked":["Sunder","Aggregate","White Noise"],"picked":"Gash","floor":13},{"not_picked":["Conserve Battery","Buffer","Doom and Gloom"],"picked":"Genetic Algorithm","floor":14}],"player_experience":856150,"relics_obtained":[{"floor":7,"key":"Calipers"},{"floor":9,"key":"Question Card"},{"floor":13,"key":"Pear"}],"event_choices":[{"event_name":"Big Fish","player_choice":"Donut","floor":4,"damage_taken":0},{"event_name":"World of Goop","player_choice":"Gather Gold","floor":5,"damage_taken":0},{"event_name":"Purifier","player_choice":"One Purge","floor":12,"damage_taken":0}],"is_beta":false,"boss_relics":[],"items_purged_floors":[],"is_endless":false,"potions_floor_spawned":[7,11,13],"killed_by":"Hexaghost","ascension_level":15}