{"gold_per_floor":[110,127,142,417,432,466,466,501,501,17,17,17,44,62,62,137,137,150,150,165,183,183,183,215,215,215,18,46,46,80,99,99,99],"floor_reached":33,"playtime":1273,"items_purged":["Decay"],"score":726,"play_id":"9c6313b7-f9e3-4ae0-a0db-f968a5d2c982","local_time":"20181207004824","is_ascension_mode":true,"campfire_choices":[{"data":"Predator","floor":7.0,"key":"SMITH"},{"data":"Bouncing Flask","floor":15.0,"key":"SMITH"},{"floor":23.0,"key":"REST"},{"floor":25.0,"key":"REST"},{"floor":29.0,"key":"REST"},{"data":"Wraith Form v2","floor":32.0,"key":"SMITH"}],"neow_cost":"NONE","seed_source_timestamp":108792506746441,"circlet_count":0,"master_deck":["AscendersBane","Defend_G","Defend_G","Defend_G","Defend_G","Defend_G","Strike_G","Strike_G","Strike_G+1","Strike_G+1","Survivor","Neutralize","Terror","Blur","Flying Knee","Corpse Explosion","Predator+1","Grand Finale","Concentrate","Bouncing Flask+1","Underhanded Strike+1","Dash","Eviscerate","Wraith Form v2+1"],"special_seed":0,"relics":["Ring of the Snake","NeowsBlessing","Orichalcum","Dodecahedron","Membership Card","Gambling Chip","Blood Vial","Snecko Eye","Bottled Lightning","FossilizedHelix","Pen Nib","Vajra","Whetstone"],"potions_floor_usage":[33],"damage_taken":[{"damage":0.0,"enemies":"Cultist","floor":1.0,"turns":1.0},{"damage":0.0,"enemies":"2 Louse","floor":2.0,"turns":1.0},{"damage":0.0,"enemies":"Jaw Worm","floor":3.0,"turns":1.0},{"damage":6.0,"enemies":"Blue Slaver","floor":5.0,"turns":4.0},{"damage":34.0,"enemies":"Lagavulin","floor":6.0,"turns":8.0},{"damage":24.0,"enemies":"Gremlin Nob","floor":8.0,"turns":4.0},{"damage":0.0,"enemies":"Exordium Wildlife","floor":14.0,"turns":4.0},{"damage":0.0,"enemies":"Hexaghost","floor":16.0,"turns":9.0},{"damage":15.0,"enemies":"Shell Parasite","floor":18.0,"turns":2.0},{"damage":0.0,"enemies":"Chosen","floor":20.0,"turns":2.0},{"damage":17.0,"enemies":"Centurion and Healer","floor":21.0,"turns":2.0},{"damage":29.0,"enemies":"Book of Stabbing","floor":24.0,"turns":4.0},{"damage":22.0,"enemies":"Gremlin Leader","floor":28.0,"turns":5.0},{"damage":14.0,"enemies":"Slavers","floor":30.0,"turns":2.0},{"damage":0.0,"enemies":"Shelled Parasite and Fungi","floor":31.0,"turns":3.0},{"damage":8,"enemies":"Champ","floor":33,"turns":11}],"seed_played":"2374318618135985060","potions_obtained":[{"floor":1.0,"key":"GamblersBrew"},{"floor":5.0,"key":"GhostInAJar"},{"floor":6.0,"key":"Regen Potion"},{"floor":14.0,"key":"SpeedPotion"},{"floor":30.0,"key":"Fruit Juice"},{"floor":31.0,"key":"SpeedPotion"}],"is_trial":false,"path_per_floor":["M","M","M","?","M","E","R","E","T","$","$","?","T","M","R","B",null,"M","?","M","M","?","R","E","R","T","$","E","R","E","M","R","B"],"character_chosen":"THE_SILENT","items_purchased":["Membership Card","Gambling Chip","Grand Finale","Concentrate","Eviscerate","Fruit Juice","Pen Nib"],"campfire_rested":3,"item_purchase_floors":[10,10,10,10,27,27,27],"current_hp_per_floor":[59,59,59,59,53,19,19,7,7,7,7,7,7,9,9,11,52,39,39,41,26,26,45,18,37,37,42,22,43,36,38,38,32],"gold":99,"neow_bonus":"THREE_ENEMY_KILL","is_prod":false,"is_daily":false,"chose_seed":false,"campfire_upgraded":3,"win_rate":0,"timestamp":1544114904,"path_taken":["M","?","M","?","?","E","R","E","T","?","$","?","?","?","R","BOSS","M","?","M","?","?","R","E","R","T","$","E","R","E","M","R","BOSS"],"build_version":"2018-11-15","purchased_purges":1,"victory":false,"max_hp_per_floor":[66,66,66,66,66,66,66,66,66,66,66,66,66,66,66,66,66,66,66,66,66,66,66,66,66,66,71,71,71,76,76,76,76],"card_choices":[{"not_picked":["Blur","Poisoned Stab"],"picked":"Terror","floor":1.0},{"not_picked":["Flying Knee","Slice"],"picked":"Blur","floor":2.0},{"not_picked":["Deadly Poison","Prepared"],"picked":"Flying Knee","floor":3.0},{"not_picked":["Leg Sweep","Poisoned Stab"],"picked":"Corpse Explosion","floor":5.0},{"not_picked":["Crippling Poison","Catalyst"],"picked":"Predator","floor":6.0},{"not_picked":["Choke","Cloak And Dagger","Accuracy"],"picked":"SKIP","floor":8.0},{"not_picked":["Deadly Poison","Dagger Throw"],"picked":"Bouncing Flask","floor":14.0},{"not_picked":["Calculated Gamble","Dodge and Roll"],"picked":"Underhanded Strike+1","floor":18.0},{"not_picked":["PiercingWail","Quick Slash","Cloak And Dagger"],"picked":"SKIP","floor":20.0},{"not_picked":["Noxious Fumes+1","Terror","Underhanded Strike"],"picked":"SKIP","floor":21.0},{"not_picked":["Storm of Steel","Slice"],"picked":"Dash","floor":24.0},{"not_picked":["Cloak And Dagger","Burst","PiercingWail"],"picked":"SKIP","floor":28.0},{"not_picked":["Quick Slash","Flying Knee"],"picked":"Wraith Form v2","floor":30.0},{"not_picked":["Slice","Deflect","Dodge and Roll+1"],"picked":"SKIP","floor":31.0}],"player_experience":2287287,"relics_obtained":[{"floor":6.0,"key":"Orichalcum"},{"floor":8.0,"key":"Dodecahedron"},{"floor":13.0,"key":"Blood Vial"},{"floor":24.0,"key":"Bottled Lightning"},{"floor":26.0,"key":"FossilizedHelix"},{"floor":28.0,"key":"Vajra"},{"floor":30.0,"key":"Whetstone"}],"event_choices":[{"damage_healed":0.0,"max_hp_gain":0.0,"max_hp_loss":0.0,"gold_gain":275.0,"event_name":"Golden Shrine","player_choice":"Desecrate","floor":4.0,"gold_loss":0.0,"damage_taken":0.0,"cards_obtained":["Regret"]},{"cards_removed":["Regret"],"damage_healed":0.0,"max_hp_gain":0.0,"max_hp_loss":0.0,"gold_gain":0.0,"event_name":"Living Wall","player_choice":"Forget","floor":12.0,"gold_loss":0.0,"damage_taken":0.0},{"cards_removed":["Strike_G"],"damage_healed":0.0,"max_hp_gain":0.0,"max_hp_loss":0.0,"gold_gain":0.0,"event_name":"Purifier","player_choice":"Purged","floor":19.0,"gold_loss":0.0,"damage_taken":0.0},{"damage_healed":0.0,"max_hp_gain":0.0,"max_hp_loss":0.0,"gold_gain":0.0,"event_name":"Forgotten Altar","player_choice":"Smashed Altar","floor":22.0,"gold_loss":0.0,"damage_taken":0.0,"cards_obtained":["Decay"]}],"is_beta":false,"boss_relics":[{"not_picked":["Runic Dome","Coffee Dripper"],"picked":"Snecko Eye"}],"items_purged_floors":[27],"is_endless":false,"potions_floor_spawned":[1,5,6,14,30,31],"killed_by":"Champ","ascension_level":20}