{"gold_per_floor":[117,117,192,116,135,135,152,181,181,146,146,164,164,176,176,272,322,338,338,350,73,83,83,99,74,122,50,50,68,78,88,88,189,189,206,1205,1205,702,702,702,714,714,714,714,734,734],"floor_reached":46,"playtime":3559,"items_purged":["Normality"],"score":559,"play_id":"266fb1de-7f0f-419f-b4e6-22bac67dd3fa","local_time":"20190427173853","is_ascension_mode":true,"campfire_choices":[{"floor":6.0,"key":"REST"},{"floor":11.0,"key":"REST"},{"floor":13.0,"key":"REST"},{"data":"Catalyst","floor":15.0,"key":"SMITH"},{"floor":23.0,"key":"REST"},{"floor":28.0,"key":"REST"},{"floor":32.0,"key":"REST"},{"floor":40.0,"key":"REST"},{"floor":42,"key":"REST"},{"floor":44,"key":"REST"}],"neow_cost":"NONE","seed_source_timestamp":21598225100674,"circlet_count":0,"master_deck":["Defend_G","Defend_G","Defend_G","Defend_G","Defend_G","Strike_G+1","Strike_G","Survivor","Neutralize+1","Cloak And Dagger","Footwork+1","Poisoned Stab","Blade Dance","Catalyst+1","Noxious Fumes","Noxious Fumes","Poisoned Stab","Bullet Time","Distraction","Outmaneuver","Catalyst+1","Cloak And Dagger+1","Apotheosis+1","Dramatic Entrance","Burst","Backflip","Blur","Poisoned Stab+1","Tools of the Trade","Cloak And Dagger+1","Normality","Infinite Blades","Bane+1","Footwork+1"],"special_seed":0,"relics":["White Beast Statue","Meat on the Bone","Happy Flower","Whetstone","Tiny House","Blood Vial","Oddly Smooth Stone","Empty Cage","Potion Belt","Strange Spoon","Snake Skull"],"potions_floor_usage":[41,45],"damage_taken":[{"damage":1.0,"enemies":"Cultist","floor":1.0,"turns":4.0},{"damage":2.0,"enemies":"Jaw Worm","floor":5.0,"turns":4.0},{"damage":0.0,"enemies":"2 Louse","floor":7.0,"turns":3.0},{"damage":39.0,"enemies":"3 Sentries","floor":8.0,"turns":13.0},{"damage":7.0,"enemies":"Red Slaver","floor":12.0,"turns":2.0},{"damage":2.0,"enemies":"Blue Slaver","floor":14.0,"turns":5.0},{"damage":48.0,"enemies":"Hexaghost","floor":16.0,"turns":7.0},{"damage":24.0,"enemies":"3 Byrds","floor":18.0,"turns":7.0},{"damage":10.0,"enemies":"Shell Parasite","floor":20.0,"turns":6.0},{"damage":24.0,"enemies":"Centurion and Healer","floor":22.0,"turns":8.0},{"damage":38.0,"enemies":"3 Cultists","floor":24.0,"turns":6.0},{"damage":8.0,"enemies":"Shelled Parasite and Fungi","floor":29.0,"turns":5.0},{"damage":32.0,"enemies":"Snake Plant","floor":30.0,"turns":6.0},{"damage":0.0,"enemies":"Chosen and Byrds","floor":31.0,"turns":6.0},{"damage":40.0,"enemies":"Collector","floor":33.0,"turns":10.0},{"damage":27.0,"enemies":"Orb Walker","floor":35.0,"turns":5.0},{"damage":38,"enemies":"3 Darklings","floor":41,"turns":6},{"damage":59,"enemies":"Spire Growth","floor":45,"turns":7},{"damage":59,"enemies":"Reptomancer","floor":46,"turns":2}],"seed_played":"-3520303952209230707","potions_obtained":[{"floor":1.0,"key":"SteroidPotion"},{"floor":5.0,"key":"SpeedPotion"},{"floor":7.0,"key":"LiquidBronze"},{"floor":8.0,"key":"Fire Potion"},{"floor":12.0,"key":"FearPotion"},{"floor":14.0,"key":"Regen Potion"},{"floor":16.0,"key":"EssenceOfSteel"},{"floor":17.0,"key":"EssenceOfSteel"},{"floor":18.0,"key":"Ancient Potion"},{"floor":20.0,"key":"AttackPotion"},{"floor":22.0,"key":"GhostInAJar"},{"floor":24.0,"key":"Block Potion"},{"floor":29.0,"key":"Swift Potion"},{"floor":30.0,"key":"PowerPotion"},{"floor":33.0,"key":"LiquidBronze"},{"floor":35.0,"key":"SpeedPotion"},{"floor":41,"key":"SkillPotion"},{"floor":45,"key":"FairyPotion"}],"is_trial":false,"path_per_floor":["M","T","?","$","M","R","M","E","T","$","R","M","R","M","R","B",null,"M","?","M","$","M","R","M","$","T","?","R","M","M","M","R","B",null,"M","?","?","$","?","R","M","R","T","R","M","E"],"character_chosen":"THE_SILENT","items_purchased":["Footwork","Noxious Fumes","Apotheosis","Dramatic Entrance","Backflip","Potion Belt","Strange Spoon","Infinite Blades"],"campfire_rested":9,"item_purchase_floors":[4,10,21,21,25,38,38,38],"current_hp_per_floor":[69,69,58,58,56,70,70,43,43,43,64,57,70,68,68,32,75,51,51,56,56,44,66,40,40,40,40,62,56,38,40,62,36,75,48,48,48,48,48,70,46,68,68,75,28,0],"gold":734,"neow_bonus":"BOSS_RELIC","is_prod":false,"is_daily":false,"chose_seed":false,"campfire_upgraded":1,"win_rate":0,"timestamp":1556383133,"path_taken":["M","?","?","?","M","R","?","E","T","$","R","M","R","M","R","BOSS","M","?","?","?","M","R","M","$","T","?","R","M","M","?","R","BOSS","M","?","?","$","?","R","?","R","T","R","M","E"],"build_version":"2019-01-23","purchased_purges":1,"victory":false,"max_hp_per_floor":[70,70,70,70,70,70,70,70,70,70,70,70,70,70,70,70,75,75,75,75,75,75,75,75,75,75,75,75,75,75,75,75,75,75,75,75,75,75,75,75,75,75,75,75,75,75],"card_choices":[{"not_picked":["Prepared","Sucker Punch"],"picked":"Cloak And Dagger","floor":1.0},{"not_picked":["Underhanded Strike","Acrobatics"],"picked":"Poisoned Stab","floor":5.0},{"not_picked":["Concentrate","Slice"],"picked":"Blade Dance","floor":7.0},{"not_picked":["Skewer","Heel Hook"],"picked":"Catalyst","floor":8.0},{"not_picked":["Riddle With Holes","Prepared"],"picked":"Noxious Fumes","floor":12.0},{"not_picked":["Choke","Slice"],"picked":"Poisoned Stab","floor":14.0},{"not_picked":["Unload","Tools of the Trade"],"picked":"Bullet Time","floor":16.0},{"not_picked":["Dagger Spray","Blade Dance"],"picked":"Distraction","floor":17.0},{"not_picked":["Blade Dance+1","Dodge and Roll"],"picked":"Outmaneuver","floor":18.0},{"not_picked":["Sucker Punch","Outmaneuver+1"],"picked":"Cloak And Dagger+1","floor":20.0},{"not_picked":["Skewer","Outmaneuver","Dodge and Roll"],"picked":"SKIP","floor":22.0},{"not_picked":["Dagger Throw","Outmaneuver"],"picked":"Burst","floor":24.0},{"not_picked":["Dagger Throw","Riddle With Holes"],"picked":"Blur","floor":29.0},{"not_picked":["Quick Slash","Tactician","Outmaneuver"],"picked":"SKIP","floor":30.0},{"not_picked":["Flying Knee+1","Reflex+1"],"picked":"Poisoned Stab+1","floor":31.0},{"not_picked":["Burst","Night Terror"],"picked":"Tools of the Trade","floor":33.0},{"not_picked":["Concentrate+1","Underhanded Strike"],"picked":"Cloak And Dagger+1","floor":35.0},{"not_picked":["Blade Dance","Outmaneuver+1"],"picked":"Bane+1","floor":41},{"not_picked":["Dagger Spray","Quick Slash+1"],"picked":"Footwork+1","floor":45}],"player_experience":714386,"relics_obtained":[{"floor":2.0,"key":"Meat on the Bone"},{"floor":8.0,"key":"Happy Flower"},{"floor":9.0,"key":"Whetstone"},{"floor":26.0,"key":"Blood Vial"},{"floor":43,"key":"Snake Skull"}],"event_choices":[{"damage_healed":0.0,"max_hp_gain":0.0,"max_hp_loss":0.0,"gold_gain":75.0,"event_name":"World of Goop","player_choice":"Gather Gold","floor":3.0,"gold_loss":0.0,"damage_taken":11.0},{"damage_healed":0.0,"max_hp_gain":0.0,"max_hp_loss":0.0,"gold_gain":0.0,"event_name":"Duplicator","player_choice":"Copied","floor":19.0,"gold_loss":0.0,"damage_taken":0.0,"cards_obtained":["Catalyst"]},{"damage_healed":0.0,"max_hp_gain":0.0,"max_hp_loss":0.0,"gold_gain":0.0,"event_name":"WeMeetAgain","player_choice":"Paid Gold","floor":27.0,"gold_loss":72.0,"damage_taken":0.0,"relics_obtained":["Oddly Smooth Stone"]},{"damage_healed":0.0,"max_hp_gain":0.0,"max_hp_loss":0.0,"gold_gain":999.0,"event_name":"MindBloom","player_choice":"Gold","floor":36.0,"gold_loss":0.0,"damage_taken":0.0,"cards_obtained":["Normality","Normality"]},{"cards_removed":["Strike_G"],"damage_healed":0.0,"max_hp_gain":0.0,"max_hp_loss":0.0,"gold_gain":0.0,"event_name":"Falling","player_choice":"Removed Attack","floor":37.0,"gold_loss":0.0,"damage_taken":0.0},{"damage_healed":0.0,"max_hp_gain":0.0,"max_hp_loss":0.0,"gold_gain":0.0,"event_name":"Accursed Blacksmith","player_choice":"Forge","floor":39.0,"gold_loss":0.0,"damage_taken":0.0,"cards_upgraded":["Apotheosis"]}],"is_beta":false,"boss_relics":[{"not_picked":["Snecko Eye","Eternal Feather"],"picked":"Tiny House"},{"not_picked":["Velvet Choker","Pandora\u0027s Box"],"picked":"Empty Cage"}],"items_purged_floors":[38],"is_endless":false,"potions_floor_spawned":[1,5,7,8,12,14,16,18,20,22,24,29,30,31,33,35,41,45],"killed_by":"Reptomancer","ascension_level":4}