{"gold_per_floor":[114,126,136,61,80,114,114,140,188,214,214,234,249,249,249,249],"floor_reached":16,"playtime":779,"items_purged":["Strike_R"],"score":128,"play_id":"854fb49d-c6be-480d-bd36-1c27d8e8a790","local_time":"20190325210722","is_ascension_mode":true,"campfire_choices":[{"data":"Heavy Blade","floor":7,"key":"SMITH"},{"floor":15,"key":"REST"}],"neow_cost":"TEN_PERCENT_HP_LOSS","seed_source_timestamp":909393548728500,"circlet_count":0,"master_deck":["Strike_R","Strike_R+1","Strike_R+1","Strike_R","Defend_R","Defend_R","Defend_R","Defend_R","Bash","Spot Weakness","Pummel","Heavy Blade+1","Heavy Blade"],"relics":["Burning Blood","Magic Flower","Letter Opener","Frozen Egg 2","Centennial Puzzle","Smiling Mask"],"potions_floor_usage":[8,8,10,16,16],"damage_taken":[{"damage":0,"enemies":"2 Louse","floor":1,"turns":4},{"damage":5,"enemies":"Small Slimes","floor":2,"turns":3},{"damage":1,"enemies":"Jaw Worm","floor":3,"turns":6},{"damage":20,"enemies":"Exordium Thugs","floor":5,"turns":6},{"damage":36,"enemies":"Lagavulin","floor":6,"turns":8},{"damage":16,"enemies":"Gremlin Nob","floor":8,"turns":3},{"damage":25,"enemies":"3 Sentries","floor":10,"turns":7},{"damage":15,"enemies":"Exordium Wildlife","floor":12,"turns":3},{"damage":9,"enemies":"Blue Slaver","floor":13,"turns":3},{"damage":46,"enemies":"Slime Boss","floor":16,"turns":7}],"seed_played":"-1470604561097259216","potions_obtained":[{"floor":1,"key":"FearPotion"},{"floor":6,"key":"FearPotion"},{"floor":8,"key":"SteroidPotion"},{"floor":10,"key":"Poison Potion"},{"floor":13,"key":"Strength Potion"}],"is_trial":false,"path_per_floor":["M","M","M","$","M","E","R","E","T","E","?","M","M","?","R","B"],"character_chosen":"IRONCLAD","items_purchased":[],"campfire_rested":1,"item_purchase_floors":[],"current_hp_per_floor":[72,72,72,72,61,34,34,27,27,11,35,29,29,15,36,0],"gold":249,"neow_bonus":"ONE_RARE_RELIC","is_prod":false,"is_daily":false,"chose_seed":false,"campfire_upgraded":1,"win_rate":0,"timestamp":1553540842,"path_taken":["M","M","M","$","M","E","R","E","T","E","?","M","M","?","R","BOSS"],"build_version":"2019-01-23","purchased_purges":1,"victory":false,"max_hp_per_floor":[72,72,72,72,72,72,72,72,72,72,72,72,72,72,72,72],"card_choices":[{"not_picked":["Rupture","Sword Boomerang","Body Slam"],"picked":"SKIP","floor":1},{"not_picked":["Feel No Pain","Sever Soul","Rage"],"picked":"SKIP","floor":2},{"not_picked":["Shrug It Off","Power Through"],"picked":"Spot Weakness","floor":3},{"not_picked":["Thunderclap","Fire Breathing"],"picked":"Pummel","floor":5},{"not_picked":["Clash","Evolve"],"picked":"Heavy Blade","floor":6},{"not_picked":["Exhume","Disarm","Sword Boomerang"],"picked":"SKIP","floor":8},{"not_picked":["True Grit","Sword Boomerang","Thunderclap"],"picked":"SKIP","floor":10},{"not_picked":["Infernal Blade","Rampage","Rage"],"picked":"SKIP","floor":12},{"not_picked":["Immolate","Feel No Pain+1"],"picked":"Heavy Blade","floor":13}],"player_experience":95491,"relics_obtained":[{"floor":6,"key":"Letter Opener"},{"floor":8,"key":"Frozen Egg 2"},{"floor":9,"key":"Centennial Puzzle"},{"floor":10,"key":"Smiling Mask"}],"event_choices":[{"damage_healed":24,"gold_gain":0,"player_choice":"Banana","damage_taken":0,"max_hp_gain":0,"max_hp_loss":0,"event_name":"Big Fish","floor":11,"gold_loss":0},{"damage_healed":0,"gold_gain":0,"player_choice":"Entered Light","damage_taken":14,"max_hp_gain":0,"max_hp_loss":0,"event_name":"Shining Light","floor":14,"gold_loss":0,"cards_upgraded":["Strike_R","Strike_R"]}],"is_beta":false,"boss_relics":[],"items_purged_floors":[4],"is_endless":false,"potions_floor_spawned":[1,6,8,10,13],"killed_by":"Slime Boss","ascension_level":1}