{"gold_per_floor":[111,111,130,141,141,141,168,18,18,36,36,36,51,62,62,166,166,182,182,192,66,66,97,97,111,161,175,210,210,234,250,250,351,351,362,379,379,390,24,59,9,9,57,57,70,70,70,83,83,83],"floor_reached":51,"playtime":1510,"items_purged":["Clumsy","Strike_R","Normality","Writhe"],"score":1088,"play_id":"90c02ff6-838e-4bba-a2ab-72789d3d4b5d","local_time":"25610802172223","is_ascension_mode":true,"campfire_choices":[{"data":"1","floor":6,"key":"LIFT"},{"data":"2","floor":12,"key":"LIFT"},{"data":"Heavy Blade","floor":15,"key":"SMITH"},{"data":"3","floor":24,"key":"LIFT"},{"floor":29,"key":"REST"},{"floor":32,"key":"REST"},{"data":"Demon Form","floor":42,"key":"SMITH"},{"data":"Limit Break","floor":44,"key":"SMITH"},{"floor":49,"key":"REST"}],"neow_cost":"CURSE","seed_source_timestamp":0,"circlet_count":0,"master_deck":["Bash","AscendersBane","Flex","Twin Strike","Heavy Blade+1","Whirlwind","Offering","Sword Boomerang","Demon Form+1","Heavy Blade+1","Warcry","Thunderclap","True Grit+1","Pommel Strike+1","Limit Break+1","Intimidate","Shrug It Off","Anger","Havoc","Warcry","Second Wind","Dual Wield","Infernal Blade","Bloodletting+1","Feel No Pain","Armaments","Shrug It Off","Sentinel+1","Iron Wave","Iron Wave+1"],"special_seed":0,"relics":["Burning Blood","Girya","Incense Burner","Ornamental Fan","Question Card","Black Star","Calipers","Regal Pillow","Boot","Ancient Tea Set","The Courier","Shuriken","Happy Flower","Pandora\u0027s Box","Meat on the Bone","Strawberry","Darkstone Periapt","Smiling Mask","Vajra","Bag of Preparation"],"potions_floor_usage":[7,14,23,23,25,28,31,40,40,45,45,45,48],"damage_taken":[{"damage":10,"enemies":"2 Louse","floor":1,"turns":3},{"damage":10,"enemies":"Small Slimes","floor":3,"turns":4},{"damage":1,"enemies":"Jaw Worm","floor":4,"turns":3},{"damage":17,"enemies":"Lagavulin","floor":7,"turns":6},{"damage":9,"enemies":"Red Slaver","floor":10,"turns":3},{"damage":0,"enemies":"Large Slime","floor":13,"turns":5},{"damage":0,"enemies":"3 Louse","floor":14,"turns":1},{"damage":19,"enemies":"Slime Boss","floor":16,"turns":7},{"damage":1,"enemies":"3 Byrds","floor":18,"turns":4},{"damage":12,"enemies":"Chosen","floor":20,"turns":4},{"damage":22,"enemies":"Gremlin Leader","floor":23,"turns":4},{"damage":12,"enemies":"3 Cultists","floor":25,"turns":3},{"damage":15,"enemies":"Centurion and Healer","floor":27,"turns":4},{"damage":18,"enemies":"Book of Stabbing","floor":28,"turns":4},{"damage":9,"enemies":"Snecko","floor":31,"turns":3},{"damage":17,"enemies":"Collector","floor":33,"turns":6},{"damage":34,"enemies":"3 Shapes","floor":35,"turns":3},{"damage":5,"enemies":"Orb Walker","floor":36,"turns":2},{"damage":44,"enemies":"Spire Growth","floor":38,"turns":5},{"damage":14,"enemies":"Nemesis","floor":40,"turns":6},{"damage":5,"enemies":"Flame Bruiser 2 Orb","floor":45,"turns":2},{"damage":21,"enemies":"4 Shapes","floor":48,"turns":4},{"damage":82,"enemies":"Awakened One","floor":50,"turns":7}],"seed_played":"5904280924876046314","potions_obtained":[{"floor":3,"key":"Block Potion"},{"floor":10,"key":"Explosive Potion"},{"floor":16,"key":"Weak Potion"},{"floor":18,"key":"FearPotion"},{"floor":23,"key":"Swift Potion"},{"floor":27,"key":"EssenceOfSteel"},{"floor":28,"key":"Swift Potion"},{"floor":40,"key":"EntropicBrew"}],"is_trial":false,"path_per_floor":["M","?","M","M","?","R","E","$","T","M","?","R","M","M","R","B",null,"M","?","M","$","?","E","R","M","T","M","E","R","T","M","R","B",null,"M","M","?","M","$","E","$","R","T","R","M","?","T","M","R","B"],"character_chosen":"IRONCLAD","items_purchased":["Whirlwind","Warcry","Shrug It Off","Strawberry","Regen Potion","Block Potion"],"campfire_rested":3,"item_purchase_floors":[8,21,39,39,39,39],"current_hp_per_floor":[68,56,52,57,57,57,46,46,46,43,69,69,75,80,80,67,77,80,65,59,59,59,43,43,37,37,28,16,56,56,53,85,74,82,54,55,55,29,36,55,55,55,55,55,56,56,56,53,92,28],"gold":83,"neow_bonus":"ONE_RARE_RELIC","is_prod":false,"is_daily":false,"chose_seed":false,"campfire_upgraded":3,"win_rate":0,"timestamp":1533205343,"path_taken":["M","?","M","M","?","R","E","$","T","M","?","R","M","M","R","BOSS","M","?","M","$","?","E","R","M","T","?","E","R","?","M","R","BOSS","M","M","?","M","$","E","$","R","T","R","M","?","?","M","R","BOSS"],"build_version":"2018-07-26","purchased_purges":4,"victory":true,"max_hp_per_floor":[80,80,80,80,80,80,80,80,80,80,80,80,80,80,80,80,80,80,85,85,85,85,85,85,85,85,85,85,85,85,85,85,85,85,85,85,85,85,92,92,92,92,92,92,92,92,92,92,92,92],"card_choices":[{"not_picked":["Ghostly Armor","True Grit"],"picked":"Anger","floor":1},{"not_picked":["Sword Boomerang","Headbutt"],"picked":"Flex","floor":3},{"not_picked":["Pommel Strike","Warcry"],"picked":"Twin Strike","floor":4},{"not_picked":["Clash","Wild Strike"],"picked":"Heavy Blade","floor":7},{"not_picked":["Blood for Blood","Disarm","Wild Strike"],"picked":"Offering","floor":10},{"not_picked":["Body Slam","Entrench","Warcry"],"picked":"Sword Boomerang","floor":13},{"not_picked":["Carnage","Cleave","Flex","Anger"],"picked":"SKIP","floor":14},{"not_picked":["Fiend Fire","Barricade","Feed"],"picked":"Demon Form","floor":16},{"not_picked":["Flex","Armaments","Body Slam"],"picked":"Heavy Blade+1","floor":18},{"not_picked":["Headbutt","Shrug It Off","Wild Strike","Shockwave"],"picked":"SKIP","floor":20},{"not_picked":["Berserk","Clash","Armaments"],"picked":"Thunderclap","floor":23},{"not_picked":["Pommel Strike","Body Slam+1","Pummel"],"picked":"True Grit+1","floor":25},{"not_picked":["Thunderclap+1","Fiend Fire","Iron Wave","Clash"],"picked":"SKIP","floor":27},{"not_picked":["Headbutt","True Grit","Wild Strike"],"picked":"Pommel Strike+1","floor":28},{"not_picked":["Heavy Blade","Rupture","Reckless Charge","Shrug It Off"],"picked":"SKIP","floor":31},{"not_picked":["Impervious","Reaper","Feed"],"picked":"Limit Break","floor":33},{"not_picked":["Wild Strike","Dual Wield","Twin Strike+1"],"picked":"Bloodletting+1","floor":35},{"not_picked":["Burning Pact","Cleave+1","Carnage"],"picked":"Feel No Pain","floor":36},{"not_picked":["Bludgeon","Spot Weakness","Blood for Blood+1"],"picked":"Armaments","floor":38},{"not_picked":["Intimidate+1","Bloodletting+1","Perfected Strike"],"picked":"Sentinel+1","floor":40},{"not_picked":["Perfected Strike","Cleave","Fire Breathing"],"picked":"Iron Wave","floor":45},{"not_picked":["Wild Strike+1","Dropkick+1","Feel No Pain+1"],"picked":"Iron Wave+1","floor":48}],"player_experience":170614,"relics_obtained":[{"floor":7,"key":"Ornamental Fan"},{"floor":9,"key":"Question Card"},{"floor":23,"key":"Regal Pillow"},{"floor":23,"key":"Boot"},{"floor":26,"key":"Ancient Tea Set"},{"floor":28,"key":"The Courier"},{"floor":28,"key":"Shuriken"},{"floor":30,"key":"Happy Flower"},{"floor":40,"key":"Darkstone Periapt"},{"floor":40,"key":"Smiling Mask"},{"floor":43,"key":"Vajra"},{"floor":47,"key":"Bag of Preparation"}],"event_choices":[{"event_name":"Scrap Ooze","player_choice":"success","floor":2,"damage_taken":12},{"event_name":"Liars Game","player_choice":"disagreed","floor":5,"damage_taken":0},{"event_name":"Big Fish","player_choice":"Banana","floor":11,"damage_taken":0},{"event_name":"Forgotten Altar","player_choice":"Shed Blood","floor":19,"damage_taken":0},{"event_name":"The Mausoleum","player_choice":"Yes","floor":22,"damage_taken":0},{"event_name":"Accursed Blacksmith","player_choice":"Rummage","floor":37,"damage_taken":0},{"event_name":"Falling","player_choice":"Removed Attack","floor":46,"damage_taken":0}],"is_beta":false,"boss_relics":[{"not_picked":["Calling Bell","Tiny House"],"picked":"Black Star"},{"not_picked":["Velvet Choker","Eternal Feather"],"picked":"Pandora\u0027s Box"}],"items_purged_floors":[8,21,39,41],"is_endless":false,"potions_floor_spawned":[3,10,16,18,23,27,28,40],"ascension_level":10}