{"gold_per_floor":[113,127,143,162,162,162,162,172,172,197,197,227,115,142,142,214,214,225,225,241,2,19,19,19,19,19,52,69,69,69],"floor_reached":30,"playtime":1252,"items_purged":["Strike_B"],"score":469,"play_id":"7ad74645-dbaa-4797-8fa8-36b512551e0f","local_time":"20190116205833","is_ascension_mode":true,"campfire_choices":[{"data":"Creative AI","floor":6.0,"key":"SMITH"},{"data":"Reinforced Body","floor":11.0,"key":"SMITH"},{"data":"Capacitor","floor":15,"key":"SMITH"},{"data":"Fission","floor":23,"key":"SMITH"},{"floor":25,"key":"REST"},{"floor":29,"key":"REST"}],"neow_cost":"NONE","seed_source_timestamp":48059353768122,"circlet_count":0,"master_deck":["AscendersBane","Strike_B","Strike_B","Strike_B","Defend_B","Defend_B","Defend_B","Defend_B","Zap+1","Dualcast","Auto Shields","Reinforced Body+1","Cold Snap","Creative AI+1","Sweeping Beam","FTL","Leap","Undo","Capacitor+1","Fission+1","Conserve Battery+1","Consume+1","Hologram+1","Hologram+1"],"special_seed":0,"relics":["Cracked Core","Bag of Preparation","Cables","Orichalcum","Unceasing Top","Bronze Scales","Cursed Key","Enchiridion","Toxic Egg 2","Oddly Smooth Stone"],"potions_floor_usage":[14,18,27,30],"damage_taken":[{"damage":1.0,"enemies":"Cultist","floor":1.0,"turns":4.0},{"damage":0.0,"enemies":"Small Slimes","floor":2.0,"turns":3.0},{"damage":0.0,"enemies":"Jaw Worm","floor":3.0,"turns":4.0},{"damage":0.0,"enemies":"Exordium Wildlife","floor":4.0,"turns":4.0},{"damage":10.0,"enemies":"Large Slime","floor":8.0,"turns":5.0},{"damage":12.0,"enemies":"Gremlin Nob","floor":10.0,"turns":4.0},{"damage":10,"enemies":"Lagavulin","floor":12,"turns":9},{"damage":5,"enemies":"3 Sentries","floor":14,"turns":6},{"damage":15,"enemies":"The Guardian","floor":16,"turns":10},{"damage":0,"enemies":"Chosen","floor":18,"turns":6},{"damage":6,"enemies":"Spheric Guardian","floor":20,"turns":8},{"damage":0,"enemies":"Snake Plant","floor":22,"turns":7},{"damage":41,"enemies":"Slavers","floor":27,"turns":6},{"damage":10,"enemies":"Cultist and Chosen","floor":28,"turns":5},{"damage":28,"enemies":"Gremlin Leader","floor":30,"turns":4}],"seed_played":"-7859486086071308286","potions_obtained":[{"floor":1.0,"key":"FearPotion"},{"floor":2.0,"key":"Fire Potion"},{"floor":10.0,"key":"SkillPotion"},{"floor":27,"key":"Fruit Juice"},{"floor":28,"key":"Poison Potion"}],"is_trial":false,"path_per_floor":["M","M","M","M","?","R","?","M","T","E","R","E","$","E","R","B",null,"M","?","M","$","M","R","$","R","T","E","M","R","E"],"character_chosen":"DEFECT","items_purchased":["Undo","Toxic Egg 2"],"campfire_rested":2,"item_purchase_floors":[13,21],"current_hp_per_floor":[63,63,63,63,63,63,63,53,53,41,41,31,31,26,26,11,56,56,35,29,29,29,29,29,50,50,14,4,26,0],"gold":69,"neow_bonus":"RANDOM_COMMON_RELIC","is_prod":false,"is_daily":false,"chose_seed":false,"campfire_upgraded":4,"win_rate":0,"timestamp":1547701113,"path_taken":["M","M","?","M","?","R","?","M","T","E","R","E","?","E","R","BOSS","M","?","M","$","M","R","$","R","T","E","M","R","E"],"build_version":"2019-01-10","purchased_purges":1,"victory":false,"max_hp_per_floor":[71,71,71,71,71,71,71,71,71,71,71,71,71,71,71,71,71,71,71,71,71,71,71,71,71,71,76,76,76,76],"card_choices":[{"not_picked":["Beam Cell","Storm"],"picked":"Auto Shields","floor":1.0},{"not_picked":["Storm","Steam Power"],"picked":"Reinforced Body","floor":2.0},{"not_picked":["Stack","Turbo"],"picked":"Cold Snap","floor":3.0},{"not_picked":["Stack","Turbo"],"picked":"Creative AI","floor":4.0},{"not_picked":["Melter","Barrage"],"picked":"Sweeping Beam","floor":8.0},{"not_picked":["Steam Power","Darkness"],"picked":"FTL","floor":10.0},{"not_picked":["Streamline","Lockon"],"picked":"Leap","floor":12},{"not_picked":["Aggregate","Redo"],"picked":"Capacitor","floor":14},{"not_picked":["Thunder Strike","All For One"],"picked":"Fission","floor":16},{"not_picked":["Barrage","Aggregate","Undo"],"picked":"SKIP","floor":18},{"not_picked":["Leap","Sweeping Beam"],"picked":"Conserve Battery+1","floor":20},{"not_picked":["White Noise+1","Hello World"],"picked":"Consume+1","floor":22},{"not_picked":["Genetic Algorithm+1","Heatsinks"],"picked":"Hologram+1","floor":27},{"not_picked":["Hello World","Sweeping Beam+1"],"picked":"Hologram+1","floor":28}],"player_experience":1995427,"relics_obtained":[{"floor":9.0,"key":"Cables"},{"floor":10.0,"key":"Orichalcum"},{"floor":12,"key":"Unceasing Top"},{"floor":14,"key":"Bronze Scales"},{"floor":19,"key":"Enchiridion"},{"floor":27,"key":"Oddly Smooth Stone"}],"event_choices":[{"damage_healed":0.0,"max_hp_gain":0.0,"max_hp_loss":0.0,"gold_gain":0.0,"event_name":"Liars Game","player_choice":"Ignored","floor":5.0,"gold_loss":0.0,"damage_taken":0.0},{"damage_healed":0.0,"max_hp_gain":0.0,"max_hp_loss":0.0,"gold_gain":0.0,"event_name":"Living Wall","player_choice":"Grow","floor":7.0,"gold_loss":0.0,"damage_taken":0.0,"cards_upgraded":["Zap"]},{"damage_healed":0,"gold_gain":0,"player_choice":"Obtained Book","damage_taken":21,"max_hp_gain":0,"max_hp_loss":0,"event_name":"Cursed Tome","floor":19,"gold_loss":0}],"is_beta":false,"boss_relics":[{"not_picked":["Philosopher\u0027s Stone","Fusion Hammer"],"picked":"Cursed Key"}],"items_purged_floors":[13],"is_endless":false,"potions_floor_spawned":[1,2,3,10,27,28],"killed_by":"Gremlin Leader","ascension_level":15}