{"gold_per_floor":[213,225,225,24,35,35,61,41,41,41,66,77,95,106,106,180,180,155,155,205,215,231,231,53,53,129,141,176,191,82,92,92,169,169,185,199,199,210,27,27,44,44,69,80,80],"floor_reached":45,"playtime":1918,"items_purged":["Strike_B"],"score":873,"play_id":"28e9b06b-4509-4838-9a3d-b0df2a6bf424","local_time":"20190303211533","is_ascension_mode":true,"campfire_choices":[{"data":"Go for the Eyes","floor":6.0,"key":"SMITH"},{"floor":10.0,"key":"REST"},{"floor":15.0,"key":"REST"},{"floor":23.0,"key":"REST"},{"data":"Chaos","floor":25.0,"key":"SMITH"},{"floor":32,"key":"REST"},{"data":"Apotheosis","floor":40,"key":"SMITH"},{"data":"Rainbow","floor":42,"key":"SMITH"}],"neow_cost":"NONE","seed_source_timestamp":47377300624158,"circlet_count":0,"master_deck":["AscendersBane","Zap","Dualcast","Conserve Battery","Go for the Eyes+1","Core Surge","Steam","Compile Driver","Ball Lightning","Cold Snap","Rainbow+1","Buffer+1","Loop+1","Leap","Chaos+1","Electrodynamics+1","Chill","Defragment+1","Stack","Blizzard","Recycle","Seek","Buffer+1","Seek","Sunder","Barrage","Reprogram","Chill","Chaos","Steam+1","Undo","Apotheosis+1","Coolheaded+1","Self Repair+1"],"special_seed":0,"relics":["Cracked Core","Dodecahedron","Frozen Egg 2","Mango","Nuclear Battery","Tiny Chest","Singing Bowl","Pandora\u0027s Box","Boot"],"potions_floor_usage":[29,38,38],"damage_taken":[{"damage":13.0,"enemies":"Jaw Worm","floor":1.0,"turns":4.0},{"damage":0.0,"enemies":"2 Louse","floor":2.0,"turns":2.0},{"damage":0.0,"enemies":"Cultist","floor":5.0,"turns":3.0},{"damage":36.0,"enemies":"3 Sentries","floor":7.0,"turns":11.0},{"damage":20.0,"enemies":"Gremlin Nob","floor":11.0,"turns":5.0},{"damage":9.0,"enemies":"Large Slime","floor":12.0,"turns":6.0},{"damage":0.0,"enemies":"Gremlin Gang","floor":13.0,"turns":5.0},{"damage":9.0,"enemies":"Looter","floor":14.0,"turns":3.0},{"damage":4.0,"enemies":"The Guardian","floor":16.0,"turns":14.0},{"damage":18.0,"enemies":"2 Thieves","floor":18.0,"turns":5.0},{"damage":10.0,"enemies":"Spheric Guardian","floor":21.0,"turns":4.0},{"damage":10.0,"enemies":"Snake Plant","floor":22.0,"turns":5.0},{"damage":8.0,"enemies":"Cultist and Chosen","floor":27.0,"turns":6.0},{"damage":0.0,"enemies":"Book of Stabbing","floor":28.0,"turns":6.0},{"damage":3,"enemies":"Sentry and Sphere","floor":29,"turns":8},{"damage":9,"enemies":"Shelled Parasite and Fungi","floor":31,"turns":6},{"damage":38,"enemies":"Champ","floor":33,"turns":13},{"damage":0,"enemies":"3 Shapes","floor":35,"turns":5},{"damage":0,"enemies":"Orb Walker","floor":36,"turns":4},{"damage":14,"enemies":"Writhing Mass","floor":38,"turns":8},{"damage":0,"enemies":"Maw","floor":41,"turns":8},{"damage":13,"enemies":"4 Shapes","floor":44,"turns":3},{"damage":62,"enemies":"Giant Head","floor":45,"turns":10}],"seed_played":"4567065210586688280","potions_obtained":[{"floor":2.0,"key":"Weak Potion"},{"floor":8.0,"key":"Ancient Potion"},{"floor":11.0,"key":"FearPotion"},{"floor":13.0,"key":"EntropicBrew"},{"floor":16.0,"key":"FocusPotion"},{"floor":28.0,"key":"SkillPotion"},{"floor":31,"key":"AttackPotion"},{"floor":38,"key":"Weak Potion"},{"floor":41,"key":"SpeedPotion"},{"floor":44,"key":"Ancient Potion"}],"is_trial":false,"path_per_floor":["M","M","?","$","M","R","E","?","T","R","E","M","M","M","R","B",null,"M","?","?","M","M","R","$","R","T","M","E","M","$","M","R","B",null,"M","M","?","M","$","R","M","R","T","M","E"],"character_chosen":"DEFECT","items_purchased":["Core Surge","Block Potion","Electrodynamics+1","Chill","Blizzard","Apotheosis"],"campfire_rested":4,"item_purchase_floors":[4,4,24,24,30,39],"current_hp_per_floor":[51,51,51,51,51,51,15,15,15,36,30,21,21,12,37,33,72,54,54,54,44,34,59,59,59,59,51,51,50,50,41,67,29,73,73,73,73,61,61,61,61,61,61,48,0],"gold":80,"neow_bonus":"HUNDRED_GOLD","is_prod":false,"is_daily":false,"chose_seed":false,"campfire_upgraded":4,"win_rate":0,"timestamp":1551676533,"path_taken":["M","M","?","$","M","R","E","?","T","R","E","M","M","?","R","BOSS","M","?","?","M","?","R","$","R","T","M","E","M","$","M","R","BOSS","M","M","?","M","$","R","M","R","T","M","E"],"build_version":"2019-01-23","purchased_purges":1,"victory":false,"max_hp_per_floor":[71,71,71,71,71,71,71,71,71,71,85,85,85,85,85,85,85,85,85,85,85,85,85,85,85,85,85,85,87,87,87,87,87,87,87,87,87,89,89,89,89,89,89,89,89],"card_choices":[{"not_picked":["Melter","Stack"],"picked":"Conserve Battery","floor":1.0},{"not_picked":["Stack","Coolheaded"],"picked":"Go for the Eyes","floor":2.0},{"not_picked":["Force Field","Storm","Heatsinks"],"picked":"SKIP","floor":5.0},{"not_picked":["Stack","Conserve Battery"],"picked":"Steam","floor":7.0},{"not_picked":["Turbo","Conserve Battery"],"picked":"Compile Driver","floor":11.0},{"not_picked":["Gash","Rebound"],"picked":"Ball Lightning","floor":12.0},{"not_picked":["Skim","Beam Cell"],"picked":"Cold Snap","floor":13.0},{"not_picked":["Chill","Turbo"],"picked":"Rainbow","floor":14.0},{"not_picked":["Thunder Strike","Multi-Cast"],"picked":"Buffer+1","floor":16.0},{"not_picked":["Streamline","Hologram"],"picked":"Loop+1","floor":18.0},{"not_picked":["Compile Driver","Turbo"],"picked":"Leap","floor":21.0},{"not_picked":["Barrage","Fusion"],"picked":"Chaos","floor":22.0},{"not_picked":["Streamline","Compile Driver"],"picked":"Defragment+1","floor":27.0},{"not_picked":["Auto Shields","Compile Driver"],"picked":"Stack","floor":28.0},{"not_picked":["Ball Lightning","Sweeping Beam","Steam Power"],"picked":"Singing Bowl","floor":29},{"not_picked":["FTL","Auto Shields"],"picked":"Recycle","floor":31},{"not_picked":["All For One","Core Surge"],"picked":"Seek","floor":33},{"not_picked":["Doom and Gloom+1","Turbo"],"picked":"Steam+1","floor":35},{"not_picked":["Tempest+1","Beam Cell"],"picked":"Undo","floor":36},{"not_picked":["Fusion","Auto Shields+1","Chill"],"picked":"Singing Bowl","floor":38},{"not_picked":["Barrage","Stack"],"picked":"Coolheaded+1","floor":41},{"not_picked":["Cold Snap","FTL"],"picked":"Self Repair+1","floor":44}],"player_experience":2313102,"relics_obtained":[{"floor":7.0,"key":"Dodecahedron"},{"floor":9.0,"key":"Frozen Egg 2"},{"floor":11.0,"key":"Mango"},{"floor":26.0,"key":"Tiny Chest"},{"floor":28.0,"key":"Singing Bowl"},{"floor":43,"key":"Boot"}],"event_choices":[{"damage_healed":0.0,"max_hp_gain":0.0,"max_hp_loss":0.0,"gold_gain":0.0,"event_name":"Shining Light","player_choice":"Ignored","floor":3.0,"gold_loss":0.0,"damage_taken":0.0},{"damage_healed":0.0,"max_hp_gain":0.0,"max_hp_loss":0.0,"gold_gain":0.0,"event_name":"The Woman in Blue","player_choice":"Bought 1 Potion","floor":8.0,"gold_loss":0.0,"damage_taken":0.0},{"damage_healed":0.0,"max_hp_gain":0.0,"max_hp_loss":0.0,"gold_gain":0.0,"event_name":"Vampires","player_choice":"Ignored","floor":19.0,"gold_loss":0.0,"damage_taken":0.0},{"damage_healed":0.0,"max_hp_gain":0.0,"max_hp_loss":0.0,"gold_gain":50.0,"event_name":"Golden Shrine","player_choice":"Pray","floor":20.0,"gold_loss":0.0,"damage_taken":0.0},{"damage_healed":0,"gold_gain":0,"player_choice":"Ignored","damage_taken":0,"max_hp_gain":0,"max_hp_loss":0,"event_name":"Mysterious Sphere","floor":37,"gold_loss":0}],"is_beta":false,"boss_relics":[{"not_picked":["Sozu","Eternal Feather"],"picked":"Nuclear Battery"},{"not_picked":["Calling Bell","Snecko Eye"],"picked":"Pandora\u0027s Box"}],"items_purged_floors":[30],"is_endless":false,"potions_floor_spawned":[2,5,11,13,16,27,28,31,38,41,44],"killed_by":"Giant Head","ascension_level":15}