{"gold_per_floor":[119,130,148,148,113,113,142,13,13,13],"floor_reached":10,"playtime":15036,"items_purged":[],"score":69,"play_id":"2368b4e0-488a-43cd-8729-70b77e8553bc","local_time":"20190509134431","is_ascension_mode":true,"campfire_choices":[{"data":"Armaments","floor":6,"key":"SMITH"}],"neow_cost":"PERCENT_DAMAGE","seed_source_timestamp":4690865707818,"circlet_count":0,"master_deck":["Strike_R","Strike_R","Strike_R","Strike_R","Strike_R","Defend_R","Defend_R","Defend_R","Defend_R+1","Bash+1","Transmutation","Forethought","Body Slam","Armaments+1","True Grit","Impervious","Feel No Pain","PanicButton"],"relics":["Burning Blood","Ornamental Fan","Shuriken"],"potions_floor_usage":[2],"damage_taken":[{"damage":1,"enemies":"Cultist","floor":1,"turns":3},{"damage":0,"enemies":"Small Slimes","floor":2,"turns":4},{"damage":7,"enemies":"2 Louse","floor":3,"turns":3},{"damage":50,"enemies":"3 Sentries","floor":7,"turns":13},{"damage":5,"enemies":"Lots of Slimes","floor":10,"turns":3}],"seed_played":"8427798100213507506","potions_obtained":[{"floor":1,"key":"Energy Potion"},{"floor":2,"key":"Ancient Potion"}],"is_trial":false,"path_per_floor":["M","M","M","?","?","R","E","$","T","M"],"character_chosen":"IRONCLAD","items_purchased":["Feel No Pain","PanicButton"],"campfire_rested":0,"item_purchase_floors":[8,8],"current_hp_per_floor":[61,67,66,50,70,70,26,26,26,21],"gold":13,"neow_bonus":"RANDOM_COLORLESS_2","is_prod":false,"is_daily":false,"chose_seed":false,"campfire_upgraded":1,"win_rate":0,"timestamp":1557377071,"path_taken":["M","M","M","?","?","R","E","$","T","M"],"build_version":"2019-01-23","purchased_purges":0,"victory":false,"max_hp_per_floor":[80,80,80,80,80,80,80,80,80,80],"card_choices":[{"not_picked":["Warcry","Havoc"],"picked":"Body Slam","floor":1},{"not_picked":["Corruption","Iron Wave"],"picked":"Armaments","floor":2},{"not_picked":["Heavy Blade","Searing Blow"],"picked":"True Grit","floor":3},{"not_picked":["Iron Wave","Pummel"],"picked":"Impervious","floor":7}],"player_experience":126429,"relics_obtained":[{"floor":7,"key":"Ornamental Fan"},{"floor":9,"key":"Shuriken"}],"event_choices":[{"damage_healed":0,"gold_gain":0,"player_choice":"Entered Light","damage_taken":16,"max_hp_gain":0,"max_hp_loss":0,"event_name":"Shining Light","floor":4,"gold_loss":0,"cards_upgraded":["Bash","Defend_R"]},{"damage_healed":20,"gold_gain":0,"player_choice":"Healed","damage_taken":0,"max_hp_gain":0,"max_hp_loss":0,"event_name":"The Cleric","floor":5,"gold_loss":35}],"is_beta":false,"boss_relics":[],"items_purged_floors":[],"is_endless":false,"potions_floor_spawned":[1,2],"killed_by":"Lots of Slimes","ascension_level":1}