{"gold_per_floor":[110,125,125,143,143,143,162,14,14,39,39,51,78,103,103,103],"floor_reached":16,"playtime":560,"items_purged":[],"score":193,"play_id":"67acc00d-76db-4cb5-ad81-74993ca1a9c2","local_time":"20181215110558","is_ascension_mode":true,"campfire_choices":[{"data":"Zap","floor":6.0,"key":"SMITH"},{"data":"Doom and Gloom","floor":11.0,"key":"SMITH"},{"data":"1","floor":15,"key":"LIFT"}],"neow_cost":"NONE","seed_source_timestamp":13202442438132,"circlet_count":0,"master_deck":["AscendersBane","Strike_B","Strike_B","Strike_B","Defend_B+1","Defend_B","Defend_B","Defend_B","Zap+1","Dualcast","Glacier+1","Doom and Gloom+1","Leap","Conserve Battery","Buffer","Cold Snap"],"special_seed":0,"relics":["Cracked Core","War Paint","Pear","Odd Mushroom","Girya"],"potions_floor_usage":[16,16],"damage_taken":[{"damage":0.0,"enemies":"Small Slimes","floor":1.0,"turns":3.0},{"damage":7.0,"enemies":"Jaw Worm","floor":2.0,"turns":3.0},{"damage":0.0,"enemies":"Cultist","floor":4.0,"turns":3.0},{"damage":11.0,"enemies":"Looter","floor":7.0,"turns":3.0},{"damage":17.0,"enemies":"Gremlin Nob","floor":10.0,"turns":5.0},{"damage":5.0,"enemies":"Blue Slaver","floor":12.0,"turns":4.0},{"damage":7,"enemies":"The Mushroom Lair","floor":13,"turns":5},{"damage":1,"enemies":"Lagavulin","floor":14,"turns":7},{"damage":28,"enemies":"Hexaghost","floor":16,"turns":11}],"seed_played":"115799402818119653","potions_obtained":[{"floor":1.0,"key":"AttackPotion"},{"floor":2.0,"key":"EssenceOfSteel"},{"floor":13,"key":"SkillPotion"}],"is_trial":false,"path_per_floor":["M","M","?","M","?","R","M","$","T","E","R","M","?","E","R","B"],"character_chosen":"DEFECT","items_purchased":["War Paint"],"campfire_rested":0,"item_purchase_floors":[8],"current_hp_per_floor":[71,64,57,57,57,57,46,46,56,39,39,34,27,26,26,0],"gold":103,"neow_bonus":"TEN_PERCENT_HP_BONUS","is_prod":false,"is_daily":false,"chose_seed":false,"campfire_upgraded":2,"win_rate":0,"timestamp":1544900758,"path_taken":["M","M","?","M","?","R","M","$","T","E","R","M","?","E","R","BOSS"],"build_version":"2018-12-13","purchased_purges":0,"victory":false,"max_hp_per_floor":[78,78,78,78,78,78,78,78,88,88,88,88,88,88,88,88],"card_choices":[{"not_picked":["Double Energy","Beam Cell","Fusion"],"picked":"SKIP","floor":1.0},{"not_picked":["Gash","Hello World"],"picked":"Glacier","floor":2.0},{"not_picked":["Rebound","Barrage"],"picked":"Doom and Gloom","floor":4.0},{"not_picked":["Reprogram","Turbo"],"picked":"Leap","floor":7.0},{"not_picked":["Fusion","Auto Shields"],"picked":"Conserve Battery","floor":10.0},{"not_picked":["Doom and Gloom","Hello World","Sunder"],"picked":"SKIP","floor":12.0},{"not_picked":["Beam Cell","Conserve Battery"],"picked":"Buffer","floor":13},{"not_picked":["Redo","FTL"],"picked":"Cold Snap","floor":14}],"player_experience":1809933,"relics_obtained":[{"floor":9.0,"key":"Pear"},{"floor":13,"key":"Odd Mushroom"},{"floor":14,"key":"Girya"}],"event_choices":[{"cards_removed":["Strike_B"],"damage_healed":0.0,"max_hp_gain":0.0,"max_hp_loss":0.0,"gold_gain":0.0,"event_name":"Golden Wing","player_choice":"Card Removal","floor":3.0,"gold_loss":0.0,"damage_taken":7.0},{"damage_healed":0.0,"max_hp_gain":0.0,"max_hp_loss":0.0,"gold_gain":0.0,"event_name":"Liars Game","player_choice":"Ignored","floor":5.0,"gold_loss":0.0,"damage_taken":0.0},{"damage_healed":0,"gold_gain":0,"player_choice":"Fought Mushrooms","damage_taken":0,"max_hp_gain":0,"max_hp_loss":0,"event_name":"Mushrooms","floor":13,"gold_loss":0}],"is_beta":false,"boss_relics":[],"items_purged_floors":[],"is_endless":false,"potions_floor_spawned":[1,2,4,13],"killed_by":"Hexaghost","ascension_level":15}