{"gold_per_floor":[119,119,17,33,48,83,98,142,142,217,217,233,277,293,293,293],"floor_reached":16,"playtime":1362,"items_purged":["Regret"],"score":128,"play_id":"9cc7556f-8fea-4d6f-8086-1e422e379012","local_time":"20181219222849","is_ascension_mode":true,"campfire_choices":[{"floor":11,"key":"REST"},{"floor":15,"key":"REST"}],"neow_cost":"CURSE","seed_source_timestamp":0,"circlet_count":0,"master_deck":["Defend_G","Defend_G","Defend_G","Defend_G","Defend_G","Strike_G","Strike_G","Strike_G","Strike_G","Strike_G","Survivor","Neutralize","Dagger Throw","Dodge and Roll","Deadly Poison","Noxious Fumes","PiercingWail","Backflip","PiercingWail"],"special_seed":0,"relics":["Ring of the Snake","Tough Bandages","Golden Idol","Incense Burner","Lantern","Vajra","Shuriken","Du-Vu Doll"],"potions_floor_usage":[8,10,10,13],"damage_taken":[{"damage":0,"enemies":"Small Slimes","floor":1,"turns":5},{"damage":0,"enemies":"2 Louse","floor":4,"turns":3},{"damage":0,"enemies":"Jaw Worm","floor":5,"turns":5},{"damage":24,"enemies":"Gremlin Nob","floor":6,"turns":5},{"damage":8,"enemies":"Gremlin Gang","floor":7,"turns":5},{"damage":17,"enemies":"3 Sentries","floor":8,"turns":7},{"damage":8,"enemies":"Gremlin Nob","floor":10,"turns":4},{"damage":8,"enemies":"Large Slime","floor":12,"turns":6},{"damage":5,"enemies":"Lagavulin","floor":13,"turns":10},{"damage":0,"enemies":"2 Fungi Beasts","floor":14,"turns":3},{"damage":36,"enemies":"The Guardian","floor":16,"turns":9}],"seed_played":"3722612513358883142","potions_obtained":[{"floor":1,"key":"LiquidBronze"},{"floor":4,"key":"Block Potion"},{"floor":7,"key":"LiquidBronze"},{"floor":10,"key":"SneckoOil"},{"floor":12,"key":"PowerPotion"}],"is_trial":false,"path_per_floor":["M","?","$","M","M","E","M","E","T","?","R","M","E","M","R","B"],"character_chosen":"THE_SILENT","items_purchased":["Dodge and Roll"],"campfire_rested":2,"item_purchase_floors":[3],"current_hp_per_floor":[70,65,65,65,65,41,33,16,16,8,27,19,14,14,33,0],"gold":293,"neow_bonus":"ONE_RARE_RELIC","is_prod":false,"is_daily":false,"chose_seed":false,"campfire_upgraded":0,"win_rate":0,"timestamp":1545254929,"path_taken":["M","?","$","M","M","E","M","E","T","?","R","M","E","M","R","BOSS"],"build_version":"2018-12-17","purchased_purges":1,"victory":false,"max_hp_per_floor":[70,65,65,65,65,65,65,65,65,65,65,65,65,65,65,65],"card_choices":[{"not_picked":["Acrobatics","Sucker Punch"],"picked":"Dagger Throw","floor":1},{"not_picked":["Calculated Gamble","Dodge and Roll"],"picked":"Deadly Poison","floor":4},{"not_picked":["Quick Slash","Dodge and Roll"],"picked":"Noxious Fumes","floor":5},{"not_picked":["Flying Knee","A Thousand Cuts"],"picked":"PiercingWail","floor":6},{"not_picked":["Slice","Poisoned Stab"],"picked":"Backflip","floor":7},{"not_picked":["Quick Slash","Unload","Well Laid Plans"],"picked":"SKIP","floor":8},{"not_picked":["Bouncing Flask","Cloak And Dagger"],"picked":"PiercingWail","floor":10},{"not_picked":["Prepared","Outmaneuver","Leg Sweep"],"picked":"SKIP","floor":12},{"not_picked":["Deflect","Predator","Blade Dance"],"picked":"SKIP","floor":13},{"not_picked":["Underhanded Strike","Blade Dance","Bouncing Flask"],"picked":"SKIP","floor":14}],"player_experience":21594,"relics_obtained":[{"floor":6,"key":"Incense Burner"},{"floor":8,"key":"Lantern"},{"floor":9,"key":"Vajra"},{"floor":13,"key":"Du-Vu Doll"}],"event_choices":[{"damage_healed":0,"gold_gain":0,"player_choice":"Lose Max HP","damage_taken":0,"relics_obtained":["Golden Idol"],"max_hp_gain":0,"max_hp_loss":5,"event_name":"Golden Idol","floor":2,"gold_loss":0},{"damage_healed":0,"gold_gain":0,"player_choice":"Searched \u00272\u0027 times","damage_taken":0,"relics_obtained":["Shuriken"],"max_hp_gain":0,"max_hp_loss":0,"event_name":"Dead Adventurer","floor":10,"gold_loss":0}],"is_beta":true,"boss_relics":[],"items_purged_floors":[3],"is_endless":false,"potions_floor_spawned":[1,4,7,10,12],"killed_by":"The Guardian","ascension_level":1}