{"gold_per_floor":[115,17,31,31,47,47,80,96,119,119,131,131,143,66,66,164,164,182,182,28,39,59,59,69,101,154,154,170,188,40,40,40,138,138,149,149,49,49,67,67,67],"floor_reached":41,"playtime":5118,"items_purged":["Pain","Clumsy"],"score":484,"play_id":"e21d757d-bc01-459a-a7ee-c232400ea6da","local_time":"20190509223817","is_ascension_mode":true,"campfire_choices":[{"data":"Blood for Blood","floor":6,"key":"SMITH"},{"data":"Bloodletting","floor":10,"key":"SMITH"},{"data":"Perfected Strike","floor":15,"key":"SMITH"},{"floor":23,"key":"REST"},{"floor":27,"key":"REST"},{"floor":32,"key":"REST"},{"floor":40,"key":"RECALL"}],"neow_cost":"CURSE","seed_source_timestamp":46675969203156,"circlet_count":0,"master_deck":["Strike_R","Strike_R","Strike_R","Strike_R","Strike_R","Defend_R","Defend_R","Defend_R","Defend_R","Bash","Feed","Perfected Strike+1","Shrug It Off","Bloodletting+1","Blood for Blood+1","Demon Form","Bloodletting+1","Flame Barrier","Feed","Twin Strike+1","Pommel Strike","Shrug It Off","Uppercut+1","Fiend Fire","Pommel Strike+1","Cleave","Carnage"],"relics":["Burning Blood","Omamori","Happy Flower","Eternal Feather","Strawberry","Anchor","Tiny Chest","Bronze Scales","Calling Bell","Boot","Matryoshka","Unceasing Top"],"potions_floor_usage":[8,16,16,16,22,25,28,39],"damage_taken":[{"damage":9,"enemies":"2 Louse","floor":1,"turns":4},{"damage":5,"enemies":"Small Slimes","floor":3,"turns":3},{"damage":3,"enemies":"Cultist","floor":5,"turns":2},{"damage":32,"enemies":"Gremlin Nob","floor":7,"turns":4},{"damage":17,"enemies":"Exordium Thugs","floor":8,"turns":5},{"damage":13,"enemies":"3 Louse","floor":11,"turns":3},{"damage":10,"enemies":"Blue Slaver","floor":13,"turns":2},{"damage":30,"enemies":"The Guardian","floor":16,"turns":7},{"damage":25,"enemies":"Spheric Guardian","floor":18,"turns":6},{"damage":17,"enemies":"2 Thieves","floor":21,"turns":5},{"damage":21,"enemies":"3 Cultists","floor":22,"turns":5},{"damage":24,"enemies":"Snecko","floor":24,"turns":6},{"damage":77,"enemies":"Slavers","floor":25,"turns":8},{"damage":16,"enemies":"Cultist and Chosen","floor":28,"turns":4},{"damage":42,"enemies":"Centurion and Healer","floor":29,"turns":6},{"damage":62,"enemies":"Collector","floor":33,"turns":11},{"damage":20,"enemies":"3 Shapes","floor":35,"turns":4},{"damage":11,"enemies":"Orb Walker","floor":39,"turns":3},{"damage":102,"enemies":"Reptomancer","floor":41,"turns":9}],"seed_played":"7487704592538177600","potions_obtained":[{"floor":7,"key":"Weak Potion"},{"floor":8,"key":"FearPotion"},{"floor":11,"key":"BloodPotion"},{"floor":13,"key":"Block Potion"},{"floor":21,"key":"GamblersBrew"},{"floor":24,"key":"SpeedPotion"},{"floor":25,"key":"Swift Potion"},{"floor":33,"key":"Swift Potion"}],"is_trial":false,"path_per_floor":["M","$","M","?","M","R","E","M","T","R","M","?","M","$","R","B",null,"M","?","$","M","M","R","M","E","T","R","M","M","$","?","R","B",null,"M","?","$","?","M","R","E"],"character_chosen":"IRONCLAD","items_purchased":["Shrug It Off","Flame Barrier","Strawberry","Bronze Scales"],"campfire_rested":3,"item_purchase_floors":[2,14,20,30],"current_hp_per_floor":[80,80,81,81,86,86,63,52,52,52,48,92,88,88,88,73,92,73,73,80,69,57,96,78,13,13,57,53,17,17,17,63,7,114,103,103,103,103,101,116,14],"gold":67,"neow_bonus":"THREE_RARE_CARDS","is_prod":false,"is_daily":false,"chose_seed":false,"campfire_upgraded":3,"win_rate":0,"timestamp":1557409097,"path_taken":["M","$","M","?","M","R","E","M","T","R","M","?","?","$","R","BOSS","M","?","$","M","M","R","M","E","T","R","M","M","$","?","R","BOSS","M","?","$","?","M","R","E"],"build_version":"2019-01-23","purchased_purges":2,"victory":false,"max_hp_per_floor":[83,83,83,83,86,86,89,89,89,89,92,92,92,92,92,92,92,92,92,99,99,102,102,102,108,108,108,114,114,114,114,114,114,114,117,117,117,117,120,120,120],"card_choices":[{"not_picked":["Barricade","Bludgeon"],"picked":"Feed","floor":0},{"not_picked":["Cleave","Sentinel"],"picked":"Perfected Strike","floor":1},{"not_picked":["Body Slam","True Grit"],"picked":"Bloodletting","floor":3},{"not_picked":["Entrench","Sword Boomerang"],"picked":"Blood for Blood","floor":5},{"not_picked":["Inflame","Clothesline"],"picked":"Demon Form","floor":7},{"not_picked":["Wild Strike","Flex"],"picked":"Bloodletting","floor":8},{"not_picked":["True Grit","Bloodletting"],"picked":"Metallicize","floor":11},{"not_picked":["Havoc","Cleave","Flex"],"picked":"SKIP","floor":13},{"not_picked":["Intimidate","Flex","Iron Wave+1"],"picked":"SKIP","floor":18},{"not_picked":["Spot Weakness","Reckless Charge","Seeing Red"],"picked":"SKIP","floor":21},{"not_picked":["True Grit","Sword Boomerang"],"picked":"Feed","floor":22},{"not_picked":["Clash","Combust"],"picked":"Twin Strike+1","floor":24},{"not_picked":["Armaments","Body Slam"],"picked":"Pommel Strike","floor":25},{"not_picked":["Inflame","Seeing Red"],"picked":"Shrug It Off","floor":28},{"not_picked":["Iron Wave","Entrench"],"picked":"Uppercut+1","floor":29},{"not_picked":["Berserk","Dark Embrace"],"picked":"Fiend Fire","floor":33},{"not_picked":["Warcry","Burning Pact+1"],"picked":"Pommel Strike+1","floor":35},{"not_picked":["Immolate","Thunderclap+1"],"picked":"Carnage","floor":39}],"player_experience":164615,"relics_obtained":[{"floor":7,"key":"Omamori"},{"floor":9,"key":"Happy Flower"},{"floor":25,"key":"Anchor"},{"floor":26,"key":"Tiny Chest"},{"floor":34,"key":"Boot"},{"floor":34,"key":"Matryoshka"},{"floor":34,"key":"Unceasing Top"}],"event_choices":[{"damage_healed":0,"gold_gain":0,"player_choice":"Grow","damage_taken":0,"max_hp_gain":0,"max_hp_loss":0,"event_name":"Living Wall","floor":4,"gold_loss":0,"cards_upgraded":["Bloodletting"]},{"cards_removed":["Metallicize"],"damage_healed":44,"gold_gain":0,"player_choice":"Offered Uncommon","damage_taken":0,"max_hp_gain":0,"max_hp_loss":0,"event_name":"Bonfire Elementals","floor":12,"gold_loss":0},{"damage_healed":0,"gold_gain":0,"player_choice":"Ignored","damage_taken":0,"max_hp_gain":0,"max_hp_loss":0,"event_name":"Vampires","floor":19,"gold_loss":0},{"damage_healed":0,"gold_gain":0,"player_choice":"Ignored","damage_taken":0,"max_hp_gain":0,"max_hp_loss":0,"event_name":"Tomb of Lord Red Mask","floor":36,"gold_loss":0},{"damage_healed":0,"gold_gain":0,"player_choice":"1 cards matched","damage_taken":0,"max_hp_gain":0,"max_hp_loss":0,"event_name":"Match and Keep!","floor":38,"gold_loss":0,"cards_obtained":["Cleave"]}],"is_beta":false,"boss_relics":[{"not_picked":["Busted Crown","Black Star"],"picked":"Eternal Feather"},{"not_picked":["Snecko Eye","Runic Dome"],"picked":"Calling Bell"}],"items_purged_floors":[2,37],"is_endless":false,"potions_floor_spawned":[7,8,11,13,21,24,25,33],"killed_by":"Reptomancer","ascension_level":1}