{"gold_per_floor":[13,28,28,40,57,57,57,6,54,74,109,57,57,89,89,166,166,177,177,197,177,188,220,220,249,249,281,296,310,310,43,43,117,117,127,142,42,42,42,55,88,88,141,169,189,52,52,65,65,65],"floor_reached":51,"playtime":2298,"items_purged":["Strike_B","Strike_B"],"score":1638,"play_id":"4919513f-6ddc-419a-8848-246e85d15bad","local_time":"20181022120658","is_ascension_mode":true,"campfire_choices":[{"data":"Zap","floor":6.0,"key":"SMITH"},{"data":"Beam Cell","floor":13.0,"key":"SMITH"},{"data":"Sweeping Beam","floor":15.0,"key":"SMITH"},{"floor":24.0,"key":"REST"},{"data":"Biased Cognition","floor":30.0,"key":"SMITH"},{"data":"Coolheaded","floor":32.0,"key":"SMITH"},{"floor":42.0,"key":"REST"},{"data":"Capacitor","floor":47.0,"key":"SMITH"},{"data":"Hologram","floor":49.0,"key":"SMITH"}],"neow_cost":"NO_GOLD","seed_source_timestamp":0,"circlet_count":0,"master_deck":["Strike_B","Defend_B","Defend_B","Defend_B","Zap+1","Dualcast","AscendersBane","Genetic Algorithm","Chill","Sweeping Beam+1","Beam Cell+1","Rebound","Echo Form","Coolheaded+1","Rainbow","Electrodynamics","Go for the Eyes+1","Biased Cognition+1","Core Surge","Hologram+1","Clumsy","Capacitor+1","Force Field","Cold Snap+1"],"special_seed":0,"relics":["Cracked Core","Thread and Needle","Orichalcum","Bag of Preparation","Gremlin Horn","Cursed Key","Pear","Lantern","Oddly Smooth Stone","ClockworkSouvenir","Black Star","Potion Belt","Regal Pillow","Happy Flower","Omamori","Anchor"],"potions_floor_usage":[50],"damage_taken":[{"damage":2.0,"enemies":"Cultist","floor":1.0,"turns":3.0},{"damage":7.0,"enemies":"2 Louse","floor":2.0,"turns":2.0},{"damage":6.0,"enemies":"Small Slimes","floor":4.0,"turns":4.0},{"damage":4.0,"enemies":"3 Louse","floor":5.0,"turns":4.0},{"damage":0.0,"enemies":"Blue Slaver","floor":10.0,"turns":3.0},{"damage":5.0,"enemies":"Gremlin Nob","floor":11.0,"turns":5.0},{"damage":0.0,"enemies":"3 Sentries","floor":14.0,"turns":6.0},{"damage":26.0,"enemies":"Slime Boss","floor":16.0,"turns":7.0},{"damage":7.0,"enemies":"Chosen","floor":18.0,"turns":5.0},{"damage":6.0,"enemies":"Spheric Guardian","floor":20.0,"turns":4.0},{"damage":0.0,"enemies":"Snake Plant","floor":22.0,"turns":3.0},{"damage":16.0,"enemies":"Book of Stabbing","floor":23.0,"turns":6.0},{"damage":5.0,"enemies":"Slavers","floor":25.0,"turns":3.0},{"damage":0.0,"enemies":"Gremlin Leader","floor":27.0,"turns":4.0},{"damage":0.0,"enemies":"Shelled Parasite and Fungi","floor":28.0,"turns":5.0},{"damage":0.0,"enemies":"Centurion and Healer","floor":29.0,"turns":4.0},{"damage":0.0,"enemies":"Collector","floor":33.0,"turns":8.0},{"damage":14.0,"enemies":"3 Darklings","floor":35.0,"turns":4.0},{"damage":0.0,"enemies":"Orb Walker","floor":36.0,"turns":3.0},{"damage":0.0,"enemies":"Jaw Worm Horde","floor":40.0,"turns":3.0},{"damage":20.0,"enemies":"Giant Head","floor":41.0,"turns":8.0},{"damage":6.0,"enemies":"Reptomancer","floor":44.0,"turns":5.0},{"damage":0.0,"enemies":"Maw","floor":45.0,"turns":7.0},{"damage":15.0,"enemies":"3 Darklings","floor":48.0,"turns":6.0},{"damage":17,"enemies":"Time Eater","floor":50,"turns":18}],"seed_played":"1681541853987470630","potions_obtained":[{"floor":2.0,"key":"Swift Potion"},{"floor":4.0,"key":"Fire Potion"},{"floor":5.0,"key":"Dexterity Potion"},{"floor":22.0,"key":"Ancient Potion"},{"floor":45.0,"key":"AttackPotion"},{"floor":48.0,"key":"Block Potion"}],"is_trial":false,"path_per_floor":["M","M","?","M","M","R","?","$","T","M","E","$","R","E","R","B",null,"M","?","M","?","M","E","R","E","T","E","M","M","R","$","R","B",null,"M","M","$","?","?","M","E","R","T","E","M","$","R","M","R","B"],"character_chosen":"DEFECT","items_purchased":["Rebound","PowerPotion","ClockworkSouvenir","Capacitor","Force Field"],"campfire_rested":2,"item_purchase_floors":[8,12,31,46,46],"current_hp_per_floor":[62,55,60,54,50,50,50,50,50,50,45,45,45,45,45,19,62,55,55,49,49,49,43,68,63,63,63,63,63,63,63,63,63,80,66,66,66,66,66,66,46,86,86,80,80,80,80,65,65,48],"gold":65,"neow_bonus":"ONE_RARE_RELIC","is_prod":false,"is_daily":false,"chose_seed":false,"campfire_upgraded":7,"win_rate":0,"timestamp":1540235218,"path_taken":["M","M","?","M","M","R","?","?","T","M","E","$","R","E","R","BOSS","M","?","M","?","M","E","R","E","T","E","?","M","R","$","R","BOSS","M","M","$","?","?","M","E","R","T","E","?","$","R","M","R","BOSS"],"build_version":"2018-10-18","purchased_purges":2,"victory":true,"max_hp_per_floor":[71,71,76,76,76,76,76,76,76,76,76,76,76,76,76,76,76,76,76,76,76,76,86,86,86,86,86,86,86,86,86,86,86,86,86,86,86,86,86,86,86,86,86,86,86,86,86,86,86,86],"card_choices":[{"not_picked":["Barrage","Go for the Eyes"],"picked":"Genetic Algorithm","floor":1.0},{"not_picked":["Chaos","Undo"],"picked":"Chill","floor":2.0},{"not_picked":["Force Field","Turbo"],"picked":"Sweeping Beam","floor":4.0},{"not_picked":["Steam","Coolheaded"],"picked":"Beam Cell","floor":5.0},{"not_picked":["Beam Cell","Redo"],"picked":"Echo Form","floor":10.0},{"not_picked":["Rebound","Steam"],"picked":"Coolheaded","floor":11.0},{"not_picked":["Skim","Coolheaded"],"picked":"Rainbow","floor":14.0},{"not_picked":["Seek","Machine Learning"],"picked":"Electrodynamics","floor":16.0},{"not_picked":["Chaos","Steam","BootSequence"],"picked":"SKIP","floor":18.0},{"not_picked":["Streamline","Rebound"],"picked":"Go for the Eyes+1","floor":20.0},{"not_picked":["Force Field","Stack","Turbo"],"picked":"SKIP","floor":22.0},{"not_picked":["Tempest","Go for the Eyes","Turbo"],"picked":"SKIP","floor":23.0},{"not_picked":["Double Energy","Genetic Algorithm"],"picked":"Biased Cognition","floor":25.0},{"not_picked":["Gash+1","Heatsinks","Reinforced Body"],"picked":"SKIP","floor":27.0},{"not_picked":["Conserve Battery","Static Discharge","Rebound"],"picked":"SKIP","floor":28.0},{"not_picked":["Barrage","Aggregate","Turbo"],"picked":"SKIP","floor":29.0},{"not_picked":["Rainbow","Electrodynamics"],"picked":"Core Surge","floor":33.0},{"not_picked":["Gash","Darkness","Leap"],"picked":"SKIP","floor":35.0},{"not_picked":["Reinforced Body","Force Field"],"picked":"Hologram","floor":36.0},{"not_picked":["Hologram","Recycle","Coolheaded"],"picked":"SKIP","floor":40.0},{"not_picked":["Hologram","Reinforced Body","Genetic Algorithm+1"],"picked":"SKIP","floor":41.0},{"not_picked":["Sunder","Reprogram+1","Beam Cell"],"picked":"SKIP","floor":44.0},{"not_picked":["Hello World","Gash+1","Conserve Battery+1"],"picked":"SKIP","floor":45.0},{"not_picked":["Gash","Chill"],"picked":"Cold Snap+1","floor":48.0}],"player_experience":1417615,"relics_obtained":[{"floor":9.0,"key":"Orichalcum"},{"floor":11.0,"key":"Bag of Preparation"},{"floor":14.0,"key":"Gremlin Horn"},{"floor":23.0,"key":"Pear"},{"floor":25.0,"key":"Lantern"},{"floor":27.0,"key":"Oddly Smooth Stone"},{"floor":41.0,"key":"Potion Belt"},{"floor":41.0,"key":"Regal Pillow"},{"floor":43.0,"key":"Happy Flower"},{"floor":44.0,"key":"Omamori"},{"floor":44.0,"key":"Anchor"}],"event_choices":[{"damage_healed":0.0,"max_hp_gain":5.0,"max_hp_loss":0.0,"gold_gain":0.0,"event_name":"Big Fish","player_choice":"Donut","floor":3.0,"gold_loss":0.0,"damage_taken":0.0},{"damage_healed":0.0,"max_hp_gain":0.0,"max_hp_loss":0.0,"gold_gain":0.0,"event_name":"The Cleric","player_choice":"Leave","floor":7.0,"gold_loss":0.0,"damage_taken":0.0},{"damage_healed":0.0,"max_hp_gain":0.0,"max_hp_loss":0.0,"gold_gain":0.0,"event_name":"Cursed Tome","player_choice":"Ignored","floor":19.0,"gold_loss":0.0,"damage_taken":0.0},{"damage_healed":0.0,"max_hp_gain":0.0,"max_hp_loss":0.0,"gold_gain":0.0,"event_name":"The Woman in Blue","player_choice":"Bought 1 Potion","floor":21.0,"gold_loss":0.0,"damage_taken":0.0},{"cards_removed":["Strike_B"],"damage_healed":0.0,"max_hp_gain":0.0,"max_hp_loss":0.0,"gold_gain":0.0,"event_name":"Falling","player_choice":"Removed Attack","floor":38.0,"gold_loss":0.0,"damage_taken":0.0},{"cards_removed":["Defend_B"],"damage_healed":0.0,"max_hp_gain":0.0,"max_hp_loss":0.0,"gold_gain":0.0,"event_name":"Purifier","player_choice":"Purged","floor":39.0,"gold_loss":0.0,"damage_taken":0.0}],"is_beta":false,"boss_relics":[{"not_picked":["Orrery","Calling Bell"],"picked":"Cursed Key"},{"not_picked":["Runic Pyramid","White Beast Statue"],"picked":"Black Star"}],"items_purged_floors":[31,37],"is_endless":false,"potions_floor_spawned":[2,4,5,20,22,23,25,33,40,45,48],"ascension_level":15}