{"gold_per_floor":[113,128,147,164,89,89,116,116,116,116,16,16,49,49,49,148,148,165,40,51,69,83,83],"floor_reached":23,"playtime":1840,"items_purged":["Strike_R","Strike_R","Strike_R"],"score":201,"play_id":"12c78f3b-9315-45d7-9567-7539ce7b0c6b","local_time":"20190322023554","is_ascension_mode":false,"campfire_choices":[{"data":"Shrug It Off","floor":6,"key":"SMITH"},{"data":"Cleave","floor":8,"key":"SMITH"},{"data":"Twin Strike","floor":10,"key":"SMITH"},{"data":"Hemokinesis","floor":12,"key":"SMITH"},{"data":"Warcry","floor":15,"key":"SMITH"}],"neow_cost":"NONE","seed_source_timestamp":582444691892600,"circlet_count":0,"master_deck":["Strike_R","Strike_R","Defend_R","Defend_R","Defend_R","Defend_R","Shrug It Off+1","Hemokinesis+1","Twin Strike+1","Flame Barrier","Cleave+1","Ghostly Armor","Warcry+1","Double Tap","Pommel Strike+1","Pommel Strike+1"],"relics":["Burning Blood","Ornamental Fan","Sundial","Molten Egg 2","Blood Vial","Runic Pyramid"],"potions_floor_usage":[7,16,16,22,23],"damage_taken":[{"damage":0,"enemies":"Small Slimes","floor":1,"turns":3},{"damage":4,"enemies":"2 Louse","floor":2,"turns":2},{"damage":3,"enemies":"Cultist","floor":3,"turns":3},{"damage":8,"enemies":"3 Louse","floor":4,"turns":3},{"damage":15,"enemies":"3 Sentries","floor":7,"turns":8},{"damage":29,"enemies":"Lagavulin","floor":13,"turns":7},{"damage":42,"enemies":"Hexaghost","floor":16,"turns":11},{"damage":4,"enemies":"Spheric Guardian","floor":18,"turns":3},{"damage":9,"enemies":"3 Byrds","floor":20,"turns":4},{"damage":7,"enemies":"Snecko","floor":21,"turns":4},{"damage":32,"enemies":"Snake Plant","floor":22,"turns":5},{"damage":56,"enemies":"Slavers","floor":23,"turns":4}],"seed_played":"1271994454801639614","potions_obtained":[{"floor":1,"key":"Dexterity Potion"},{"floor":3,"key":"PowerPotion"},{"floor":13,"key":"Strength Potion"},{"floor":20,"key":"Dexterity Potion"},{"floor":22,"key":"GamblersBrew"}],"is_trial":false,"path_per_floor":["M","M","M","M","$","R","E","R","T","R","$","R","E","?","R","B",null,"M","$","M","M","M","E"],"character_chosen":"IRONCLAD","items_purchased":[],"campfire_rested":0,"item_purchase_floors":[],"current_hp_per_floor":[80,80,80,78,78,78,69,69,69,69,69,69,46,43,43,9,80,80,80,77,78,54,0],"gold":83,"neow_bonus":"TRANSFORM_CARD","is_prod":false,"is_daily":false,"chose_seed":false,"campfire_upgraded":5,"win_rate":0.0,"timestamp":1553214954,"path_taken":["M","M","M","M","$","R","E","R","T","R","$","R","E","?","R","BOSS","M","$","M","M","M","E"],"build_version":"2019-01-23","purchased_purges":3,"victory":false,"max_hp_per_floor":[80,80,80,80,80,80,80,80,80,80,80,80,80,80,80,80,80,80,80,80,80,80,80],"card_choices":[{"not_picked":["Shockwave","Searing Blow"],"picked":"Hemokinesis","floor":1},{"not_picked":["Burning Pact","Reckless Charge"],"picked":"Twin Strike","floor":2},{"not_picked":["Sword Boomerang","Heavy Blade"],"picked":"Flame Barrier","floor":3},{"not_picked":["Infernal Blade","Wild Strike"],"picked":"Cleave","floor":4},{"not_picked":["Clothesline","Rampage"],"picked":"Ghostly Armor","floor":7},{"not_picked":["Headbutt","Ghostly Armor"],"picked":"Warcry","floor":13},{"not_picked":["Dark Embrace","Berserk"],"picked":"Double Tap","floor":16},{"not_picked":["Entrench","Shrug It Off"],"picked":"Pommel Strike+1","floor":18},{"not_picked":["Sword Boomerang+1","Wild Strike+1"],"picked":"Pommel Strike+1","floor":20},{"not_picked":["Flex","Warcry","Armaments+1"],"picked":"SKIP","floor":21},{"not_picked":["Evolve","Shrug It Off+1","Hemokinesis+1"],"picked":"SKIP","floor":22}],"player_experience":16125,"relics_obtained":[{"floor":7,"key":"Ornamental Fan"},{"floor":9,"key":"Sundial"},{"floor":13,"key":"Molten Egg 2"}],"event_choices":[{"damage_healed":0,"gold_gain":0,"player_choice":"Success","damage_taken":3,"relics_obtained":["Blood Vial"],"max_hp_gain":0,"max_hp_loss":0,"event_name":"Scrap Ooze","floor":14,"gold_loss":0}],"is_beta":false,"boss_relics":[{"not_picked":["Calling Bell","Lizard Tail"],"picked":"Runic Pyramid"}],"items_purged_floors":[5,11,19],"is_endless":false,"potions_floor_spawned":[1,3,13,20,22],"killed_by":"Slavers","ascension_level":0}