{"gold_per_floor":[110,34,34,49,49,49,81,81,81,115,5,17,34,64,64,136,136,136,6,6,6,6,6,6,6,6,6,6,6,6,6,6,6,6,6,6,6,6,6],"floor_reached":39,"playtime":1108,"items_purged":[],"score":1078,"play_id":"9fefdd98-b5c4-41cb-bd04-b59bf69cf35e","local_time":"20181201195303","is_ascension_mode":true,"campfire_choices":[{"data":"Shockwave","floor":6,"key":"SMITH"},{"data":"Bash","floor":15,"key":"SMITH"},{"floor":23,"key":"REST"},{"data":"Double Tap","floor":29,"key":"SMITH"},{"floor":32,"key":"REST"}],"neow_cost":"NONE","seed_source_timestamp":10778613226939,"circlet_count":0,"master_deck":["AscendersBane","Strike_R","Strike_R","Strike_R","Strike_R","Strike_R","Defend_R","Defend_R","Defend_R","Defend_R","Bash+1","Perfected Strike+1","Shockwave+1","Double Tap+1","Thunderclap","Combust+1","Demon Form+1","Twin Strike","Twin Strike","Dual Wield","Battle Trance","Whirlwind","Sword Boomerang+1","Wild Strike+1","Twin Strike","Reaper","Shrug It Off+1","Madness","Madness","Perfected Strike"],"relics":["Burning Blood","NeowsBlessing","Smiling Mask","Self Forming Clay","Frozen Egg 2","Pen Nib","Bronze Scales","Ectoplasm","Paper Frog","Red Mask","Blood Vial","Ornamental Fan","Coffee Dripper"],"potions_floor_usage":[11,20,30,33,38],"damage_taken":[{"damage":0,"enemies":"2 Louse","floor":1,"turns":1},{"damage":0,"enemies":"Jaw Worm","floor":4,"turns":1},{"damage":0,"enemies":"Lagavulin","floor":7,"turns":1},{"damage":26,"enemies":"Gremlin Nob","floor":10,"turns":4},{"damage":0,"enemies":"Cultist","floor":12,"turns":3},{"damage":13,"enemies":"Exordium Thugs","floor":13,"turns":3},{"damage":12,"enemies":"3 Sentries","floor":14,"turns":7},{"damage":6,"enemies":"Slime Boss","floor":16,"turns":7},{"damage":28,"enemies":"Shell Parasite","floor":18,"turns":4},{"damage":7,"enemies":"Chosen","floor":20,"turns":4},{"damage":10,"enemies":"Sentry and Sphere","floor":22,"turns":2},{"damage":6,"enemies":"Gremlin Leader","floor":24,"turns":4},{"damage":14,"enemies":"Masked Bandits","floor":25,"turns":3},{"damage":4,"enemies":"Shelled Parasite and Fungi","floor":27,"turns":3},{"damage":24,"enemies":"Slavers","floor":30,"turns":4},{"damage":13,"enemies":"Chosen and Byrds","floor":31,"turns":4},{"damage":74,"enemies":"Automaton","floor":33,"turns":8},{"damage":23,"enemies":"3 Darklings","floor":35,"turns":4},{"damage":17,"enemies":"3 Shapes","floor":36,"turns":2},{"damage":54,"enemies":"Spire Growth","floor":38,"turns":4},{"damage":65,"enemies":"Writhing Mass","floor":39,"turns":4}],"seed_played":"6509033849312626512","potions_obtained":[{"floor":10,"key":"FairyPotion"},{"floor":12,"key":"Ancient Potion"},{"floor":24,"key":"Block Potion"},{"floor":31,"key":"Regen Potion"},{"floor":33,"key":"FearPotion"}],"is_trial":false,"path_per_floor":["M","$","?","M","$","R","E","?","T","E","$","M","M","E","R","B",null,"M","$","M","?","M","R","E","?","T","M","$","R","E","M","R","B",null,"M","M","?","M","M"],"character_chosen":"IRONCLAD","items_purchased":["Shockwave","Fruit Juice","Twin Strike","Dual Wield"],"campfire_rested":2,"item_purchase_floors":[2,11,19,19],"current_hp_per_floor":[74,74,74,75,75,75,75,40,40,20,25,31,24,18,18,18,65,43,43,42,42,38,62,62,54,54,58,58,58,42,37,61,10,63,63,64,50,11,0],"gold":6,"neow_bonus":"THREE_ENEMY_KILL","is_prod":false,"is_daily":false,"chose_seed":false,"campfire_upgraded":3,"win_rate":0,"timestamp":1543665183,"path_taken":["M","$","?","M","$","R","E","?","T","E","?","M","?","E","R","BOSS","M","$","M","?","M","R","E","?","T","M","$","R","E","M","R","BOSS","M","M","?","M","M"],"build_version":"2018-11-15","purchased_purges":0,"victory":false,"max_hp_per_floor":[75,75,75,75,75,75,75,75,75,75,80,80,80,80,80,80,80,80,80,80,80,80,80,80,80,80,80,80,80,80,80,80,80,80,80,80,80,80,80],"card_choices":[{"not_picked":["Sword Boomerang","Havoc"],"picked":"Perfected Strike","floor":1},{"not_picked":["Thunderclap","Seeing Red","Havoc"],"picked":"SKIP","floor":4},{"not_picked":["Fiend Fire","Ghostly Armor"],"picked":"Double Tap","floor":7},{"not_picked":["Warcry","Sever Soul","Searing Blow"],"picked":"SKIP","floor":10},{"not_picked":["Havoc","Clothesline","Carnage"],"picked":"SKIP","floor":12},{"not_picked":["Thunderclap","Clash","Clothesline"],"picked":"SKIP","floor":13},{"not_picked":["Clash","Clothesline"],"picked":"Thunderclap","floor":13},{"not_picked":["Disarm","Second Wind"],"picked":"Combust+1","floor":14},{"not_picked":["Berserk+1","Exhume"],"picked":"Demon Form+1","floor":16},{"not_picked":["Uppercut","True Grit"],"picked":"Twin Strike","floor":18},{"not_picked":["Sever Soul","Disarm","Battle Trance"],"picked":"SKIP","floor":20},{"not_picked":["Sever Soul","Disarm"],"picked":"Battle Trance","floor":20},{"not_picked":["Fire Breathing+1","Shrug It Off","Corruption+1"],"picked":"SKIP","floor":22},{"not_picked":["Bludgeon","Clothesline"],"picked":"Whirlwind","floor":24},{"not_picked":["Pommel Strike","Anger"],"picked":"Sword Boomerang+1","floor":25},{"not_picked":["Cleave","Clothesline","Dual Wield"],"picked":"SKIP","floor":27},{"not_picked":["Sword Boomerang","Headbutt"],"picked":"Wild Strike+1","floor":30},{"not_picked":["Reckless Charge+1","Brutality+1"],"picked":"Twin Strike","floor":31},{"not_picked":["Demon Form+1","Juggernaut+1"],"picked":"Reaper","floor":33},{"not_picked":["Sword Boomerang","Havoc+1"],"picked":"Shrug It Off+1","floor":35},{"not_picked":["Spot Weakness+1","Brutality+1","Reckless Charge"],"picked":"SKIP","floor":36},{"not_picked":["Evolve+1","Headbutt"],"picked":"Perfected Strike","floor":38}],"player_experience":2241461,"relics_obtained":[{"floor":7,"key":"Smiling Mask"},{"floor":9,"key":"Frozen Egg 2"},{"floor":10,"key":"Pen Nib"},{"floor":14,"key":"Bronze Scales"},{"floor":24,"key":"Paper Frog"},{"floor":25,"key":"Red Mask"},{"floor":26,"key":"Blood Vial"},{"floor":30,"key":"Ornamental Fan"}],"event_choices":[{"damage_healed":0,"gold_gain":0,"player_choice":"Grow","damage_taken":0,"max_hp_gain":0,"max_hp_loss":0,"event_name":"Living Wall","floor":3,"gold_loss":0,"cards_upgraded":["Perfected Strike"]},{"damage_healed":0,"gold_gain":0,"player_choice":"Success","damage_taken":35,"relics_obtained":["Self Forming Clay"],"max_hp_gain":0,"max_hp_loss":0,"event_name":"Scrap Ooze","floor":8,"gold_loss":0},{"damage_healed":0,"gold_gain":0,"player_choice":"Ignored","damage_taken":0,"max_hp_gain":0,"max_hp_loss":0,"event_name":"Beggar","floor":21,"gold_loss":0},{"damage_healed":0,"gold_gain":0,"player_choice":"Fought Bandits","damage_taken":0,"max_hp_gain":0,"max_hp_loss":0,"event_name":"Masked Bandits","floor":25,"gold_loss":0},{"damage_healed":0,"gold_gain":0,"player_choice":"Embrace Madness","damage_taken":14,"max_hp_gain":0,"max_hp_loss":0,"event_name":"Winding Halls","floor":37,"gold_loss":0,"cards_obtained":["Madness","Madness"]}],"is_beta":false,"boss_relics":[{"not_picked":["Empty Cage","Orrery"],"picked":"Ectoplasm"},{"not_picked":["White Beast Statue","Eternal Feather"],"picked":"Coffee Dripper"}],"items_purged_floors":[],"is_endless":false,"potions_floor_spawned":[10,12,13,16,24,27,31,33,36],"killed_by":"Writhing Mass","ascension_level":20}