{"gold_per_floor":[116,116,131,142,157,157,192,192,217,49,49,81,55,4,4,4],"floor_reached":16,"playtime":766,"items_purged":[],"score":211,"play_id":"e70f36b1-246c-4dfe-af1f-55f3f62ca280","local_time":"20190317035627","is_ascension_mode":true,"campfire_choices":[{"data":"Zap","floor":6,"key":"SMITH"},{"floor":8,"key":"REST"},{"data":"Buffer","floor":11,"key":"SMITH"},{"data":"Dualcast","floor":15,"key":"SMITH"}],"neow_cost":"NONE","seed_source_timestamp":0,"circlet_count":0,"master_deck":["AscendersBane","Strike_B","Strike_B","Strike_B","Defend_B","Defend_B","Defend_B","Defend_B","Zap+1","Dualcast+1","Go for the Eyes","Go for the Eyes","White Noise","Leap","Buffer+1","Conserve Battery","Steam","Scrape","Ball Lightning","Leap"],"special_seed":0,"relics":["Cracked Core","Lantern","Happy Flower","Anchor","Bag of Preparation"],"potions_floor_usage":[7,7],"damage_taken":[{"damage":2,"enemies":"Jaw Worm","floor":1,"turns":4},{"damage":0,"enemies":"Small Slimes","floor":3,"turns":4},{"damage":8,"enemies":"2 Louse","floor":4,"turns":2},{"damage":5,"enemies":"Red Slaver","floor":5,"turns":4},{"damage":16,"enemies":"3 Sentries","floor":7,"turns":7},{"damage":17,"enemies":"Gremlin Nob","floor":12,"turns":5},{"damage":32,"enemies":"Hexaghost","floor":16,"turns":11}],"seed_played":"7373765489216096083","potions_obtained":[{"floor":3,"key":"AttackPotion"},{"floor":5,"key":"Dexterity Potion"}],"is_trial":false,"path_per_floor":["M","?","M","M","M","R","E","R","T","$","R","E","$","?","R","B"],"character_chosen":"DEFECT","items_purchased":["Conserve Battery","Steam","Scrape","Leap"],"campfire_rested":1,"item_purchase_floors":[10,10,10,13],"current_hp_per_floor":[62,55,55,47,42,42,26,47,47,47,47,30,30,30,30,0],"gold":4,"neow_bonus":"RANDOM_COMMON_RELIC","is_prod":false,"is_daily":false,"chose_seed":false,"campfire_upgraded":3,"win_rate":0,"timestamp":1552791387,"path_taken":["M","?","M","M","M","R","E","R","T","$","R","E","$","?","R","BOSS"],"build_version":"2019-01-23","purchased_purges":0,"victory":false,"max_hp_per_floor":[71,71,71,71,71,71,71,71,71,71,71,71,71,71,71,71],"card_choices":[{"not_picked":["Compile Driver","Coolheaded"],"picked":"Go for the Eyes","floor":1},{"not_picked":["Coolheaded","Turbo"],"picked":"Go for the Eyes","floor":3},{"not_picked":["Go for the Eyes","Tempest"],"picked":"White Noise","floor":4},{"not_picked":["Compile Driver","Double Energy"],"picked":"Leap","floor":5},{"not_picked":["Chaos","Hologram"],"picked":"Buffer","floor":7},{"not_picked":["Coolheaded","Redo"],"picked":"Ball Lightning","floor":12}],"player_experience":623321,"relics_obtained":[{"floor":7,"key":"Happy Flower"},{"floor":9,"key":"Anchor"},{"floor":12,"key":"Bag of Preparation"}],"event_choices":[{"cards_removed":["Strike_B"],"damage_healed":0,"gold_gain":0,"player_choice":"Card Removal","damage_taken":7,"max_hp_gain":0,"max_hp_loss":0,"event_name":"Golden Wing","floor":2,"gold_loss":0},{"damage_healed":0,"gold_gain":0,"player_choice":"Left Gold","damage_taken":0,"max_hp_gain":0,"max_hp_loss":0,"event_name":"World of Goop","floor":14,"gold_loss":51}],"is_beta":false,"boss_relics":[],"items_purged_floors":[],"is_endless":false,"potions_floor_spawned":[3,5],"killed_by":"Hexaghost","ascension_level":19}