{"gold_per_floor":[11,186,201,201,218,248,264,289,314,314,333,41,55,70,70,166,166,179,192,204,51,64,97,97,27,99,130,148,148,175,194,194,291,291,306,326,401,411,426,426,460,460,460,475,22,41,41,53,53,53,53,53,53,84,84],"floor_reached":55,"playtime":7999,"items_purged":["Strike_G","Defend_G"],"score":873,"play_id":"1befd6a1-d71f-4f46-81f8-8bcc887bc4d7","local_time":"20190130000945","is_ascension_mode":true,"campfire_choices":[{"data":"Apotheosis","floor":10.0,"key":"SMITH"},{"data":"Footwork","floor":15.0,"key":"SMITH"},{"floor":24.0,"key":"RECALL"},{"data":"After Image","floor":32.0,"key":"SMITH"},{"floor":40,"key":"REST"},{"floor":42,"key":"REST"},{"floor":49,"key":"REST"},{"floor":52,"key":"REST"}],"neow_cost":"NO_GOLD","seed_source_timestamp":0,"circlet_count":0,"master_deck":["Defend_G","Defend_G","Survivor","Neutralize","Discovery","Apotheosis+1","Backflip","Dodge and Roll","Footwork+1","Caltrops","Terror","Flying Knee","Infinite Blades","Deflect","Escape Plan","After Image+1","Doppelganger+1","Eviscerate+1","Terror+1","Blade Dance","Footwork","Dagger Throw+1","Flying Knee+1","Noxious Fumes","Prepared+1","Flying Knee+1","Bite+1","Bite+1","Bite+1","Bite+1","Bite+1","Distraction+1","After Image","Reflex","Glass Knife+1","Backstab+1","Escape Plan"],"special_seed":0,"relics":["Ring of the Snake","Bird Faced Urn","Regal Pillow","Centennial Puzzle","PreservedInsect","Astrolabe","Strawberry","Lantern","Molten Egg 2","Ninja Scroll","Tough Bandages","Fusion Hammer","Bottled Tornado","Potion Belt","TheAbacus","Gambling Chip"],"potions_floor_usage":[55,55,55,55,55],"damage_taken":[{"damage":8.0,"enemies":"2 Louse","floor":1.0,"turns":3.0},{"damage":0.0,"enemies":"Cultist","floor":3.0,"turns":5.0},{"damage":0.0,"enemies":"Jaw Worm","floor":5.0,"turns":4.0},{"damage":5.0,"enemies":"3 Sentries","floor":6.0,"turns":8.0},{"damage":26.0,"enemies":"Lots of Slimes","floor":7.0,"turns":5.0},{"damage":3.0,"enemies":"Lagavulin","floor":8.0,"turns":8.0},{"damage":5.0,"enemies":"2 Fungi Beasts","floor":11.0,"turns":4.0},{"damage":3.0,"enemies":"Looter","floor":13.0,"turns":3.0},{"damage":0.0,"enemies":"Blue Slaver","floor":14.0,"turns":4.0},{"damage":8.0,"enemies":"Slime Boss","floor":16.0,"turns":14.0},{"damage":0.0,"enemies":"Spheric Guardian","floor":18.0,"turns":5.0},{"damage":0.0,"enemies":"3 Byrds","floor":19.0,"turns":4.0},{"damage":16.0,"enemies":"Snecko","floor":20.0,"turns":7.0},{"damage":13.0,"enemies":"Centurion and Healer","floor":22.0,"turns":7.0},{"damage":18.0,"enemies":"Book of Stabbing","floor":23.0,"turns":6.0},{"damage":44.0,"enemies":"Slavers","floor":27.0,"turns":4.0},{"damage":24.0,"enemies":"Cultist and Chosen","floor":28.0,"turns":5.0},{"damage":9.0,"enemies":"Book of Stabbing","floor":30.0,"turns":5.0},{"damage":0.0,"enemies":"Snecko","floor":31.0,"turns":3.0},{"damage":29.0,"enemies":"Champ","floor":33.0,"turns":10.0},{"damage":0,"enemies":"Orb Walker","floor":35,"turns":3},{"damage":0,"enemies":"3 Shapes","floor":36,"turns":4},{"damage":8,"enemies":"Spire Growth","floor":38,"turns":4},{"damage":3,"enemies":"3 Darklings","floor":39,"turns":6},{"damage":13,"enemies":"Nemesis","floor":41,"turns":5},{"damage":5,"enemies":"Sphere and 2 Shapes","floor":44,"turns":5},{"damage":18,"enemies":"Spire Growth","floor":46,"turns":5},{"damage":0,"enemies":"Jaw Worm Horde","floor":48,"turns":4},{"damage":52,"enemies":"Donu and Deca","floor":50,"turns":12},{"damage":17,"enemies":"Shield and Spear","floor":54,"turns":5},{"damage":77,"enemies":"The Heart","floor":55,"turns":8}],"seed_played":"2564539528783892462","potions_obtained":[{"floor":3.0,"key":"Energy Potion"},{"floor":7.0,"key":"Fire Potion"},{"floor":14.0,"key":"Swift Potion"},{"floor":18.0,"key":"SkillPotion"},{"floor":22.0,"key":"Swift Potion"},{"floor":28.0,"key":"Fire Potion"},{"floor":30.0,"key":"EntropicBrew"},{"floor":46,"key":"Dexterity Potion"},{"floor":48,"key":"Swift Potion"}],"is_trial":false,"path_per_floor":["M","?","M","?","M","E","M","E","T","R","M","$","M","M","R","B",null,"M","M","M","$","M","E","R","$","T","E","M","?","E","M","R","B",null,"M","M","?","M","M","R","E","R","T","M","$","M","?","M","R","B",null,"R","$","E","B"],"character_chosen":"THE_SILENT","items_purchased":["PreservedInsect","Infinite Blades","Strawberry","Noxious Fumes","Potion Belt","TheAbacus"],"campfire_rested":4,"item_purchase_floors":[12,12,21,25,45,45],"current_hp_per_floor":[62,62,62,62,62,57,37,38,38,38,37,37,38,40,40,40,70,70,70,60,67,64,56,56,56,56,22,8,8,18,32,32,29,53,53,53,48,53,53,53,40,53,53,53,53,48,48,53,53,28,53,53,53,52,0],"gold":84,"neow_bonus":"RANDOM_COLORLESS_2","is_prod":false,"is_daily":false,"chose_seed":false,"campfire_upgraded":3,"win_rate":0,"timestamp":1548814185,"path_taken":["M","?","M","?","M","E","M","E","T","R","M","$","?","M","R","BOSS","M","M","?","$","M","E","R","$","T","E","M","?","E","M","R","BOSS","M","M","?","M","?","R","E","R","T","M","$","M","?","M","R","BOSS","R","$","E","BOSS"],"build_version":"2019-01-23","purchased_purges":2,"victory":false,"max_hp_per_floor":[70,70,70,70,70,70,70,70,70,70,70,70,70,70,70,70,70,70,70,70,77,77,77,77,77,77,77,77,53,53,53,53,53,53,53,53,53,53,53,53,53,53,53,53,53,53,53,53,53,53,53,53,53,53,53],"card_choices":[{"not_picked":["Underhanded Strike","Poisoned Stab"],"picked":"Backflip","floor":1.0},{"not_picked":["Reflex","Backflip"],"picked":"Dodge and Roll","floor":3.0},{"not_picked":["Deadly Poison","Predator"],"picked":"Footwork","floor":5.0},{"not_picked":["Night Terror","Escape Plan"],"picked":"Caltrops","floor":6.0},{"not_picked":["Dagger Spray","Slice","Eviscerate"],"picked":"SKIP","floor":7.0},{"not_picked":["Bouncing Flask","Quick Slash"],"picked":"Terror","floor":8.0},{"not_picked":["Deflect","Underhanded Strike"],"picked":"Flying Knee","floor":11.0},{"not_picked":["Poisoned Stab","PiercingWail"],"picked":"Deflect","floor":13.0},{"not_picked":["Choke","Skewer"],"picked":"Escape Plan","floor":14.0},{"not_picked":["Adrenaline","Night Terror"],"picked":"After Image","floor":16.0},{"not_picked":["Outmaneuver+1","Predator+1"],"picked":"Blade Dance","floor":18.0},{"not_picked":["Deadly Poison","Bouncing Flask+1"],"picked":"Footwork","floor":19.0},{"not_picked":["Sucker Punch","Slice"],"picked":"Dagger Throw+1","floor":20.0},{"not_picked":["Distraction","All Out Attack"],"picked":"Flying Knee+1","floor":22.0},{"not_picked":["Reflex","Burst","Dodge and Roll+1"],"picked":"SKIP","floor":23.0},{"not_picked":["PiercingWail","Bouncing Flask"],"picked":"Prepared+1","floor":27.0},{"not_picked":["Backflip","Finisher+1"],"picked":"Flying Knee+1","floor":28.0},{"not_picked":["Predator+1","Tools of the Trade"],"picked":"Distraction+1","floor":30.0},{"not_picked":["Leg Sweep","Crippling Poison","Dodge and Roll+1"],"picked":"SKIP","floor":31.0},{"not_picked":["Doppelganger","Bullet Time"],"picked":"After Image","floor":33.0},{"not_picked":["Heel Hook+1","Flying Knee+1","Deadly Poison+1"],"picked":"SKIP","floor":35},{"not_picked":["Dodge and Roll","Eviscerate+1","Terror+1"],"picked":"SKIP","floor":36},{"not_picked":["Poisoned Stab+1","Backflip"],"picked":"Reflex","floor":38},{"not_picked":["Deadly Poison+1","Eviscerate+1","Deflect"],"picked":"SKIP","floor":39},{"not_picked":["Flechettes+1","Slice+1"],"picked":"Glass Knife+1","floor":41},{"not_picked":["Backflip+1","All Out Attack+1"],"picked":"Backstab+1","floor":44},{"not_picked":["Underhanded Strike+1","Outmaneuver"],"picked":"Escape Plan","floor":46},{"not_picked":["Dash+1","Crippling Poison+1","Footwork"],"picked":"SKIP","floor":48},{"not_picked":["Night Terror","Corpse Explosion","Dagger Spray+1"],"picked":"SKIP","floor":54}],"player_experience":129537,"relics_obtained":[{"floor":6.0,"key":"Bird Faced Urn"},{"floor":8.0,"key":"Regal Pillow"},{"floor":9.0,"key":"Centennial Puzzle"},{"floor":23.0,"key":"Lantern"},{"floor":26.0,"key":"Molten Egg 2"},{"floor":27.0,"key":"Ninja Scroll"},{"floor":30.0,"key":"Tough Bandages"},{"floor":41,"key":"Bottled Tornado"},{"floor":54,"key":"Gambling Chip"}],"event_choices":[{"damage_healed":0.0,"max_hp_gain":0.0,"max_hp_loss":0.0,"gold_gain":175.0,"event_name":"Liars Game","player_choice":"AGREE","floor":2.0,"gold_loss":0.0,"damage_taken":0.0,"cards_obtained":["Doubt"]},{"cards_removed":["Doubt"],"damage_healed":0.0,"max_hp_gain":0.0,"max_hp_loss":0.0,"gold_gain":0.0,"event_name":"Purifier","player_choice":"Purged","floor":4.0,"gold_loss":0.0,"damage_taken":0.0},{"damage_healed":0.0,"max_hp_gain":0.0,"max_hp_loss":24.0,"gold_gain":0.0,"event_name":"Vampires","player_choice":"Became a vampire","floor":29.0,"gold_loss":0.0,"damage_taken":0.0,"cards_obtained":["Bite","Bite","Bite","Bite","Bite"]},{"damage_healed":0,"gold_gain":75,"player_choice":"Touch","damage_taken":5,"max_hp_gain":0,"max_hp_loss":0,"event_name":"FaceTrader","floor":37,"gold_loss":0},{"cards_removed":["Defend_G"],"damage_healed":0,"gold_gain":0,"player_choice":"Removed Skill","damage_taken":0,"max_hp_gain":0,"max_hp_loss":0,"event_name":"Falling","floor":47,"gold_loss":0}],"is_beta":false,"boss_relics":[{"not_picked":["Eternal Feather","Calling Bell"],"picked":"Astrolabe"},{"not_picked":["Philosopher\u0027s Stone","Black Star"],"picked":"Fusion Hammer"}],"items_purged_floors":[12,45],"is_endless":false,"potions_floor_spawned":[3,7,14,16,18,22,23,28,30,36,44,46,48,54],"killed_by":"The Heart","ascension_level":2}