{"gold_per_floor":[116,116,133,133,143,143,161,193,220,246,261,99,119,151,163,272,284,315,339,361,385,409,455,481,523,535,578,600,623,635,665,677,791,803,834,846,912,1024,1061,1073,1102,1132,1193,387,419,419,437,451,451,451],"floor_reached":50,"playtime":6004,"items_purged":["Strike_G"],"score":610,"play_id":"d291a4f7-5edd-452e-aa56-85089f284b65","local_time":"20181002183907","is_ascension_mode":false,"campfire_choices":[{"floor":15,"key":"REST"},{"data":"Bandage Up","floor":30,"key":"SMITH"},{"floor":32,"key":"REST"},{"data":"After Image","floor":40,"key":"SMITH"},{"floor":49,"key":"REST"}],"neow_cost":"","seed_source_timestamp":1367956637023983,"circlet_count":0,"master_deck":["Defend_G","Defend_G","Defend_G","Defend_G","Defend_G","Strike_G+1","Strike_G","Strike_G+1","Survivor","Neutralize","Deadly Poison","Backstab+1","Masterful Stab","Noxious Fumes","Deflect","Finisher","Masterful Stab","Bandage Up+1","Bouncing Flask","Malaise","Predator","After Image+1","Parasite","Deflect","Deadly Poison","Escape Plan","Terror+1","Infinite Blades","Noxious Fumes+1","Escape Plan+1","All Out Attack+1","Bouncing Flask","Outmaneuver","Leg Sweep","Adrenaline","Slice","Slice+1","Outmaneuver+1","Backflip+1","Mayhem","Backstab","Distraction","Backstab","Flying Knee","Prepared+1","Infinite Blades+1"],"relics":["Ring of the Snake","Happy Flower","Omamori","Centennial Puzzle","MawBank","Calling Bell","Mango","Letter Opener","Snake Skull","Bottled Lightning","Ancient Tea Set","Mummified Hand","Boot","Black Star","Pocketwatch","Pen Nib","Bag of Preparation","Bird Faced Urn","Lantern","Mercury Hourglass","Frozen Egg 2","Gambling Chip"],"potions_floor_usage":[8,10,16,20,25,25,27,33,33],"damage_taken":[{"damage":4,"enemies":"Jaw Worm","floor":1,"turns":6},{"damage":0,"enemies":"Small Slimes","floor":3,"turns":5},{"damage":0,"enemies":"Cultist","floor":5,"turns":3},{"damage":3,"enemies":"Lots of Slimes","floor":7,"turns":3},{"damage":14,"enemies":"Lagavulin","floor":8,"turns":6},{"damage":13,"enemies":"Gremlin Nob","floor":10,"turns":3},{"damage":0,"enemies":"Looter","floor":11,"turns":1},{"damage":0,"enemies":"3 Louse","floor":13,"turns":2},{"damage":12,"enemies":"3 Sentries","floor":14,"turns":5},{"damage":22,"enemies":"Slime Boss","floor":16,"turns":9},{"damage":8,"enemies":"3 Byrds","floor":18,"turns":5},{"damage":10,"enemies":"Spheric Guardian","floor":19,"turns":4},{"damage":14,"enemies":"Chosen and Byrds","floor":20,"turns":5},{"damage":8,"enemies":"Shelled Parasite and Fungi","floor":21,"turns":6},{"damage":0,"enemies":"Centurion and Healer","floor":22,"turns":6},{"damage":1,"enemies":"Gremlin Leader","floor":23,"turns":7},{"damage":2,"enemies":"Chosen and Byrds","floor":24,"turns":4},{"damage":6,"enemies":"Slavers","floor":25,"turns":4},{"damage":28,"enemies":"Gremlin Leader","floor":27,"turns":5},{"damage":0,"enemies":"3 Cultists","floor":28,"turns":4},{"damage":17,"enemies":"Snake Plant","floor":29,"turns":2},{"damage":7,"enemies":"Sentry and Sphere","floor":31,"turns":4},{"damage":17,"enemies":"Collector","floor":33,"turns":9},{"damage":0,"enemies":"3 Shapes","floor":35,"turns":3},{"damage":33,"enemies":"Mysterious Sphere","floor":37,"turns":5},{"damage":0,"enemies":"3 Darklings","floor":41,"turns":5},{"damage":21,"enemies":"Transient","floor":42,"turns":5},{"damage":23,"enemies":"2 Orb Walkers","floor":45,"turns":5},{"damage":1,"enemies":"Mind Bloom Boss Battle","floor":46,"turns":5},{"damage":19,"enemies":"Maw","floor":47,"turns":5},{"damage":0,"enemies":"Reptomancer","floor":48,"turns":2},{"damage":91,"enemies":"Time Eater","floor":50,"turns":8}],"seed_played":"2465090560228172181","potions_obtained":[{"floor":3,"key":"Block Potion"},{"floor":7,"key":"FearPotion"},{"floor":8,"key":"Fire Potion"},{"floor":13,"key":"SkillPotion"},{"floor":18,"key":"Explosive Potion"},{"floor":20,"key":"EssenceOfSteel"},{"floor":22,"key":"SkillPotion"},{"floor":28,"key":"EssenceOfSteel"},{"floor":31,"key":"Strength Potion"},{"floor":33,"key":"Energy Potion"},{"floor":41,"key":"Explosive Potion"},{"floor":46,"key":"LiquidBronze"}],"is_trial":false,"path_per_floor":["M","?","M","?","M","?","M","E","T","E","M","$","M","E","R","B",null,"M","M","M","M","M","E","M","E","T","E","M","M","R","M","R","B",null,"M","?","?","?","T","R","M","M","T","$","E","?","M","M","R"],"character_chosen":"THE_SILENT","items_purchased":["Bandage Up","Bouncing Flask","Bird Faced Urn","Lantern","Mayhem","Backstab","Distraction"],"campfire_rested":3,"item_purchase_floors":[12,12,44,44,44,44,44],"current_hp_per_floor":[66,52,52,52,52,52,49,35,35,22,22,22,26,18,39,21,84,80,74,64,60,64,67,69,67,67,43,47,30,30,29,54,43,84,84,84,51,51,51,51,57,42,42,42,31,44,37,41,66,0],"gold":451,"neow_bonus":"","is_prod":false,"is_daily":false,"chose_seed":false,"campfire_upgraded":2,"win_rate":0.0,"timestamp":1538498347,"path_taken":["M","?","M","?","M","?","?","E","T","E","M","$","M","E","R","BOSS","M","M","M","M","M","E","M","E","T","E","M","?","R","M","R","BOSS","M","?","?","?","?","R","M","?","T","$","E","?","M","M","R","BOSS"],"build_version":"2018-09-27","purchased_purges":1,"victory":false,"max_hp_per_floor":[70,70,70,70,70,70,70,70,70,70,70,70,70,70,70,70,84,84,84,84,84,84,84,84,84,84,84,84,84,84,84,84,84,84,84,84,84,84,84,84,84,84,84,84,84,84,84,84,84,84],"card_choices":[{"not_picked":["Deflect","Dagger Spray"],"picked":"Deadly Poison","floor":1},{"not_picked":["Poisoned Stab","Blade Dance"],"picked":"Backstab","floor":3},{"not_picked":["Eviscerate","Prepared"],"picked":"Masterful Stab","floor":5},{"not_picked":["Riddle With Holes","Skewer"],"picked":"Noxious Fumes","floor":7},{"not_picked":["Escape Plan","Flechettes"],"picked":"Deflect","floor":8},{"not_picked":["Underhanded Strike","Masterful Stab"],"picked":"Finisher","floor":10},{"not_picked":["Quick Slash","Backflip"],"picked":"Masterful Stab","floor":11},{"not_picked":["Backflip","Riddle With Holes"],"picked":"Malaise","floor":13},{"not_picked":["Acrobatics","Prepared"],"picked":"Predator","floor":14},{"not_picked":["Phantasmal Killer","Burst"],"picked":"After Image","floor":16},{"not_picked":["Slice","Well Laid Plans"],"picked":"Deflect","floor":18},{"not_picked":["Prepared","Sucker Punch"],"picked":"Deadly Poison","floor":19},{"not_picked":["Acrobatics+1","Finisher"],"picked":"Escape Plan","floor":20},{"not_picked":["All Out Attack","Crippling Poison"],"picked":"Terror+1","floor":21},{"not_picked":["Prepared","Skewer+1"],"picked":"Infinite Blades","floor":22},{"not_picked":["PiercingWail","Dagger Spray"],"picked":"Noxious Fumes+1","floor":23},{"not_picked":["Burst","Dagger Throw"],"picked":"Escape Plan+1","floor":24},{"not_picked":["Blade Dance","Acrobatics"],"picked":"All Out Attack+1","floor":25},{"not_picked":["Prepared","Finisher","All Out Attack"],"picked":"SKIP","floor":27},{"not_picked":["Blur","Calculated Gamble"],"picked":"Bouncing Flask","floor":28},{"not_picked":["Dagger Spray","Quick Slash"],"picked":"Outmaneuver","floor":29},{"not_picked":["Prepared","Quick Slash"],"picked":"Leg Sweep","floor":31},{"not_picked":["Venomology","Unload"],"picked":"Adrenaline","floor":33},{"not_picked":["Expertise+1","Dodge and Roll"],"picked":"Slice","floor":35},{"not_picked":["Acrobatics+1","Well Laid Plans+1"],"picked":"Slice+1","floor":37},{"not_picked":["Flying Knee+1","Blade Dance"],"picked":"Outmaneuver+1","floor":41},{"not_picked":["Deflect+1","Eviscerate+1"],"picked":"Backflip+1","floor":42},{"not_picked":["Expertise+1","Malaise"],"picked":"Backstab","floor":45},{"not_picked":["Acrobatics","Well Laid Plans+1"],"picked":"Flying Knee","floor":46},{"not_picked":["Blade Dance+1","Slice+1"],"picked":"Prepared+1","floor":47},{"not_picked":["Quick Slash","Underhanded Strike+1"],"picked":"Infinite Blades+1","floor":48}],"player_experience":20889,"relics_obtained":[{"floor":8,"key":"Happy Flower"},{"floor":9,"key":"Omamori"},{"floor":10,"key":"Centennial Puzzle"},{"floor":14,"key":"MawBank"},{"floor":17,"key":"Mango"},{"floor":17,"key":"Letter Opener"},{"floor":17,"key":"Snake Skull"},{"floor":23,"key":"Bottled Lightning"},{"floor":25,"key":"Ancient Tea Set"},{"floor":26,"key":"Mummified Hand"},{"floor":27,"key":"Boot"},{"floor":37,"key":"Pocketwatch"},{"floor":39,"key":"Pen Nib"},{"floor":43,"key":"Bag of Preparation"},{"floor":45,"key":"Mercury Hourglass"},{"floor":45,"key":"Frozen Egg 2"},{"floor":46,"key":"Gambling Chip"}],"event_choices":[{"event_name":"Shining Light","player_choice":"Entered Light","floor":2,"damage_taken":0},{"event_name":"Purifier","player_choice":"One Purge","floor":4,"damage_taken":0},{"event_name":"Living Wall","player_choice":"Grow","floor":6,"damage_taken":0},{"event_name":"Transmorgrifier","player_choice":"Skipped","floor":36,"damage_taken":0},{"event_name":"Mysterious Sphere","player_choice":"Fight","floor":37,"damage_taken":0},{"event_name":"Golden Shrine","player_choice":"Pray","floor":38,"damage_taken":0},{"event_name":"MindBloom","player_choice":"Fight","floor":46,"damage_taken":0}],"is_beta":false,"boss_relics":[{"not_picked":["White Beast Statue","HoveringKite"],"picked":"Calling Bell"},{"not_picked":["Philosopher\u0027s Stone","Lizard Tail"],"picked":"Black Star"}],"items_purged_floors":[44],"is_endless":false,"potions_floor_spawned":[3,7,8,13,18,20,22,23,28,31,33,41,46,47],"killed_by":"Time Eater","ascension_level":0}