{"gold_per_floor":[118,118,131,145,3,3,22,22,104,139,149,149,74,89,89,161,161,178,178,158,169,180,180,197,213,213,213,230,241,268,286,286,286],"floor_reached":33,"playtime":1068,"items_purged":["Strike_R"],"score":565,"play_id":"283a7468-69a3-4ae3-845d-dc3bd44d7bb6","local_time":"20181006215623","is_ascension_mode":true,"campfire_choices":[{"data":"Second Wind","floor":6.0,"key":"SMITH"},{"data":"Bash","floor":8.0,"key":"SMITH"},{"data":"Seeing Red","floor":12.0,"key":"SMITH"},{"data":"Havoc","floor":15.0,"key":"SMITH"},{"floor":23,"key":"REST"},{"floor":27,"key":"REST"},{"floor":32,"key":"REST"}],"neow_cost":"NONE","seed_source_timestamp":51084786976821,"circlet_count":0,"master_deck":["Strike_R","Strike_R","Strike_R","Defend_R","Defend_R","Defend_R","Defend_R","Bash+1","AscendersBane","Whirlwind+1","Thunderclap","Second Wind+1","Anger","Impervious","Twin Strike","Seeing Red+1","Offering","Havoc+1","Impervious","Flame Barrier","Twin Strike","Body Slam+1","Intimidate","Warcry+1","Flame Barrier+1"],"special_seed":0,"relics":["Burning Blood","Pear","Potion Belt","Mark of Pain","Gremlin Horn","Toxic Egg 2"],"potions_floor_usage":[20,25,30,30,30,33,33,33],"damage_taken":[{"damage":8.0,"enemies":"Jaw Worm","floor":1.0,"turns":5.0},{"damage":6.0,"enemies":"Cultist","floor":3.0,"turns":3.0},{"damage":0.0,"enemies":"2 Louse","floor":4.0,"turns":1.0},{"damage":18.0,"enemies":"Exordium Thugs","floor":7.0,"turns":5.0},{"damage":24.0,"enemies":"Gremlin Nob","floor":10.0,"turns":5.0},{"damage":4.0,"enemies":"2 Fungi Beasts","floor":11.0,"turns":4.0},{"damage":6.0,"enemies":"Red Slaver","floor":14.0,"turns":1.0},{"damage":0.0,"enemies":"Slime Boss","floor":16.0,"turns":4.0},{"damage":23.0,"enemies":"2 Thieves","floor":18.0,"turns":4.0},{"damage":6,"enemies":"Shell Parasite","floor":21,"turns":4},{"damage":35,"enemies":"Cultist and Chosen","floor":22,"turns":7},{"damage":24,"enemies":"Chosen and Byrds","floor":24,"turns":7},{"damage":17,"enemies":"Sentry and Sphere","floor":25,"turns":3},{"damage":21,"enemies":"Snecko","floor":28,"turns":4},{"damage":32,"enemies":"Centurion and Healer","floor":29,"turns":7},{"damage":57,"enemies":"Book of Stabbing","floor":30,"turns":6},{"damage":20,"enemies":"Cultist and Chosen","floor":31,"turns":7},{"damage":63,"enemies":"Collector","floor":33,"turns":6}],"seed_played":"7370774343475114325","potions_obtained":[{"floor":3.0,"key":"Strength Potion"},{"floor":7.0,"key":"EntropicBrew"},{"floor":20,"key":"Fruit Juice"},{"floor":22,"key":"SteroidPotion"},{"floor":28,"key":"Regen Potion"},{"floor":30,"key":"EssenceOfSteel"},{"floor":31,"key":"Poison Potion"}],"is_trial":false,"path_per_floor":["M","?","M","M","$","R","M","R","T","E","M","R","$","M","R","B",null,"M","?","?","M","M","R","M","M","T","R","M","M","E","M","R"],"character_chosen":"IRONCLAD","items_purchased":["Impervious"],"campfire_rested":3,"item_purchase_floors":[5],"current_hp_per_floor":[66,66,66,72,72,72,60,60,70,52,54,54,54,54,54,60,79,62,62,67,67,38,65,47,36,36,63,48,22,36,22,49,0],"gold":286,"neow_bonus":"THREE_CARDS","is_prod":false,"is_daily":false,"chose_seed":false,"campfire_upgraded":4,"win_rate":0,"timestamp":1538888183,"path_taken":["M","?","M","M","?","R","M","R","T","E","M","R","$","M","R","BOSS","M","?","?","M","?","R","M","M","T","R","?","M","E","M","R","BOSS"],"build_version":"2018-10-04v2","purchased_purges":1,"victory":false,"max_hp_per_floor":[75,75,75,75,75,75,75,75,85,85,85,85,85,85,85,85,85,85,85,90,90,90,90,90,90,90,90,90,90,90,90,90,90],"card_choices":[{"not_picked":["Cleave","Twin Strike"],"picked":"Whirlwind","floor":0.0},{"not_picked":["Perfected Strike","Sentinel"],"picked":"Thunderclap","floor":1.0},{"not_picked":["Twin Strike","Clothesline"],"picked":"Second Wind","floor":3.0},{"not_picked":["Heavy Blade","Cleave"],"picked":"Anger","floor":4.0},{"not_picked":["Perfected Strike","Body Slam"],"picked":"Twin Strike","floor":7.0},{"not_picked":["Wild Strike","Iron Wave"],"picked":"Seeing Red","floor":10.0},{"not_picked":["Thunderclap","Rage"],"picked":"Offering","floor":11.0},{"not_picked":["Wild Strike","Pommel Strike"],"picked":"Havoc","floor":14.0},{"not_picked":["Bludgeon","Barricade"],"picked":"Impervious","floor":16.0},{"not_picked":["Clash+1","Heavy Blade","Sentinel"],"picked":"SKIP","floor":18.0},{"not_picked":["Body Slam","Clothesline","Blood for Blood"],"picked":"SKIP","floor":21},{"not_picked":["Second Wind","Thunderclap"],"picked":"Twin Strike","floor":22},{"not_picked":["Clothesline","Anger+1","Armaments"],"picked":"SKIP","floor":24},{"not_picked":["Flame Barrier","Hemokinesis"],"picked":"Body Slam+1","floor":25},{"not_picked":["Berserk","Armaments"],"picked":"Intimidate","floor":28},{"not_picked":["Burning Pact","Warcry","Body Slam+1"],"picked":"SKIP","floor":29},{"not_picked":["Twin Strike","Sword Boomerang"],"picked":"Warcry","floor":30},{"not_picked":["Searing Blow","Rampage"],"picked":"Flame Barrier+1","floor":31}],"player_experience":1292436,"relics_obtained":[{"floor":9.0,"key":"Pear"},{"floor":10.0,"key":"Potion Belt"},{"floor":26,"key":"Gremlin Horn"},{"floor":30,"key":"Toxic Egg 2"}],"event_choices":[{"event_name":"Upgrade Shrine","player_choice":"Upgraded","floor":2.0,"damage_taken":0.0},{"event_name":"Transmorgrifier","player_choice":"Transform","floor":19.0,"damage_taken":0.0},{"event_name":"The Woman in Blue","player_choice":"Bought 1 Potion","floor":20,"damage_taken":0}],"is_beta":false,"boss_relics":[{"not_picked":["Coffee Dripper","Calling Bell"],"picked":"Mark of Pain"}],"items_purged_floors":[13],"is_endless":false,"potions_floor_spawned":[3,7,16,22,28,30,31],"killed_by":"Collector","ascension_level":15}