{"gold_per_floor":[113,113,126,136,166,166,180,213,213,213,43,43,43,43,43,43],"floor_reached":16,"playtime":628,"items_purged":[],"score":147,"play_id":"7e510740-1e39-4f0b-9919-44be11192a22","local_time":"20190414010724","is_ascension_mode":true,"campfire_choices":[{"data":"Body Slam","floor":6,"key":"SMITH"},{"floor":10,"key":"REST"},{"data":"Apotheosis","floor":12,"key":"SMITH"},{"data":"Havoc","floor":13,"key":"SMITH"},{"floor":15,"key":"REST"}],"neow_cost":"NONE","seed_source_timestamp":143895855039600,"circlet_count":0,"master_deck":["AscendersBane","Strike_R","Strike_R","Strike_R","Strike_R","Defend_R","Defend_R","Defend_R","Defend_R","Bash","Body Slam+1","Power Through","Havoc+1","Clothesline","Flex","Apotheosis+1"],"relics":["Burning Blood","Tiny Chest","WingedGreaves","Letter Opener"],"potions_floor_usage":[7,16],"damage_taken":[{"damage":5,"enemies":"Small Slimes","floor":1,"turns":5},{"damage":0,"enemies":"Cultist","floor":3,"turns":3},{"damage":3,"enemies":"2 Louse","floor":4,"turns":3},{"damage":11,"enemies":"Exordium Wildlife","floor":7,"turns":7},{"damage":70,"enemies":"Lagavulin","floor":8,"turns":9},{"damage":82,"enemies":"Hexaghost","floor":16,"turns":12}],"seed_played":"-4985876638668967092","potions_obtained":[{"floor":4,"key":"SkillPotion"},{"floor":7,"key":"FairyPotion"},{"floor":8,"key":"LiquidBronze"}],"is_trial":false,"path_per_floor":["M","?","M","M","?","R","M","E","T","R","$","R","R","$","R","B"],"character_chosen":"IRONCLAD","items_purchased":["Apotheosis"],"campfire_rested":2,"item_purchase_floors":[11],"current_hp_per_floor":[81,81,87,88,85,85,80,16,16,42,42,42,42,42,68,0],"gold":43,"neow_bonus":"TEN_PERCENT_HP_BONUS","is_prod":false,"is_daily":false,"chose_seed":false,"campfire_upgraded":3,"win_rate":0,"timestamp":1555193244,"path_taken":["M","?","M","?","?","R","M","E","T","R","$","R","R","$","R","BOSS"],"build_version":"2019-01-23","purchased_purges":0,"victory":false,"max_hp_per_floor":[88,88,88,88,88,88,88,88,88,88,88,88,88,88,88,88],"card_choices":[{"not_picked":["Feel No Pain","Power Through"],"picked":"Body Slam","floor":1},{"not_picked":["Body Slam","True Grit"],"picked":"Havoc","floor":3},{"not_picked":["Warcry","Blood for Blood"],"picked":"Clothesline","floor":4},{"not_picked":["Entrench","Seeing Red"],"picked":"Flex","floor":7},{"not_picked":["Iron Wave","Clash","Fiend Fire"],"picked":"SKIP","floor":8}],"player_experience":247977,"relics_obtained":[{"floor":8,"key":"WingedGreaves"},{"floor":9,"key":"Letter Opener"}],"event_choices":[{"damage_healed":0,"gold_gain":0,"cards_transformed":["Strike_R"],"player_choice":"Transformed","damage_taken":0,"max_hp_gain":0,"max_hp_loss":0,"event_name":"Transmorgrifier","floor":2,"gold_loss":0,"cards_obtained":["Power Through"]},{"damage_healed":0,"gold_gain":0,"player_choice":"Success","damage_taken":3,"relics_obtained":["Tiny Chest"],"max_hp_gain":0,"max_hp_loss":0,"event_name":"Scrap Ooze","floor":5,"gold_loss":0}],"is_beta":false,"boss_relics":[],"items_purged_floors":[],"is_endless":false,"potions_floor_spawned":[4,7,8],"killed_by":"Hexaghost","ascension_level":10}