{"gold_per_floor":[115,126,49,67,67,67,102,102,102,128,157,157,157,187,187,260,260,273,289,203,217,138,138,166,183,183,200,227,241,241,270,270,348,348,361,287,315,330,19,19,52,71,71,91,91,116,132,166,166,166,166,166,166,41,66,66],"floor_reached":57,"playtime":2556,"items_purged":[],"score":3466,"play_id":"79b0c2af-82f4-4e2e-a043-1c9ab44cf8b5","local_time":"20190202193916","daily_mods":["SealedDeck","DeadlyEvents","Elite Swarm"],"is_ascension_mode":true,"campfire_choices":[{"data":"Defragment","floor":6,"key":"SMITH"},{"data":"Fission","floor":8,"key":"SMITH"},{"data":"Rainbow","floor":13,"key":"SMITH"},{"data":"Storm","floor":15,"key":"SMITH"},{"data":"Buffer","floor":23,"key":"SMITH"},{"data":"Heatsinks","floor":30,"key":"SMITH"},{"data":"Capacitor","floor":32,"key":"SMITH"},{"data":"Capacitor","floor":40,"key":"SMITH"},{"data":"Heatsinks","floor":45,"key":"SMITH"},{"floor":49,"key":"RECALL"},{"data":"Thunder Strike","floor":53,"key":"SMITH"}],"neow_cost":"","seed_source_timestamp":0,"circlet_count":0,"master_deck":["AscendersBane","Coolheaded","Compile Driver","Gash","Sweeping Beam","Genetic Algorithm","Coolheaded","Coolheaded","Coolheaded","Ball Lightning","Storm+1","Defragment+1","Fission+1","Rainbow+1","Biased Cognition","Buffer+1","Genetic Algorithm","Self Repair","Hello World","Static Discharge","Rainbow","Loop","Creative AI","Defragment","Heatsinks+1","Glacier+1","Thunder Strike+1","Leap+1","Capacitor+1","Electrodynamics","Amplify+1","Reinforced Body+1","Coolheaded+1","Fission+1","Coolheaded+1","Capacitor+1","Defragment","Hello World","Defragment","Static Discharge","Biased Cognition","Coolheaded+1","Heatsinks+1","Decay","Core Surge","Conserve Battery+1","Electrodynamics","Leap+1","Coolheaded+1","Fission+1","Self Repair+1","Storm+1","Echo Form+1"],"relics":["FrozenCore","Sundial","Mummified Hand","DataDisk","Girya","Prayer Wheel","Oddly Smooth Stone","Toxic Egg 2","The Courier","Matryoshka","Cursed Key","Strawberry","Shovel","Ice Cream","Bag of Marbles","Question Card","Omamori","Frozen Egg 2","Bronze Scales"],"potions_floor_usage":[48,56],"damage_taken":[{"damage":11,"enemies":"2 Louse","floor":1,"turns":2},{"damage":2,"enemies":"Cultist","floor":2,"turns":3},{"damage":3,"enemies":"Jaw Worm","floor":4,"turns":5},{"damage":10,"enemies":"Gremlin Nob","floor":7,"turns":4},{"damage":0,"enemies":"3 Sentries","floor":10,"turns":5},{"damage":2,"enemies":"Lagavulin","floor":11,"turns":4},{"damage":0,"enemies":"Gremlin Nob","floor":14,"turns":3},{"damage":1,"enemies":"Slime Boss","floor":16,"turns":7},{"damage":0,"enemies":"Spheric Guardian","floor":18,"turns":3},{"damage":0,"enemies":"Chosen","floor":19,"turns":4},{"damage":27,"enemies":"Shelled Parasite and Fungi","floor":21,"turns":2},{"damage":14,"enemies":"Slavers","floor":24,"turns":4},{"damage":0,"enemies":"Centurion and Healer","floor":25,"turns":4},{"damage":0,"enemies":"Sentry and Sphere","floor":27,"turns":3},{"damage":0,"enemies":"Book of Stabbing","floor":28,"turns":3},{"damage":0,"enemies":"3 Cultists","floor":29,"turns":4},{"damage":0,"enemies":"Slavers","floor":31,"turns":3},{"damage":0,"enemies":"Champ","floor":33,"turns":4},{"damage":8,"enemies":"Orb Walker","floor":35,"turns":2},{"damage":11,"enemies":"Nemesis","floor":37,"turns":3},{"damage":0,"enemies":"3 Shapes","floor":38,"turns":2},{"damage":0,"enemies":"Reptomancer","floor":41,"turns":2},{"damage":13,"enemies":"Writhing Mass","floor":42,"turns":4},{"damage":0,"enemies":"4 Shapes","floor":44,"turns":3},{"damage":1,"enemies":"Nemesis","floor":46,"turns":3},{"damage":0,"enemies":"Maw","floor":47,"turns":3},{"damage":0,"enemies":"Reptomancer","floor":48,"turns":5},{"damage":21,"enemies":"Awakened One","floor":50,"turns":5},{"damage":15,"enemies":"Time Eater","floor":51,"turns":4},{"damage":0,"enemies":"Shield and Spear","floor":55,"turns":3},{"damage":29,"enemies":"The Heart","floor":56,"turns":5}],"seed_played":"-1400395867106859817","potions_obtained":[{"floor":1,"key":"GamblersBrew"},{"floor":11,"key":"Weak Potion"},{"floor":16,"key":"PowerPotion"},{"floor":27,"key":"SkillPotion"}],"is_trial":true,"path_per_floor":["M","M","$","M","?","R","E","R","T","E","E","?","R","E","R","B",null,"M","M","$","M","$","R","E","M","T","M","E","M","R","E","R","B",null,"M","?","E","M","$","R","E","M","T","M","R","E","M","E","R","B","B",null,"R","$","E","B",null],"character_chosen":"DEFECT","items_purchased":["Defragment","Static Discharge","Loop","Capacitor","Defragment","Hello World","Defragment","Static Discharge","Self Repair+1","Storm+1"],"campfire_rested":0,"item_purchase_floors":[3,20,22,39,39,39,39,39,54,54],"current_hp_per_floor":[53,51,51,48,48,48,38,38,38,38,36,25,25,25,25,24,59,59,59,59,32,32,32,25,32,32,39,46,53,53,60,60,67,70,62,69,65,72,72,72,72,66,66,73,73,78,78,78,78,71,56,73,73,73,78,66],"gold":66,"neow_bonus":"","is_prod":false,"is_daily":false,"chose_seed":true,"campfire_upgraded":10,"win_rate":0,"timestamp":1549165156,"path_taken":["M","M","$","M","?","R","E","R","T","E","?","?","R","E","R","BOSS","M","M","$","M","$","R","E","M","T","M","E","M","R","E","R","BOSS","M","?","?","M","$","R","E","M","T","M","R","E","M","E","R","BOSS","BOSS","R","$","E","BOSS"],"build_version":"2019-01-23","purchased_purges":0,"victory":true,"max_hp_per_floor":[71,71,71,71,71,71,71,71,71,71,71,71,71,71,71,71,71,71,71,71,71,71,71,71,71,71,71,71,71,71,71,71,71,71,71,78,78,78,78,78,78,78,78,78,78,78,78,78,78,78,78,78,78,78,78,78],"card_choices":[{"not_picked":["Turbo","Compile Driver","Leap"],"picked":"SKIP","floor":1},{"not_picked":["Ball Lightning","Sweeping Beam","Barrage"],"picked":"SKIP","floor":2},{"not_picked":["Stack","Ball Lightning","Beam Cell"],"picked":"SKIP","floor":4},{"not_picked":["Core Surge","Amplify"],"picked":"Fission","floor":7},{"not_picked":["Fission","Thunder Strike"],"picked":"Rainbow","floor":10},{"not_picked":["Core Surge","Seek"],"picked":"Biased Cognition","floor":11},{"not_picked":["Amplify","Hyperbeam","Rainbow"],"picked":"SKIP","floor":14},{"not_picked":["Reboot","Meteor Strike"],"picked":"Buffer","floor":16},{"not_picked":["Chill","Barrage"],"picked":"Genetic Algorithm","floor":18},{"not_picked":["Auto Shields+1","Lockon+1","Hologram"],"picked":"SKIP","floor":18},{"not_picked":["Barrage","Turbo"],"picked":"Self Repair","floor":19},{"not_picked":["Steam","Redo"],"picked":"Hello World","floor":19},{"not_picked":["Go for the Eyes","Ball Lightning"],"picked":"Rainbow","floor":21},{"not_picked":["Melter","Steam+1","Conserve Battery"],"picked":"SKIP","floor":21},{"not_picked":["All For One","Rainbow"],"picked":"Creative AI","floor":24},{"not_picked":["Sweeping Beam","Stack+1"],"picked":"Defragment","floor":25},{"not_picked":["Turbo+1","Barrage"],"picked":"Heatsinks","floor":25},{"not_picked":["Barrage","Cold Snap"],"picked":"Glacier+1","floor":27},{"not_picked":["Conserve Battery+1","Rainbow+1","Sweeping Beam"],"picked":"SKIP","floor":27},{"not_picked":["Creative AI","Amplify+1"],"picked":"Thunder Strike","floor":28},{"not_picked":["Recycle+1","Turbo+1"],"picked":"Leap+1","floor":29},{"not_picked":["Compile Driver","Redo+1"],"picked":"Capacitor","floor":29},{"not_picked":["Buffer","Hyperbeam"],"picked":"Electrodynamics","floor":31},{"not_picked":["Hyperbeam","Thunder Strike"],"picked":"Amplify+1","floor":33},{"not_picked":["Stack+1","Ball Lightning"],"picked":"Reinforced Body+1","floor":35},{"not_picked":["Double Energy+1","Ball Lightning"],"picked":"Coolheaded+1","floor":35},{"not_picked":["Meteor Strike","Amplify+1"],"picked":"Fission+1","floor":37},{"not_picked":["Reprogram+1","Ball Lightning"],"picked":"Coolheaded+1","floor":38},{"not_picked":["Steam+1","Melter","Sunder"],"picked":"SKIP","floor":38},{"not_picked":["Thunder Strike","Amplify+1"],"picked":"Biased Cognition","floor":41},{"not_picked":["FTL","Fusion+1"],"picked":"Coolheaded+1","floor":42},{"not_picked":["Storm","Sweeping Beam"],"picked":"Heatsinks","floor":42},{"not_picked":["Steam Power+1","Tempest+1","Scrape+1"],"picked":"Core Surge","floor":44},{"not_picked":["Steam+1","Stack+1","Gash"],"picked":"Conserve Battery+1","floor":44},{"not_picked":["Hyperbeam","Machine Learning","Meteor Strike"],"picked":"Electrodynamics","floor":46},{"not_picked":["Steam+1","Hologram+1","Stack+1"],"picked":"Leap+1","floor":47},{"not_picked":["Auto Shields+1","Fusion+1","Lockon+1"],"picked":"Coolheaded+1","floor":47},{"not_picked":["Amplify+1","Biased Cognition","Meteor Strike"],"picked":"Fission+1","floor":48},{"not_picked":["Thunder Strike","Amplify+1","Electrodynamics+1"],"picked":"Echo Form+1","floor":55}],"player_experience":2139602,"relics_obtained":[{"floor":7,"key":"Sundial"},{"floor":9,"key":"Mummified Hand"},{"floor":10,"key":"DataDisk"},{"floor":11,"key":"Girya"},{"floor":14,"key":"Oddly Smooth Stone"},{"floor":24,"key":"Toxic Egg 2"},{"floor":28,"key":"The Courier"},{"floor":31,"key":"Matryoshka"},{"floor":37,"key":"Shovel"},{"floor":41,"key":"Ice Cream"},{"floor":43,"key":"Bag of Marbles"},{"floor":43,"key":"Question Card"},{"floor":46,"key":"Omamori"},{"floor":48,"key":"Frozen Egg 2"},{"floor":55,"key":"Bronze Scales"}],"event_choices":[{"damage_healed":0,"gold_gain":0,"player_choice":"Ignored","damage_taken":0,"max_hp_gain":0,"max_hp_loss":0,"event_name":"Transmorgrifier","floor":5,"gold_loss":0},{"damage_healed":0,"gold_gain":0,"player_choice":"Success","damage_taken":11,"relics_obtained":["Prayer Wheel"],"max_hp_gain":0,"max_hp_loss":0,"event_name":"Scrap Ooze","floor":12,"gold_loss":0},{"damage_healed":0,"gold_gain":0,"player_choice":"Paid Gold","damage_taken":0,"relics_obtained":["Strawberry"],"max_hp_gain":0,"max_hp_loss":0,"event_name":"WeMeetAgain","floor":36,"gold_loss":74}],"is_beta":false,"boss_relics":[{"not_picked":["White Beast Statue","Snecko Eye"],"picked":"FrozenCore"},{"not_picked":["Calling Bell","Busted Crown"],"picked":"Cursed Key"}],"items_purged_floors":[],"is_endless":false,"potions_floor_spawned":[1,11,16,18,24,27,29,35,42,47],"ascension_level":20}