{"gold_per_floor":[116,133,153,166,176,210,210,210,210,245,245,21,21,33,33,33],"floor_reached":16,"playtime":672,"items_purged":["Strike_R"],"score":196,"play_id":"47312b1c-328f-49f1-991d-2de7c5028f08","local_time":"20180927010706","is_ascension_mode":true,"campfire_choices":[{"data":"Clothesline","floor":7,"key":"SMITH"},{"data":"Shrug It Off","floor":11,"key":"SMITH"},{"data":"Cleave","floor":15,"key":"SMITH"}],"neow_cost":"NONE","seed_source_timestamp":12657008898628,"circlet_count":0,"master_deck":["Strike_R","Strike_R","Strike_R+1","Strike_R+1","Defend_R","Defend_R","Defend_R","Defend_R","Bash+1","AscendersBane","Shrug It Off+1","Twin Strike","Clothesline+1","Clothesline","Reaper","Shrug It Off","Warcry","Cleave+1"],"relics":["Burning Blood","Dodecahedron","Mummified Hand","Question Card","Happy Flower"],"potions_floor_usage":[10,16],"damage_taken":[{"damage":3,"enemies":"Small Slimes","floor":1,"turns":4},{"damage":1,"enemies":"Jaw Worm","floor":2,"turns":5},{"damage":0,"enemies":"Cultist","floor":3,"turns":3},{"damage":0,"enemies":"Looter","floor":4,"turns":4},{"damage":11,"enemies":"2 Fungi Beasts","floor":5,"turns":3},{"damage":44,"enemies":"Lagavulin","floor":6,"turns":8},{"damage":14,"enemies":"3 Sentries","floor":10,"turns":7},{"damage":10,"enemies":"Exordium Wildlife","floor":14,"turns":3},{"damage":38,"enemies":"Hexaghost","floor":16,"turns":12}],"seed_played":"1073572556844020092","potions_obtained":[{"floor":1,"key":"SmokeBomb"},{"floor":3,"key":"FearPotion"},{"floor":6,"key":"PowerPotion"}],"is_trial":false,"path_per_floor":["M","M","M","M","M","E","R","?","T","E","R","$","?","M","R"],"character_chosen":"IRONCLAD","items_purchased":["Happy Flower"],"campfire_rested":0,"item_purchase_floors":[12],"current_hp_per_floor":[71,75,75,75,70,38,38,15,15,23,23,23,28,32,32,0],"gold":33,"neow_bonus":"UPGRADE_CARD","is_prod":false,"is_daily":false,"chose_seed":false,"campfire_upgraded":3,"win_rate":0,"timestamp":1538003226,"path_taken":["M","M","M","M","M","E","R","?","T","E","R","$","?","M","R","BOSS"],"build_version":"2018-09-20","purchased_purges":1,"victory":false,"max_hp_per_floor":[75,75,75,75,75,75,75,75,75,75,75,75,80,80,80,80],"card_choices":[{"not_picked":["Second Wind","Whirlwind"],"picked":"Shrug It Off","floor":1},{"not_picked":["Warcry","Rage"],"picked":"Twin Strike","floor":2},{"not_picked":["Headbutt","Sword Boomerang"],"picked":"Clothesline","floor":3},{"not_picked":["Thunderclap","Warcry"],"picked":"Clothesline","floor":4},{"not_picked":["Perfected Strike","Armaments"],"picked":"Reaper","floor":5},{"not_picked":["Dual Wield","Burning Pact"],"picked":"Shrug It Off","floor":6},{"not_picked":["Reckless Charge","Iron Wave"],"picked":"Warcry","floor":10},{"not_picked":["Clothesline","Second Wind","Body Slam"],"picked":"Cleave","floor":14}],"player_experience":270092,"relics_obtained":[{"floor":6,"key":"Dodecahedron"},{"floor":9,"key":"Mummified Hand"},{"floor":10,"key":"Question Card"}],"event_choices":[{"event_name":"Shining Light","player_choice":"Entered Light","floor":8,"damage_taken":0},{"event_name":"Big Fish","player_choice":"Donut","floor":13,"damage_taken":0}],"is_beta":false,"boss_relics":[],"items_purged_floors":[12],"is_endless":false,"potions_floor_spawned":[1,3,6],"killed_by":"Hexaghost","ascension_level":15}