{"gold_per_floor":[119,119,119,3,14,14,14,14,14,33,59,59,72,72],"floor_reached":14,"playtime":371,"items_purged":["Defend_G"],"score":176,"play_id":"2f97677a-7fe0-4dcd-a996-1bafd4554f8b","local_time":"20181202160433","is_ascension_mode":true,"campfire_choices":[{"data":"Endless Agony","floor":6,"key":"SMITH"},{"data":"Masterful Stab","floor":8,"key":"SMITH"},{"data":"Neutralize","floor":12,"key":"SMITH"}],"neow_cost":"NONE","seed_source_timestamp":15565219592791,"circlet_count":0,"master_deck":["AscendersBane","Defend_G","Defend_G","Defend_G","Strike_G","Strike_G","Strike_G","Strike_G","Survivor","Neutralize+1","Backflip","Endless Agony+1","Masterful Stab+1","Blur","Catalyst"],"relics":["Empty Cage","The Courier","Matryoshka"],"potions_floor_usage":[11],"damage_taken":[{"damage":7,"enemies":"2 Louse","floor":1,"turns":3},{"damage":0,"enemies":"Jaw Worm","floor":5,"turns":3},{"damage":1,"enemies":"Cultist","floor":10,"turns":3},{"damage":35,"enemies":"Gremlin Nob","floor":11,"turns":5},{"damage":0,"enemies":"Blue Slaver","floor":13,"turns":4},{"damage":28,"enemies":"Lagavulin","floor":14,"turns":7}],"seed_played":"8088022675117357644","potions_obtained":[{"floor":5,"key":"Weak Potion"},{"floor":10,"key":"Weak Potion"}],"is_trial":false,"path_per_floor":["M","?","?","$","M","R","$","R","T","M","E","R","M","E"],"character_chosen":"THE_SILENT","items_purchased":["Endless Agony"],"campfire_rested":0,"item_purchase_floors":[4],"current_hp_per_floor":[52,52,57,57,57,57,57,57,57,56,21,21,21,0],"gold":72,"neow_bonus":"BOSS_RELIC","is_prod":false,"is_daily":false,"chose_seed":false,"campfire_upgraded":3,"win_rate":0,"timestamp":1543737873,"path_taken":["M","?","?","?","M","R","$","R","T","M","E","R","?","E"],"build_version":"2018-11-15","purchased_purges":1,"victory":false,"max_hp_per_floor":[66,66,71,71,71,71,71,71,71,71,71,71,71,71],"card_choices":[{"not_picked":["Sucker Punch","PiercingWail"],"picked":"Backflip","floor":1},{"not_picked":["PiercingWail","Choke"],"picked":"Masterful Stab","floor":5},{"not_picked":["Concentrate","Dodge and Roll","Backflip"],"picked":"SKIP","floor":10},{"not_picked":["Concentrate","Dodge and Roll","Backflip"],"picked":"SKIP","floor":10},{"not_picked":["Slice","Flechettes"],"picked":"Blur","floor":11},{"not_picked":["Outmaneuver","Dagger Throw"],"picked":"Catalyst","floor":13}],"player_experience":2270138,"relics_obtained":[{"floor":9,"key":"The Courier"},{"floor":11,"key":"Matryoshka"}],"event_choices":[{"damage_healed":0,"gold_gain":0,"player_choice":"Ignored","damage_taken":0,"max_hp_gain":0,"max_hp_loss":0,"event_name":"Shining Light","floor":2,"gold_loss":0},{"damage_healed":0,"gold_gain":0,"player_choice":"Donut","damage_taken":0,"max_hp_gain":5,"max_hp_loss":0,"event_name":"Big Fish","floor":3,"gold_loss":0}],"is_beta":false,"boss_relics":[],"items_purged_floors":[4],"is_endless":false,"potions_floor_spawned":[5,10],"killed_by":"Lagavulin","ascension_level":20}