{"gold_per_floor":[10,10,20,36,56,56,90,90,116,178,178,197,197,211,211,288,288,300,63,63,63,83,83,109,109,132,132,151,151,186,186,186,186],"floor_reached":33,"playtime":1281,"items_purged":["Strike_R"],"score":541,"play_id":"bdd1e2f1-58cf-4661-880a-9d776999da9e","local_time":"20181020202040","is_ascension_mode":true,"campfire_choices":[{"data":"Bash","floor":6.0,"key":"SMITH"},{"data":"Havoc","floor":11.0,"key":"SMITH"},{"data":"True Grit","floor":13.0,"key":"SMITH"},{"data":"Fiend Fire","floor":15.0,"key":"SMITH"},{"floor":23.0,"key":"REST"},{"floor":25.0,"key":"REST"},{"data":"Disarm","floor":27.0,"key":"SMITH"},{"floor":32,"key":"REST"}],"neow_cost":"NO_GOLD","seed_source_timestamp":129214293398912,"circlet_count":0,"master_deck":["Defend_R","Defend_R","Defend_R","Defend_R+1","Bash+1","AscendersBane","Fiend Fire+1","True Grit+1","Anger","Pommel Strike+1","Havoc+1","Twin Strike","Shrug It Off","Brutality","Shockwave","Evolve","Disarm+1","Armaments","Spot Weakness","Pommel Strike","Uppercut+1","Bite","Bite","Bite","Bite","Bite"],"special_seed":0,"relics":["Burning Blood","Art of War","Oddly Smooth Stone","Tiny Chest","Mark of Pain","Boot","Red Skull","Question Card"],"potions_floor_usage":[30,31,33],"damage_taken":[{"damage":1.0,"enemies":"Cultist","floor":1.0,"turns":4.0},{"damage":2.0,"enemies":"Jaw Worm","floor":3.0,"turns":4.0},{"damage":7.0,"enemies":"2 Louse","floor":4.0,"turns":3.0},{"damage":5.0,"enemies":"Looter","floor":5.0,"turns":3.0},{"damage":5.0,"enemies":"Gremlin Nob","floor":7.0,"turns":3.0},{"damage":22.0,"enemies":"3 Sentries","floor":10.0,"turns":7.0},{"damage":15.0,"enemies":"3 Louse","floor":12.0,"turns":2.0},{"damage":0.0,"enemies":"Red Slaver","floor":14.0,"turns":4.0},{"damage":28.0,"enemies":"The Guardian","floor":16.0,"turns":12.0},{"damage":11.0,"enemies":"Chosen","floor":18.0,"turns":5.0},{"damage":23.0,"enemies":"3 Byrds","floor":22.0,"turns":7.0},{"damage":29.0,"enemies":"Slavers","floor":24.0,"turns":4.0},{"damage":17.0,"enemies":"Centurion and Healer","floor":28.0,"turns":5.0},{"damage":64,"enemies":"Gremlin Leader","floor":30,"turns":9},{"damage":1,"enemies":"Snecko","floor":31,"turns":2},{"damage":69,"enemies":"Champ","floor":33,"turns":11}],"seed_played":"1970551794657709310","potions_obtained":[{"floor":4.0,"key":"SteroidPotion"},{"floor":5.0,"key":"Strength Potion"},{"floor":12.0,"key":"FearPotion"},{"floor":14.0,"key":"SkillPotion"},{"floor":18.0,"key":"Poison Potion"},{"floor":28.0,"key":"Explosive Potion"},{"floor":30,"key":"SmokeBomb"}],"is_trial":false,"path_per_floor":["M","$","M","M","M","R","E","?","T","E","R","M","R","M","R","B",null,"M","$","?","?","M","R","E","R","T","R","M","?","E","M","R"],"character_chosen":"IRONCLAD","items_purchased":["Evolve","Disarm","Armaments"],"campfire_rested":3,"item_purchase_floors":[19,19,19],"current_hp_per_floor":[73,73,75,74,75,75,75,52,52,36,36,27,27,33,33,11,59,54,54,54,54,37,59,36,58,58,58,47,47,9,16,31,0],"gold":186,"neow_bonus":"THREE_RARE_CARDS","is_prod":false,"is_daily":false,"chose_seed":false,"campfire_upgraded":5,"win_rate":0,"timestamp":1540092040,"path_taken":["M","?","M","M","M","R","E","?","T","E","R","M","R","M","R","BOSS","M","$","?","?","M","R","E","R","T","R","M","?","E","M","R","BOSS"],"build_version":"2018-10-18","purchased_purges":1,"victory":false,"max_hp_per_floor":[75,75,75,75,75,75,75,75,75,75,75,75,75,75,75,75,75,75,75,75,75,75,75,75,75,75,75,75,52,52,52,52,52],"card_choices":[{"not_picked":["Double Tap","Reaper"],"picked":"Fiend Fire","floor":0.0},{"not_picked":["Rupture","Havoc"],"picked":"True Grit","floor":1.0},{"not_picked":["Carnage","Cleave"],"picked":"Anger","floor":3.0},{"not_picked":["Disarm","Thunderclap"],"picked":"Pommel Strike","floor":4.0},{"not_picked":["Dark Embrace","Thunderclap"],"picked":"Havoc","floor":5.0},{"not_picked":["Rage","Armaments"],"picked":"Twin Strike","floor":7.0},{"not_picked":["Searing Blow","Heavy Blade","Perfected Strike"],"picked":"SKIP","floor":10.0},{"not_picked":["Wild Strike","Iron Wave"],"picked":"Shrug It Off","floor":12.0},{"not_picked":["Evolve","Warcry","Cleave"],"picked":"SKIP","floor":14.0},{"not_picked":["Double Tap","Bludgeon"],"picked":"Brutality","floor":16.0},{"not_picked":["Cleave","Shrug It Off+1"],"picked":"Shockwave","floor":18.0},{"not_picked":["Thunderclap","Clash+1"],"picked":"Pommel Strike","floor":22.0},{"not_picked":["Blood for Blood","Thunderclap"],"picked":"Uppercut+1","floor":24.0},{"not_picked":["Uppercut+1","Dark Embrace","Rampage"],"picked":"SKIP","floor":28.0},{"not_picked":["Wild Strike","Armaments","Twin Strike"],"picked":"SKIP","floor":30}],"player_experience":1402971,"relics_obtained":[{"floor":7.0,"key":"Art of War"},{"floor":9.0,"key":"Oddly Smooth Stone"},{"floor":10.0,"key":"Tiny Chest"},{"floor":24.0,"key":"Boot"},{"floor":26.0,"key":"Red Skull"},{"floor":30,"key":"Question Card"}],"event_choices":[{"damage_healed":0.0,"max_hp_gain":0.0,"max_hp_loss":0.0,"gold_gain":0.0,"event_name":"Shining Light","player_choice":"Entered Light","floor":8.0,"gold_loss":0.0,"damage_taken":23.0,"cards_upgraded":["Defend_R","Pommel Strike"]},{"damage_healed":0.0,"max_hp_gain":0.0,"max_hp_loss":0.0,"gold_gain":0.0,"event_name":"The Library","player_choice":"Read","floor":20.0,"gold_loss":0.0,"damage_taken":0.0,"cards_obtained":["Spot Weakness"]},{"damage_healed":0.0,"max_hp_gain":0.0,"max_hp_loss":0.0,"gold_gain":0.0,"event_name":"Beggar","player_choice":"Ignored","floor":21.0,"gold_loss":0.0,"damage_taken":0.0},{"damage_healed":0.0,"max_hp_gain":0.0,"max_hp_loss":23.0,"gold_gain":0.0,"event_name":"Vampires","player_choice":"Became a vampire","floor":29.0,"gold_loss":0.0,"damage_taken":0.0,"cards_obtained":["Bite","Bite","Bite","Bite","Bite"]}],"is_beta":false,"boss_relics":[{"not_picked":["Ectoplasm","Snecko Eye"],"picked":"Mark of Pain"}],"items_purged_floors":[19],"is_endless":false,"potions_floor_spawned":[4,5,12,14,18,22,28,30],"killed_by":"Champ","ascension_level":15}