{"path_per_floor":["M","M","M","M","M","E","R","M","T","R","M","R","M","E","R","B",null,"M","?","?","$","M","R","?","R","T","?","R","E","$","?","R","B",null,"M","$","?","M","T","R","M","R","T","R","E","M","R","?","R","B"],"character_chosen":"THE_SILENT","items_purchased":["Noxious Fumes","Regen Potion","Footwork","Leg Sweep","Calculated Gamble","Tiny Chest"],"gold_per_floor":[113,130,140,152,169,196,196,208,208,208,218,218,229,260,260,361,361,378,303,303,95,107,107,307,307,361,361,361,395,157,157,157,256,256,271,83,83,101,150,150,170,170,170,170,201,218,218,218,218,218],"floor_reached":51,"campfire_rested":5,"playtime":4083,"current_hp_per_floor":[70,70,70,68,68,64,64,57,57,57,50,50,39,26,47,33,70,37,37,21,21,21,42,42,63,63,63,63,44,44,44,44,26,70,68,68,68,64,64,64,45,45,45,66,58,46,67,67,67,9],"items_purged":["Strike_G","Strike_G"],"gold":218,"score":579,"play_id":"4f57c6f3-3ef8-4eca-8bda-249d886a83c9","is_prod":false,"is_daily":false,"is_ascension_mode":true,"campfire_upgraded":8,"path_taken":["M","?","M","M","M","E","R","?","T","R","M","R","?","E","R","BOSS","M","?","?","$","M","R","?","R","T","?","R","E","$","?","R","BOSS","M","$","?","?","?","R","M","R","T","R","E","M","R","?","R","BOSS"],"build_version":"2018-02-22-PROD2","purchased_purges":3,"victory":true,"master_deck":["Defend_G+1","Defend_G+1","Defend_G+1","Defend_G+1","Defend_G+1","Strike_G+1","Strike_G+1","Survivor","Neutralize","Prepared","Deadly Poison+1","Burst+1","Infinite Blades","Prepared","Backflip","Blade Dance","Cloak And Dagger","Deadly Poison+1","Outmaneuver","Outmaneuver+1","Cloak And Dagger","Corpse Explosion+1","Deadly Poison+1","Noxious Fumes+1","Prepared","Crippling Poison","Poisoned Stab","Footwork+1","Leg Sweep","Tools of the Trade+1","Blur+1","Calculated Gamble+1","Outmaneuver+1","Well Laid Plans+1","Bane+1","After Image+1"],"max_hp_per_floor":[70,70,70,70,70,70,70,70,70,70,70,70,70,70,70,70,70,70,70,70,70,70,70,70,70,70,70,70,70,70,70,70,70,70,70,70,70,70,70,70,70,70,70,70,70,70,70,70,70,70],"relics":["Ring of the Snake","Dream Catcher","Torii","Lantern","Black Star","Nilry\u0027s Codex","War Paint","Letter Opener","Bottled Lightning","The Specimen","Tiny Chest","Ancient Tea Set","Orichalcum","Blood Vial","Juzu Bracelet"],"card_choices":[{"not_picked":["Deflect","Quick Slash"],"picked":"Prepared"},{"not_picked":["Underhanded Strike","PiercingWail"],"picked":"Deadly Poison"},{"not_picked":["Backstab","Bane"],"picked":"Burst"},{"not_picked":["Blade Dance","Heel Hook"],"picked":"Infinite Blades"},{"not_picked":["Finisher","Acrobatics"],"picked":"Prepared"},{"not_picked":["All Out Attack","Underhanded Strike"],"picked":"Backflip"},{"not_picked":["Sucker Punch","Tactician"],"picked":"Blade Dance"},{"not_picked":["Eviscerate","Prepared"],"picked":"Cloak And Dagger"},{"not_picked":["Masterful Stab","Dodge and Roll"],"picked":"Deadly Poison"},{"not_picked":["Dagger Spray","Underhanded Strike"],"picked":"Outmaneuver"},{"not_picked":["Dagger Spray","Backflip"],"picked":"Outmaneuver"},{"not_picked":["Slice","Outmaneuver"],"picked":"Cloak And Dagger"},{"not_picked":["Tactician","Tools of the Trade"],"picked":"Corpse Explosion"},{"not_picked":["Flechettes","Predator"],"picked":"Deadly Poison"},{"not_picked":["Underhanded Strike","Endless Agony"],"picked":"Prepared"},{"not_picked":["All Out Attack","Terror"],"picked":"Crippling Poison"},{"not_picked":["Expertise","Underhanded Strike"],"picked":"Poisoned Stab"},{"not_picked":["Die Die Die","Storm of Steel"],"picked":"Tools of the Trade"},{"not_picked":["Quick Slash","Finisher"],"picked":"Blur"},{"not_picked":["Prepared","Blade Dance"],"picked":"Outmaneuver"},{"not_picked":["Dodge and Roll","Backflip"],"picked":"Well Laid Plans"},{"not_picked":["Cloak And Dagger","All Out Attack"],"picked":"Bane"},{"not_picked":["Eviscerate","Sucker Punch"],"picked":"After Image"}],"player_experience":53886,"potions_floor_usage":[33,41,45,50,50,50,50],"damage_taken":[{"damage":0.0,"enemies":"Cultist","floor":1.0,"turns":5.0},{"damage":0.0,"enemies":"2 Louse","floor":2.0,"turns":4.0},{"damage":0.0,"enemies":"Small Slimes","floor":3.0,"turns":4.0},{"damage":2.0,"enemies":"Blue Slaver","floor":4.0,"turns":5.0},{"damage":0.0,"enemies":"2 Fungi Beasts","floor":5.0,"turns":5.0},{"damage":4.0,"enemies":"Lagavulin","floor":6.0,"turns":10.0},{"damage":7.0,"enemies":"Large Slime","floor":8.0,"turns":8.0},{"damage":7.0,"enemies":"Blue Slaver","floor":11.0,"turns":4.0},{"damage":11.0,"enemies":"Exordium Thugs","floor":13.0,"turns":6.0},{"damage":13.0,"enemies":"Gremlin Nob","floor":14.0,"turns":4.0},{"damage":14.0,"enemies":"The Guardian","floor":16.0,"turns":10.0},{"damage":33.0,"enemies":"Chosen","floor":18.0,"turns":7.0},{"damage":15.0,"enemies":"3 Byrds","floor":22.0,"turns":6.0},{"damage":19.0,"enemies":"Slavers","floor":29.0,"turns":2.0},{"damage":18,"enemies":"Automaton","floor":33,"turns":7},{"damage":2,"enemies":"Orb Walker","floor":35,"turns":5},{"damage":4,"enemies":"3 Shapes","floor":38,"turns":3},{"damage":19,"enemies":"Sphere and 2 Shapes","floor":41,"turns":6},{"damage":8,"enemies":"Nemesis","floor":45,"turns":9},{"damage":14,"enemies":"3 Darklings","floor":46,"turns":6},{"damage":75,"enemies":"Donu and Deca","floor":50,"turns":14}],"event_choices":[{"event_name":"Beggar","player_choice":"Gave Gold","floor":19.0,"damage_taken":0.0},{"event_name":"Cursed Tome","player_choice":"Obtained Book","floor":20.0,"damage_taken":0.0},{"event_name":"Wheel of Change","player_choice":"Gold","floor":24.0,"damage_taken":0.0},{"event_name":"The Woman in Blue","player_choice":"Bought 0 Potions","floor":27.0,"damage_taken":0.0},{"event_name":"Back to Basics","player_choice":"Simplicity","floor":31,"damage_taken":0},{"event_name":"Accursed Blacksmith","player_choice":"Forge","floor":37,"damage_taken":0},{"event_name":"Upgrade Shrine","player_choice":"Upgraded","floor":48,"damage_taken":0}],"boss_relics":[{"not_picked":["Cursed Key","Eternal Feather"],"picked":"The Specimen"}],"potions_floor_spawned":[4,5,8,13,22,29,33,35],"seed_played":"-5756257684310450550","ascension_level":1,"is_trial":false}