{"gold_per_floor":[116,6,6,22,34,59,78,78,78,48,76,76,93,112,112,213,213,229,129,148,148],"floor_reached":21,"playtime":2696,"items_purged":["Strike_R","Decay"],"score":210,"play_id":"d5ca7123-d439-497a-9a18-9c0102113f3a","local_time":"20190125010105","is_ascension_mode":true,"campfire_choices":[{"data":"Armaments","floor":8,"key":"SMITH"},{"data":"Rage","floor":12,"key":"SMITH"},{"data":"Pommel Strike","floor":15,"key":"SMITH"}],"neow_cost":"NONE","seed_source_timestamp":15150290521625,"circlet_count":0,"master_deck":["Strike_R","Strike_R","Strike_R","Defend_R","Defend_R","Defend_R","Defend_R","Bash","Sword Boomerang","Rage+1","Armaments+1","Headbutt","Rage","Iron Wave","Twin Strike","Pommel Strike+1","Shrug It Off","Barricade","Regret","Regret","Entrench","Shrug It Off"],"relics":["Burning Blood","Happy Flower","Self Forming Clay","StoneCalendar","Calling Bell","Lantern","Question Card","Torii"],"potions_floor_usage":[6,16,16,16,20,21,21],"damage_taken":[{"damage":18,"enemies":"Small Slimes","floor":1,"turns":5},{"damage":2,"enemies":"2 Louse","floor":4,"turns":3},{"damage":0,"enemies":"Cultist","floor":5,"turns":4},{"damage":33,"enemies":"Gremlin Nob","floor":6,"turns":5},{"damage":0,"enemies":"Blue Slaver","floor":7,"turns":5},{"damage":9,"enemies":"3 Sentries","floor":11,"turns":9},{"damage":8,"enemies":"Exordium Wildlife","floor":13,"turns":5},{"damage":0,"enemies":"Exordium Thugs","floor":14,"turns":6},{"damage":18,"enemies":"Slime Boss","floor":16,"turns":7},{"damage":20,"enemies":"Chosen","floor":18,"turns":7},{"damage":12,"enemies":"3 Byrds","floor":20,"turns":7},{"damage":23,"enemies":"Colosseum Slavers","floor":21,"turns":7},{"damage":63,"enemies":"Colosseum Nobs","floor":21,"turns":6}],"seed_played":"5054856101042934168","potions_obtained":[{"floor":1,"key":"Swift Potion"},{"floor":7,"key":"LiquidBronze"},{"floor":10,"key":"EntropicBrew"},{"floor":10,"key":"Energy Potion"},{"floor":14,"key":"Fruit Juice"}],"is_trial":false,"path_per_floor":["M","$","?","M","M","E","M","R","T","?","E","R","M","M","R","B",null,"M","$","M","?"],"character_chosen":"IRONCLAD","items_purchased":["Rage"],"campfire_rested":0,"item_purchase_floors":[2],"current_hp_per_floor":[68,68,68,72,78,51,57,57,57,57,54,54,52,58,58,51,85,71,71,65,0],"gold":148,"neow_bonus":"REMOVE_CARD","is_prod":false,"is_daily":false,"chose_seed":false,"campfire_upgraded":3,"win_rate":0,"timestamp":1548385265,"path_taken":["M","$","?","M","M","E","M","R","T","?","E","R","M","?","R","BOSS","M","$","M","?"],"build_version":"2019-01-23","purchased_purges":2,"victory":false,"max_hp_per_floor":[80,80,80,80,80,80,80,80,80,80,80,80,80,80,80,85,85,85,85,85,85],"card_choices":[{"not_picked":["Second Wind","Intimidate"],"picked":"Sword Boomerang","floor":1},{"not_picked":["Pommel Strike","Havoc"],"picked":"Armaments","floor":4},{"not_picked":["Thunderclap","Heavy Blade"],"picked":"Headbutt","floor":5},{"not_picked":["Feel No Pain","Disarm"],"picked":"Rage","floor":6},{"not_picked":["Clothesline","Bloodletting"],"picked":"Iron Wave","floor":7},{"not_picked":["Armaments","Havoc"],"picked":"Twin Strike","floor":11},{"not_picked":["Combust","Pummel"],"picked":"Pommel Strike","floor":13},{"not_picked":["True Grit","Cleave"],"picked":"Shrug It Off","floor":14},{"not_picked":["Offering","Brutality"],"picked":"Barricade","floor":16},{"not_picked":["Ghostly Armor","Perfected Strike","Inflame"],"picked":"Entrench","floor":18},{"not_picked":["Feel No Pain","Pommel Strike","Seeing Red"],"picked":"Shrug It Off","floor":20}],"player_experience":117810,"relics_obtained":[{"floor":6,"key":"Happy Flower"},{"floor":9,"key":"Self Forming Clay"},{"floor":11,"key":"StoneCalendar"},{"floor":17,"key":"Lantern"},{"floor":17,"key":"Question Card"},{"floor":17,"key":"Torii"}],"event_choices":[{"damage_healed":0,"gold_gain":0,"player_choice":"Leave","damage_taken":0,"max_hp_gain":0,"max_hp_loss":0,"event_name":"The Cleric","floor":3,"gold_loss":0},{"damage_healed":0,"gold_gain":0,"player_choice":"Bought 2 Potions","damage_taken":0,"max_hp_gain":0,"max_hp_loss":0,"event_name":"The Woman in Blue","floor":10,"gold_loss":0},{"damage_healed":0,"gold_gain":0,"player_choice":"Fight","damage_taken":0,"max_hp_gain":0,"max_hp_loss":0,"event_name":"Colosseum","floor":21,"gold_loss":0},{"damage_healed":0,"gold_gain":0,"player_choice":"Fought Nobs","damage_taken":0,"max_hp_gain":0,"max_hp_loss":0,"event_name":"Colosseum","floor":21,"gold_loss":0}],"is_beta":false,"boss_relics":[{"not_picked":["Ectoplasm","Lizard Tail"],"picked":"Calling Bell"}],"items_purged_floors":[2,19],"is_endless":false,"potions_floor_spawned":[1,7,13,14],"killed_by":"Colosseum Nobs","ascension_level":2}