{"gold_per_floor":[110,110,124,139,151,151,478,2,84,84,84,98,98,109,109,210,210,225,225,225,242,242,242,242],"floor_reached":24,"playtime":668,"items_purged":["Strike_B"],"score":206,"play_id":"5104a98b-dd13-4ae5-93c4-bf88b0427065","local_time":"25611105171654","is_ascension_mode":true,"campfire_choices":[{"data":"Defragment","floor":6,"key":"SMITH"},{"data":"Ball Lightning","floor":10,"key":"SMITH"},{"floor":15,"key":"REST"},{"floor":23,"key":"REST"}],"neow_cost":"NONE","seed_source_timestamp":9299584441633,"circlet_count":0,"master_deck":["Strike_B","Strike_B","Strike_B","Defend_B","Defend_B","Defend_B","Defend_B","Zap+1","Dualcast","White Noise+1","Static Discharge","Ball Lightning+1","Defragment+1","Sweeping Beam","Amplify+1","Conserve Battery+1","Creative AI","Darkness+1","Writhe","Turbo+1"],"relics":["Inserter","Old Coin","Vajra","Toxic Egg 2","The Courier","Philosopher\u0027s Stone","Art of War","Enchiridion"],"potions_floor_usage":[4,7,16],"damage_taken":[{"damage":1,"enemies":"Cultist","floor":1,"turns":3},{"damage":0,"enemies":"2 Louse","floor":3,"turns":4},{"damage":6,"enemies":"Jaw Worm","floor":4,"turns":6},{"damage":10,"enemies":"Looter","floor":5,"turns":3},{"damage":26,"enemies":"3 Sentries","floor":7,"turns":6},{"damage":11,"enemies":"Large Slime","floor":12,"turns":4},{"damage":20,"enemies":"3 Louse","floor":14,"turns":3},{"damage":11,"enemies":"The Guardian","floor":16,"turns":8},{"damage":27,"enemies":"Shell Parasite","floor":18,"turns":4},{"damage":55,"enemies":"2 Thieves","floor":21,"turns":4},{"damage":24,"enemies":"Centurion and Healer","floor":24,"turns":1}],"seed_played":"-4862976751229982120","potions_obtained":[{"floor":1,"key":"GamblersBrew"},{"floor":4,"key":"Regen Potion"},{"floor":14,"key":"Fire Potion"}],"is_trial":false,"path_per_floor":["M","?","M","M","M","R","E","$","T","R","?","M","?","M","R","B",null,"M","?","?","M","?","R","M"],"character_chosen":"DEFECT","items_purchased":["Vajra","Toxic Egg 2"],"campfire_rested":2,"item_purchase_floors":[8,8],"current_hp_per_floor":[74,74,74,68,58,58,46,46,46,46,46,35,35,15,37,26,75,48,73,73,18,2,24,0],"gold":242,"neow_bonus":"BOSS_RELIC","is_prod":false,"is_daily":false,"chose_seed":false,"campfire_upgraded":2,"win_rate":0,"timestamp":1541413014,"path_taken":["M","?","?","M","M","R","E","$","T","R","?","M","?","M","R","BOSS","M","?","?","M","?","R","M"],"build_version":"2018-11-01","purchased_purges":1,"victory":false,"max_hp_per_floor":[75,75,75,75,75,75,75,75,75,75,75,75,75,75,75,75,75,75,75,75,75,75,75,75],"card_choices":[{"not_picked":["Double Energy","Loop"],"picked":"White Noise","floor":1},{"not_picked":["Cold Snap","Blizzard"],"picked":"Static Discharge","floor":3},{"not_picked":["Barrage","Undo"],"picked":"Ball Lightning","floor":4},{"not_picked":["Heatsinks","Sunder"],"picked":"Defragment","floor":5},{"not_picked":["Barrage","Beam Cell"],"picked":"Sweeping Beam","floor":7},{"not_picked":["Leap+1","Stack+1"],"picked":"Amplify+1","floor":12},{"not_picked":["Beam Cell","Reprogram+1"],"picked":"Conserve Battery+1","floor":14},{"not_picked":["Biased Cognition","Seek+1"],"picked":"Creative AI","floor":16},{"not_picked":["Storm","Cold Snap"],"picked":"Darkness+1","floor":18},{"not_picked":["Stack+1","BootSequence+1"],"picked":"Turbo+1","floor":21}],"player_experience":66315,"relics_obtained":[{"floor":7,"key":"Old Coin"},{"floor":9,"key":"The Courier"},{"floor":22,"key":"Enchiridion"}],"event_choices":[{"damage_healed":0,"gold_gain":0,"player_choice":"Upgraded","damage_taken":0,"max_hp_gain":0,"max_hp_loss":0,"event_name":"Upgrade Shrine","floor":2,"gold_loss":0,"cards_upgraded":["White Noise"]},{"damage_healed":0,"gold_gain":30,"player_choice":"Searched \u00271\u0027 times","damage_taken":0,"max_hp_gain":0,"max_hp_loss":0,"event_name":"Dead Adventurer","floor":11,"gold_loss":0},{"damage_healed":0,"gold_gain":0,"player_choice":"Grow","damage_taken":0,"max_hp_gain":0,"max_hp_loss":0,"event_name":"Living Wall","floor":13,"gold_loss":0,"cards_upgraded":["Zap"]},{"damage_healed":25,"gold_gain":0,"player_choice":"Heal","damage_taken":0,"max_hp_gain":0,"max_hp_loss":0,"event_name":"The Library","floor":19,"gold_loss":0},{"damage_healed":0,"gold_gain":0,"player_choice":"Opened","damage_taken":0,"relics_obtained":["Art of War"],"max_hp_gain":0,"max_hp_loss":0,"event_name":"The Mausoleum","floor":20,"gold_loss":0,"cards_obtained":["Writhe"]},{"damage_healed":0,"gold_gain":0,"player_choice":"Obtained Book","damage_taken":16,"max_hp_gain":0,"max_hp_loss":0,"event_name":"Cursed Tome","floor":22,"gold_loss":0}],"is_beta":false,"boss_relics":[{"not_picked":["Runic Dome","White Beast Statue"],"picked":"Philosopher\u0027s Stone"}],"items_purged_floors":[8],"is_endless":false,"potions_floor_spawned":[1,4,14],"killed_by":"Centurion and Healer","ascension_level":1}