{"gold_per_floor":[20,20,34,49,49,49,60,70,70,70,86,109,109,8,8,8],"floor_reached":16,"playtime":473,"items_purged":["Strike_R"],"score":184,"play_id":"23131675-7220-4fb7-918b-e977b1a71406","local_time":"20181207173803","is_ascension_mode":true,"campfire_choices":[{"data":"Entrench","floor":6.0,"key":"SMITH"},{"data":"True Grit","floor":13,"key":"SMITH"},{"data":"Body Slam","floor":15,"key":"SMITH"}],"neow_cost":"NO_GOLD","seed_source_timestamp":4078784416191,"circlet_count":0,"master_deck":["AscendersBane","Strike_R","Strike_R","Strike_R","Strike_R+1","Defend_R","Defend_R+1","Defend_R","Defend_R","Bash","Evolve","Entrench+1","Inflame","True Grit+1","Body Slam+1"],"special_seed":0,"relics":["Burning Blood","Thread and Needle","Blue Candle","Golden Idol","Bag of Preparation"],"potions_floor_usage":[8],"damage_taken":[{"damage":3.0,"enemies":"Jaw Worm","floor":1.0,"turns":5.0},{"damage":0.0,"enemies":"2 Louse","floor":3.0,"turns":3.0},{"damage":3.0,"enemies":"Small Slimes","floor":4.0,"turns":6.0},{"damage":18.0,"enemies":"3 Louse","floor":7.0,"turns":4.0},{"damage":20,"enemies":"Gremlin Gang","floor":8,"turns":5},{"damage":0,"enemies":"2 Fungi Beasts","floor":11,"turns":6},{"damage":45,"enemies":"Hexaghost","floor":16,"turns":9}],"seed_played":"-9063054536847953796","potions_obtained":[{"floor":1.0,"key":"Ancient Potion"},{"floor":3.0,"key":"BloodPotion"}],"is_trial":false,"path_per_floor":["M","?","M","M","?","R","M","M","T","?","M","T","R","$","R","B"],"character_chosen":"IRONCLAD","items_purchased":["Body Slam"],"campfire_rested":0,"item_purchase_floors":[14],"current_hp_per_floor":[71,48,54,64,64,64,52,38,38,38,44,44,44,44,44,0],"gold":8,"neow_bonus":"ONE_RARE_RELIC","is_prod":false,"is_daily":false,"chose_seed":false,"campfire_upgraded":3,"win_rate":0,"timestamp":1544175483,"path_taken":["M","?","M","M","?","R","M","M","T","?","M","?","R","$","R","BOSS"],"build_version":"2018-12-06","purchased_purges":1,"victory":false,"max_hp_per_floor":[75,75,75,75,75,75,75,75,75,68,68,68,68,68,68,68],"card_choices":[{"not_picked":["Dropkick","Thunderclap"],"picked":"Evolve","floor":1.0},{"not_picked":["Cleave","Headbutt"],"picked":"Entrench","floor":3.0},{"not_picked":["Thunderclap","Clash"],"picked":"Inflame","floor":4.0},{"not_picked":["Iron Wave","Anger","Havoc"],"picked":"SKIP","floor":7.0},{"not_picked":["Headbutt","Wild Strike"],"picked":"True Grit","floor":8},{"not_picked":["Shrug It Off","Rampage","Wild Strike"],"picked":"SKIP","floor":11}],"player_experience":2294329,"relics_obtained":[{"floor":9,"key":"Blue Candle"},{"floor":12,"key":"Bag of Preparation"}],"event_choices":[{"damage_healed":0.0,"max_hp_gain":0.0,"max_hp_loss":0.0,"gold_gain":0.0,"event_name":"Shining Light","player_choice":"Entered Light","floor":2.0,"gold_loss":0.0,"damage_taken":23.0,"cards_upgraded":["Defend_R","Strike_R"]},{"damage_healed":0.0,"max_hp_gain":0.0,"max_hp_loss":0.0,"gold_gain":0.0,"event_name":"The Cleric","player_choice":"Leave","floor":5.0,"gold_loss":0.0,"damage_taken":0.0},{"damage_healed":0,"gold_gain":0,"player_choice":"Lose Max HP","damage_taken":0,"relics_obtained":["Golden Idol"],"max_hp_gain":0,"max_hp_loss":7,"event_name":"Golden Idol","floor":10,"gold_loss":0}],"is_beta":false,"boss_relics":[],"items_purged_floors":[14],"is_endless":false,"potions_floor_spawned":[1,3],"killed_by":"Hexaghost","ascension_level":20}