{"gold_per_floor":[114,114,130,142,142,142,155,155,155,42,42,72,72,90,90,185,185,201,201,30,30,40,40,40],"floor_reached":24,"playtime":776,"items_purged":["Regret"],"score":301,"play_id":"70b73446-91ef-492e-a8b2-277eccd64b0f","local_time":"20181104174301","is_ascension_mode":true,"campfire_choices":[{"data":"Zap","floor":6,"key":"SMITH"},{"data":"Darkness","floor":8,"key":"SMITH"},{"floor":13,"key":"REST"},{"floor":15,"key":"REST"},{"data":"Rainbow","floor":23,"key":"SMITH"}],"neow_cost":"NONE","seed_source_timestamp":143165373474928,"circlet_count":0,"master_deck":["AscendersBane","Defend_B","Defend_B+1","Defend_B+1","Defend_B","Zap+1","Dualcast","Coolheaded","Zap","Darkness+1","Leap","Turbo","Static Discharge+1","Hologram","Storm+1","Rainbow+1","Darkness","Bite","Bite","Bite","Bite","Bite","Defragment+1","Leap","Doom and Gloom","Pain","Storm+1"],"relics":["Cracked Core","Sundial","Frozen Egg 2","Odd Mushroom","Coffee Dripper","WarpedTongs"],"potions_floor_usage":[12],"damage_taken":[{"damage":2,"enemies":"2 Louse","floor":1,"turns":3},{"damage":6,"enemies":"Cultist","floor":3,"turns":3},{"damage":2,"enemies":"Small Slimes","floor":4,"turns":4},{"damage":11,"enemies":"Blue Slaver","floor":7,"turns":3},{"damage":18,"enemies":"The Mushroom Lair","floor":12,"turns":4},{"damage":11,"enemies":"Exordium Wildlife","floor":14,"turns":4},{"damage":28,"enemies":"The Guardian","floor":16,"turns":9},{"damage":12,"enemies":"3 Byrds","floor":18,"turns":4},{"damage":36,"enemies":"2 Thieves","floor":22,"turns":4},{"damage":34,"enemies":"Shelled Parasite and Fungi","floor":24,"turns":2}],"seed_played":"-2655023832366977097","potions_obtained":[{"floor":4,"key":"Explosive Potion"},{"floor":12,"key":"Ancient Potion"},{"floor":14,"key":"SpeedPotion"}],"is_trial":false,"path_per_floor":["M","?","M","M","?","R","M","R","T","$","?","?","R","M","R","B",null,"M","?","$","?","M","R","M"],"character_chosen":"DEFECT","items_purchased":["Static Discharge+1","Defragment+1","Leap","Doom and Gloom"],"campfire_rested":2,"item_purchase_floors":[10,20,20,20],"current_hp_per_floor":[66,66,60,58,58,58,47,47,47,47,32,14,36,25,47,19,61,49,49,49,49,18,18,0],"gold":40,"neow_bonus":"REMOVE_CARD","is_prod":false,"is_daily":false,"chose_seed":false,"campfire_upgraded":3,"win_rate":0,"timestamp":1541349781,"path_taken":["M","?","?","M","?","R","M","R","T","$","?","?","R","M","R","BOSS","M","?","$","?","?","R","M"],"build_version":"2018-11-01","purchased_purges":1,"victory":false,"max_hp_per_floor":[75,75,75,75,75,75,75,75,75,75,75,75,75,75,75,75,75,75,52,52,52,52,52,52],"card_choices":[{"not_picked":["Rebound","Leap"],"picked":"Coolheaded","floor":1},{"not_picked":["Reinforced Body","Auto Shields"],"picked":"Darkness","floor":3},{"not_picked":["Reprogram","Force Field"],"picked":"Leap","floor":4},{"not_picked":["Recycle","Seek"],"picked":"Turbo","floor":7},{"not_picked":["Compile Driver","Sweeping Beam"],"picked":"Hologram","floor":12},{"not_picked":["Self Repair+1","Go for the Eyes"],"picked":"Storm+1","floor":14},{"not_picked":["All For One","Fission"],"picked":"Rainbow","floor":16},{"not_picked":["FTL","Stack"],"picked":"Darkness","floor":18},{"not_picked":["Streamline+1","Barrage"],"picked":"Storm+1","floor":22}],"player_experience":313226,"relics_obtained":[{"floor":9,"key":"Frozen Egg 2"},{"floor":12,"key":"Odd Mushroom"}],"event_choices":[{"damage_healed":0,"gold_gain":0,"player_choice":"1 cards matched","damage_taken":0,"max_hp_gain":0,"max_hp_loss":0,"event_name":"Match and Keep!","floor":2,"gold_loss":0,"cards_obtained":["Zap"]},{"damage_healed":0,"gold_gain":0,"player_choice":"Box","damage_taken":0,"relics_obtained":["Sundial"],"max_hp_gain":0,"max_hp_loss":0,"event_name":"Big Fish","floor":5,"gold_loss":0,"cards_obtained":["Regret"]},{"damage_healed":0,"gold_gain":0,"player_choice":"Entered Light","damage_taken":15,"max_hp_gain":0,"max_hp_loss":0,"event_name":"Shining Light","floor":11,"gold_loss":0,"cards_upgraded":["Defend_B","Defend_B"]},{"damage_healed":0,"gold_gain":0,"player_choice":"Fought Mushrooms","damage_taken":0,"max_hp_gain":0,"max_hp_loss":0,"event_name":"Mushrooms","floor":12,"gold_loss":0},{"damage_healed":0,"gold_gain":0,"player_choice":"Became a vampire","damage_taken":0,"max_hp_gain":0,"max_hp_loss":23,"event_name":"Vampires","floor":19,"gold_loss":0,"cards_obtained":["Bite","Bite","Bite","Bite","Bite"]},{"damage_healed":0,"gold_gain":0,"player_choice":"Rummage","damage_taken":0,"relics_obtained":["WarpedTongs"],"max_hp_gain":0,"max_hp_loss":0,"event_name":"Accursed Blacksmith","floor":21,"gold_loss":0,"cards_obtained":["Pain"]}],"is_beta":false,"boss_relics":[{"not_picked":["Tiny House","Calling Bell"],"picked":"Coffee Dripper"}],"items_purged_floors":[10],"is_endless":false,"potions_floor_spawned":[4,12,14],"killed_by":"Shelled Parasite and Fungi","ascension_level":10}