{"gold_per_floor":[117,42,62,62,89,122,136,147,199,199,224,236,236],"floor_reached":13,"playtime":294,"items_purged":[],"score":240,"play_id":"ce9beecc-4e08-4c97-a88e-068d7fb41fb1","local_time":"20190106152234","is_ascension_mode":true,"campfire_choices":[{"data":"Armaments","floor":10,"key":"SMITH"}],"neow_cost":"NONE","seed_source_timestamp":2561075692000,"circlet_count":0,"master_deck":["AscendersBane","Strike_R","Strike_R","Strike_R","Strike_R","Defend_R","Defend_R","Defend_R","Bash","Perfected Strike","Thunderclap","Armaments+1","Wild Strike","Flex","Perfected Strike","Evolve"],"relics":["Burning Blood","NeowsBlessing","Dream Catcher","Pantograph","Boot","Champion Belt"],"potions_floor_usage":[11,11,12],"damage_taken":[{"damage":0,"enemies":"Small Slimes","floor":1,"turns":1},{"damage":0,"enemies":"Jaw Worm","floor":3,"turns":1},{"damage":0,"enemies":"3 Sentries","floor":6,"turns":1},{"damage":1,"enemies":"Cultist","floor":7,"turns":3},{"damage":8,"enemies":"Blue Slaver","floor":8,"turns":4},{"damage":65,"enemies":"Gremlin Nob","floor":11,"turns":5},{"damage":19,"enemies":"Large Slime","floor":12,"turns":5},{"damage":10,"enemies":"3 Sentries","floor":13,"turns":2}],"seed_played":"7720998801127807692","potions_obtained":[{"floor":6,"key":"Weak Potion"},{"floor":7,"key":"GamblersBrew"},{"floor":11,"key":"BloodPotion"}],"is_trial":false,"path_per_floor":["M","?","M","?","T","E","M","M","T","R","E","M","E"],"character_chosen":"IRONCLAD","items_purchased":[],"campfire_rested":0,"item_purchase_floors":[],"current_hp_per_floor":[74,74,75,68,68,74,75,73,73,73,14,8,0],"gold":236,"neow_bonus":"THREE_ENEMY_KILL","is_prod":false,"is_daily":false,"chose_seed":false,"campfire_upgraded":1,"win_rate":0,"timestamp":1546759354,"path_taken":["M","?","M","?","?","E","M","M","T","R","E","M","E"],"build_version":"2019-01-03v4","purchased_purges":0,"victory":false,"max_hp_per_floor":[75,75,75,75,75,75,75,75,75,75,75,75,75],"card_choices":[{"not_picked":["Pummel","Iron Wave"],"picked":"Perfected Strike","floor":1},{"not_picked":["Sever Soul","True Grit"],"picked":"Thunderclap","floor":3},{"not_picked":["Carnage","Headbutt"],"picked":"Armaments","floor":6},{"not_picked":["Heavy Blade","Shrug It Off"],"picked":"Wild Strike","floor":7},{"not_picked":["Rupture","Iron Wave"],"picked":"Flex","floor":8},{"not_picked":["Rupture","Carnage"],"picked":"Perfected Strike","floor":11},{"not_picked":["True Grit","Thunderclap"],"picked":"Evolve","floor":12}],"player_experience":2483329,"relics_obtained":[{"floor":5,"key":"Dream Catcher"},{"floor":6,"key":"Pantograph"},{"floor":9,"key":"Boot"},{"floor":11,"key":"Champion Belt"}],"event_choices":[{"cards_removed":["Strike_R"],"damage_healed":0,"gold_gain":0,"player_choice":"Card Removal","damage_taken":0,"max_hp_gain":0,"max_hp_loss":0,"event_name":"The Cleric","floor":2,"gold_loss":75},{"cards_removed":["Defend_R"],"damage_healed":0,"gold_gain":0,"player_choice":"Card Removal","damage_taken":7,"max_hp_gain":0,"max_hp_loss":0,"event_name":"Golden Wing","floor":4,"gold_loss":0}],"is_beta":false,"boss_relics":[],"items_purged_floors":[],"is_endless":false,"potions_floor_spawned":[6,7,11],"killed_by":"3 Sentries","ascension_level":20}