{"gold_per_floor":[110,127,127,127,144,179,189,205,205,205,205,239,253,271,271,370,370,386,311,327,9,9,42,42,42,113,123,123,137,153,172,172,172],"floor_reached":33,"playtime":1644,"items_purged":["Defend_G"],"score":331,"play_id":"e9f55adf-ec2b-4496-a333-6feeeba02621","local_time":"25610717183225","is_ascension_mode":false,"campfire_choices":[{"floor":15,"key":"REST"},{"data":"After Image","floor":24,"key":"SMITH"},{"data":"Noxious Fumes","floor":28,"key":"SMITH"},{"floor":32,"key":"REST"}],"neow_cost":"","seed_source_timestamp":26217039283450,"circlet_count":0,"master_deck":["Defend_G","Defend_G","Defend_G","Defend_G","Strike_G","Strike_G+1","Strike_G","Strike_G+1","Strike_G","Survivor","Neutralize+1","Deadly Poison","Poisoned Stab","Acrobatics+1","Distraction+1","Crippling Poison+1","Night Terror+1","Leg Sweep+1","Catalyst+1","Bane","After Image+1","Outmaneuver+1","PiercingWail+1","PiercingWail+1","Acrobatics+1","Noxious Fumes+1","Deadly Poison+1","Deadly Poison+1"],"relics":["Ring of the Snake","Toxic Egg 2","Ornamental Fan","Ninja Scroll","Darkstone Periapt","Sozu","Mango","Nilry\u0027s Codex","Singing Bowl","Dodecahedron"],"potions_floor_usage":[7,14,16,23,23],"damage_taken":[{"damage":0,"enemies":"Cultist","floor":1,"turns":4},{"damage":0,"enemies":"Small Slimes","floor":2,"turns":4},{"damage":1,"enemies":"Jaw Worm","floor":5,"turns":4},{"damage":24,"enemies":"3 Sentries","floor":6,"turns":13},{"damage":9,"enemies":"2 Fungi Beasts","floor":7,"turns":5},{"damage":7,"enemies":"Large Slime","floor":8,"turns":10},{"damage":14,"enemies":"Gremlin Nob","floor":12,"turns":4},{"damage":0,"enemies":"Lots of Slimes","floor":13,"turns":4},{"damage":0,"enemies":"Blue Slaver","floor":14,"turns":3},{"damage":13,"enemies":"Hexaghost","floor":16,"turns":6},{"damage":9,"enemies":"2 Thieves","floor":18,"turns":4},{"damage":0,"enemies":"3 Byrds","floor":20,"turns":4},{"damage":7,"enemies":"Slavers","floor":23,"turns":6},{"damage":0,"enemies":"Cultist and Chosen","floor":27,"turns":5},{"damage":24,"enemies":"3 Cultists","floor":29,"turns":7},{"damage":0,"enemies":"Sentry and Sphere","floor":30,"turns":4},{"damage":0,"enemies":"Cultist and Chosen","floor":31,"turns":4},{"damage":55,"enemies":"Automaton","floor":33,"turns":6}],"seed_played":"8320867131560142698","potions_obtained":[{"floor":2,"key":"SmokeBomb"},{"floor":6,"key":"Regen Potion"},{"floor":12,"key":"Block Potion"},{"floor":13,"key":"Swift Potion"},{"floor":16,"key":"Strength Potion"}],"is_trial":false,"path_per_floor":["M","M","?","?","M","E","M","M","T","?","?","E","M","M","R","B",null,"M","$","M","$","?","E","R","$","T","M","R","M","M","M","R"],"character_chosen":"THE_SILENT","items_purchased":["Mango","PiercingWail+1"],"campfire_rested":2,"item_purchase_floors":[21,21],"current_hp_per_floor":[70,70,70,70,69,45,50,43,43,43,29,15,15,15,36,23,70,61,61,61,75,59,52,52,52,52,52,52,30,30,30,55,0],"gold":172,"neow_bonus":"","is_prod":false,"is_daily":false,"chose_seed":false,"campfire_upgraded":2,"win_rate":0,"timestamp":1531827145,"path_taken":["M","M","?","?","M","E","M","?","T","?","?","E","M","M","R","BOSS","M","$","M","$","?","E","R","$","T","M","R","M","M","?","R","BOSS"],"build_version":"2018-07-12","purchased_purges":1,"victory":false,"max_hp_per_floor":[70,70,70,70,70,70,70,70,70,70,70,70,70,70,70,70,70,70,70,70,84,84,84,84,84,84,84,84,86,86,86,86,86],"card_choices":[{"not_picked":["Sucker Punch","Backflip"],"picked":"Deadly Poison","floor":1},{"not_picked":["Blur","Backflip"],"picked":"Poisoned Stab","floor":2},{"not_picked":["PiercingWail+1","Expertise+1"],"picked":"Acrobatics+1","floor":5},{"not_picked":["Underhanded Strike","Predator"],"picked":"Distraction+1","floor":6},{"not_picked":["Noxious Fumes","Outmaneuver+1"],"picked":"Crippling Poison+1","floor":7},{"not_picked":["Dodge and Roll+1","Slice"],"picked":"Night Terror+1","floor":8},{"not_picked":["All Out Attack","Flying Knee"],"picked":"Leg Sweep+1","floor":12},{"not_picked":["Deadly Poison+1","Dodge and Roll+1"],"picked":"Catalyst+1","floor":13},{"not_picked":["Eviscerate","Well Laid Plans"],"picked":"Bane","floor":14},{"not_picked":["A Thousand Cuts","Doppelganger+1"],"picked":"After Image","floor":16},{"not_picked":["Riddle With Holes","Dodge and Roll+1"],"picked":"Outmaneuver+1","floor":18},{"not_picked":["Outmaneuver+1","Bane"],"picked":"PiercingWail+1","floor":20},{"not_picked":["Sucker Punch","Bane"],"picked":"Acrobatics+1","floor":23},{"not_picked":["Dodge and Roll+1","Prepared+1"],"picked":"Noxious Fumes","floor":27},{"not_picked":["Unload","Infinite Blades","Deflect+1"],"picked":"Singing Bowl","floor":29},{"not_picked":["Slice+1","Acrobatics+1"],"picked":"Deadly Poison+1","floor":30},{"not_picked":["Dagger Throw","Escape Plan+1"],"picked":"Deadly Poison+1","floor":31}],"player_experience":75430,"relics_obtained":[{"floor":6,"key":"Ornamental Fan"},{"floor":9,"key":"Ninja Scroll"},{"floor":12,"key":"Darkstone Periapt"},{"floor":22,"key":"Nilry\u0027s Codex"},{"floor":23,"key":"Singing Bowl"},{"floor":26,"key":"Dodecahedron"}],"event_choices":[{"event_name":"Big Fish","player_choice":"Box","floor":3,"damage_taken":0},{"event_name":"Living Wall","player_choice":"Forget","floor":4,"damage_taken":0},{"event_name":"Upgrade Shrine","player_choice":"Upgraded","floor":10,"damage_taken":0},{"event_name":"Shining Light","player_choice":"Entered Light","floor":11,"damage_taken":0},{"event_name":"Cursed Tome","player_choice":"Obtained Book","floor":22,"damage_taken":0}],"boss_relics":[{"not_picked":["Runic Dome","Empty Cage"],"picked":"Sozu"}],"items_purged_floors":[19],"is_endless":false,"potions_floor_spawned":[2,6,12,13,16,23,29,31],"killed_by":"Automaton","ascension_level":0}