{"gold_per_floor":[118,118,131,147,161,195,195,227,306,306,347,373,385,428,440,526,538,568,580,592,202,212,212,243,243,243,270,270,288,322,341,341,413,413,424,25,25,45,45,45,73,98,152,152,178,210,210,223,223,223,223],"floor_reached":52,"playtime":2878,"items_purged":[],"score":2398,"play_id":"9a4a704a-fcf3-4b41-a0ed-18127cd28259","local_time":"20190101213555","daily_mods":["SealedDeck","DeadlyEvents"],"is_ascension_mode":true,"campfire_choices":[{"data":"Bouncing Flask","floor":7.0,"key":"SMITH"},{"data":"Noxious Fumes","floor":13.0,"key":"SMITH"},{"data":"Noxious Fumes","floor":15.0,"key":"SMITH"},{"data":"Footwork","floor":23,"key":"SMITH"},{"data":"Footwork","floor":25,"key":"SMITH"},{"data":"Burst","floor":28,"key":"SMITH"},{"data":"Cloak And Dagger","floor":32,"key":"SMITH"},{"data":"Leg Sweep","floor":40,"key":"SMITH"},{"data":"Dodge and Roll","floor":44,"key":"SMITH"},{"data":"Burst","floor":47,"key":"SMITH"},{"data":"PiercingWail","floor":49,"key":"SMITH"}],"neow_cost":"","seed_source_timestamp":5337275726408,"circlet_count":0,"master_deck":["AscendersBane","Flying Knee","Dagger Throw","Tactician","Dodge and Roll+1","Backstab","PiercingWail","Bouncing Flask+1","Leg Sweep","Deadly Poison","Backflip","Cloak And Dagger","Corpse Explosion","Noxious Fumes+1","Noxious Fumes+1","Burst+1","Footwork+1","Footwork+1","Cloak And Dagger+1","Backflip","PiercingWail+1","Dodge and Roll","Leg Sweep+1","Well Laid Plans+1","Footwork+1","Blur","Night Terror","Dodge and Roll","Burst+1","Backflip"],"special_seed":0,"relics":["Ring of the Snake","Bag of Marbles","Shovel","Mummified Hand","MawBank","Thread and Needle","Bird Faced Urn","Sozu","Incense Burner","Frozen Egg 2","Meat on the Bone","Bronze Scales","Omamori","Snecko Eye","Question Card","Potion Belt","Snake Skull","Lantern","Bag of Preparation","Paper Crane"],"potions_floor_usage":[50,51],"damage_taken":[{"damage":0.0,"enemies":"Small Slimes","floor":1.0,"turns":2.0},{"damage":0.0,"enemies":"Cultist","floor":3.0,"turns":2.0},{"damage":0.0,"enemies":"2 Louse","floor":4.0,"turns":2.0},{"damage":1.0,"enemies":"Looter","floor":5.0,"turns":3.0},{"damage":0.0,"enemies":"3 Sentries","floor":6.0,"turns":7.0},{"damage":11.0,"enemies":"Gremlin Nob","floor":8.0,"turns":3.0},{"damage":0.0,"enemies":"3 Sentries","floor":11.0,"turns":2.0},{"damage":0.0,"enemies":"Lots of Slimes","floor":12.0,"turns":3.0},{"damage":19.0,"enemies":"Gremlin Nob","floor":14.0,"turns":4.0},{"damage":2.0,"enemies":"Slime Boss","floor":16.0,"turns":7.0},{"damage":12.0,"enemies":"2 Thieves","floor":18.0,"turns":3.0},{"damage":0,"enemies":"Chosen","floor":22,"turns":3},{"damage":3,"enemies":"Book of Stabbing","floor":24,"turns":4},{"damage":10,"enemies":"Slavers","floor":27,"turns":2},{"damage":1,"enemies":"Centurion and Healer","floor":29,"turns":4},{"damage":0,"enemies":"Book of Stabbing","floor":30,"turns":5},{"damage":0,"enemies":"3 Cultists","floor":31,"turns":2},{"damage":20,"enemies":"Collector","floor":33,"turns":8},{"damage":0,"enemies":"3 Darklings","floor":35,"turns":2},{"damage":0,"enemies":"Orb Walker","floor":38,"turns":3},{"damage":0,"enemies":"Reptomancer","floor":41,"turns":6},{"damage":1,"enemies":"Nemesis","floor":45,"turns":7},{"damage":0,"enemies":"Giant Head","floor":46,"turns":7},{"damage":0,"enemies":"3 Darklings","floor":48,"turns":2},{"damage":27,"enemies":"Awakened One","floor":50,"turns":15},{"damage":0,"enemies":"Time Eater","floor":51,"turns":13}],"seed_played":"7694921787393286447","potions_obtained":[{"floor":3.0,"key":"Explosive Potion"},{"floor":5.0,"key":"EssenceOfSteel"},{"floor":8.0,"key":"Dexterity Potion"},{"floor":12.0,"key":"Dexterity Potion"}],"is_trial":true,"path_per_floor":["M","?","M","M","M","E","R","E","T","?","E","M","R","E","R","B",null,"M","?","?","$","M","R","E","R","T","E","R","M","E","M","R","B",null,"M","$","?","M","?","R","E","T","T","R","E","E","R","M","R","B","B",null],"character_chosen":"THE_SILENT","items_purchased":["Footwork","Incense Burner","Footwork+1","Blur","Question Card"],"campfire_rested":0,"item_purchase_floors":[21,21,36,36,36],"current_hp_per_floor":[59,66,66,66,65,65,65,54,54,49,49,49,49,30,30,32,58,50,50,50,50,58,58,63,63,63,56,56,63,66,66,66,48,62,66,66,66,66,66,66,66,66,66,66,66,66,66,66,66,53,66],"gold":223,"neow_bonus":"","is_prod":false,"is_daily":false,"chose_seed":false,"campfire_upgraded":11,"win_rate":0,"timestamp":1546407355,"path_taken":["M","?","?","M","M","E","R","E","T","?","E","M","R","E","R","BOSS","M","?","?","$","M","R","E","R","T","E","R","M","?","M","R","BOSS","M","$","?","M","?","R","E","?","T","R","E","?","R","M","R","BOSS","BOSS"],"build_version":"2018-12-20","purchased_purges":0,"victory":true,"max_hp_per_floor":[66,66,66,66,66,66,66,66,66,66,66,66,66,66,66,66,66,66,66,66,66,66,66,66,66,66,66,66,66,66,66,66,66,66,66,66,66,66,66,66,66,66,66,66,66,66,66,66,66,66,66],"card_choices":[{"not_picked":["Cloak And Dagger","Quick Slash"],"picked":"Dash","floor":1.0},{"not_picked":["Accuracy","Poisoned Stab"],"picked":"Deadly Poison","floor":3.0},{"not_picked":["Quick Slash","Accuracy","Finisher"],"picked":"SKIP","floor":4.0},{"not_picked":["Dodge and Roll","Leg Sweep"],"picked":"Backflip","floor":5.0},{"not_picked":["Phantasmal Killer","Finisher"],"picked":"Cloak And Dagger","floor":6.0},{"not_picked":["Distraction","Deadly Poison"],"picked":"Corpse Explosion","floor":8.0},{"not_picked":["Acrobatics","Quick Slash","Concentrate"],"picked":"SKIP","floor":11.0},{"not_picked":["Flying Knee","Deflect"],"picked":"Noxious Fumes","floor":12.0},{"not_picked":["Bouncing Flask","Die Die Die"],"picked":"Noxious Fumes","floor":14.0},{"not_picked":["Glass Knife","Phantasmal Killer"],"picked":"Burst","floor":16.0},{"not_picked":["Finisher","Masterful Stab"],"picked":"Footwork","floor":18.0},{"not_picked":["Backflip","Underhanded Strike"],"picked":"Cloak And Dagger","floor":22},{"not_picked":["Dash","Bane"],"picked":"Backflip","floor":24},{"not_picked":["Underhanded Strike","Poisoned Stab"],"picked":"PiercingWail","floor":27},{"not_picked":["Underhanded Strike","Outmaneuver+1"],"picked":"Dodge and Roll","floor":29},{"not_picked":["Noxious Fumes+1","Doppelganger","Acrobatics"],"picked":"SKIP","floor":30},{"not_picked":["Poisoned Stab","Underhanded Strike"],"picked":"Leg Sweep","floor":31},{"not_picked":["Predator+1","Dagger Spray"],"picked":"Well Laid Plans+1","floor":35},{"not_picked":["Endless Agony+1","Skewer","Setup","Terror"],"picked":"SKIP","floor":38},{"not_picked":["Eviscerate+1","Acrobatics","Dagger Spray"],"picked":"Night Terror","floor":41},{"not_picked":["Underhanded Strike","Doppelganger","Acrobatics"],"picked":"Dodge and Roll","floor":45},{"not_picked":["Prepared+1","Skewer","Deflect+1"],"picked":"Burst","floor":46},{"not_picked":["Slice","Poisoned Stab+1","Dodge and Roll+1"],"picked":"Backflip","floor":48}],"player_experience":1922759,"relics_obtained":[{"floor":6.0,"key":"Bag of Marbles"},{"floor":8.0,"key":"Shovel"},{"floor":9.0,"key":"Mummified Hand"},{"floor":11.0,"key":"Thread and Needle"},{"floor":14.0,"key":"Bird Faced Urn"},{"floor":24,"key":"Frozen Egg 2"},{"floor":26,"key":"Meat on the Bone"},{"floor":27,"key":"Bronze Scales"},{"floor":30,"key":"Omamori"},{"floor":41,"key":"Potion Belt"},{"floor":42,"key":"Snake Skull"},{"floor":43,"key":"Lantern"},{"floor":45,"key":"Bag of Preparation"},{"floor":46,"key":"Paper Crane"}],"event_choices":[{"cards_removed":["Reflex"],"damage_healed":7.0,"max_hp_gain":0.0,"max_hp_loss":0.0,"gold_gain":0.0,"event_name":"Bonfire Elementals","player_choice":"Offered Uncommon","floor":2.0,"gold_loss":0.0,"damage_taken":0.0},{"damage_healed":0.0,"max_hp_gain":0.0,"max_hp_loss":0.0,"gold_gain":0.0,"event_name":"Scrap Ooze","player_choice":"Success","floor":10.0,"gold_loss":0.0,"damage_taken":5.0,"relics_obtained":["MawBank"]},{"damage_healed":0,"gold_gain":0,"player_choice":"Ignored","damage_taken":0,"max_hp_gain":0,"max_hp_loss":0,"event_name":"Cursed Tome","floor":19,"gold_loss":0},{"cards_removed":["Dagger Throw"],"damage_healed":0,"gold_gain":0,"player_choice":"Purged","damage_taken":0,"max_hp_gain":0,"max_hp_loss":0,"event_name":"Purifier","floor":20,"gold_loss":0},{"cards_removed":["Dash"],"damage_healed":0,"gold_gain":0,"player_choice":"Removed Attack","damage_taken":0,"max_hp_gain":0,"max_hp_loss":0,"event_name":"Falling","floor":37,"gold_loss":0},{"damage_healed":0,"gold_gain":0,"player_choice":"Memory 1","damage_taken":0,"max_hp_gain":0,"max_hp_loss":0,"event_name":"SensoryStone","floor":39,"gold_loss":0}],"is_beta":false,"boss_relics":[{"not_picked":["Cursed Key","Tiny House"],"picked":"Sozu"},{"not_picked":["HoveringKite","Orrery"],"picked":"Snecko Eye"}],"items_purged_floors":[],"is_endless":false,"potions_floor_spawned":[3,5,8,12,14,18,24,30,31,38,41],"ascension_level":20}