{"gold_per_floor":[112,132,142,242,256,285,285,311,311,311,324,356,372,392,392,489,489,508,542,542,561,107,132,132,147,171,204,204,204,224,244,244,348,348,361,361,583,602,310,310,338,248,298,327,342,342,342,167,167,167,167,167,17,47,47],"floor_reached":56,"playtime":2236,"items_purged":["Strike_B","Doubt","Decay","Strike_B+1"],"score":1363,"play_id":"cd0c229a-33c1-45b5-860d-75139855f3e0","local_time":"20190411200259","is_ascension_mode":true,"campfire_choices":[{"data":"Zap","floor":7.0,"key":"SMITH"},{"data":"Dualcast","floor":15.0,"key":"SMITH"},{"data":"Coolheaded","floor":24.0,"key":"SMITH"},{"floor":29.0,"key":"REST"},{"data":"Coolheaded","floor":32.0,"key":"SMITH"},{"data":"Biased Cognition","floor":40.0,"key":"SMITH"},{"data":"Hologram","floor":47.0,"key":"SMITH"},{"floor":49.0,"key":"RECALL"},{"data":"Turbo","floor":52.0,"key":"SMITH"}],"neow_cost":"NONE","seed_source_timestamp":15899934278600,"circlet_count":0,"master_deck":["Defend_B","Defend_B","Defend_B","Defend_B","Zap+1","Dualcast+1","Self Repair+1","All For One","Gash+1","Beam Cell","Hologram+1","Coolheaded+1","Electrodynamics","Cold Snap","Gash","Core Surge","Coolheaded+1","Good Instincts","Skim+1","Gash+1","Self Repair","Turbo+1","Biased Cognition+1","Defragment","Gash+1","Coolheaded+1","Madness","Madness","Loop+1"],"special_seed":0,"relics":["Orrery","Symbiotic Virus","Whetstone","Shuriken","Bottled Tornado","Cursed Key","Red Mask","Question Card","Mercury Hourglass","PreservedInsect","Meat on the Bone","Runic Dome","Anchor","Bottled Lightning","Omamori","Kunai"],"potions_floor_usage":[55,55,55],"damage_taken":[{"damage":0.0,"enemies":"Cultist","floor":1.0,"turns":3.0},{"damage":1.0,"enemies":"Jaw Worm","floor":2.0,"turns":4.0},{"damage":0.0,"enemies":"Small Slimes","floor":3.0,"turns":3.0},{"damage":5.0,"enemies":"Red Slaver","floor":5.0,"turns":4.0},{"damage":40.0,"enemies":"Lagavulin","floor":6.0,"turns":9.0},{"damage":24.0,"enemies":"Gremlin Nob","floor":8.0,"turns":4.0},{"damage":0.0,"enemies":"Blue Slaver","floor":11.0,"turns":3.0},{"damage":15.0,"enemies":"3 Sentries","floor":12.0,"turns":5.0},{"damage":10.0,"enemies":"3 Louse","floor":13.0,"turns":3.0},{"damage":0.0,"enemies":"2 Fungi Beasts","floor":14.0,"turns":2.0},{"damage":25.0,"enemies":"The Guardian","floor":16.0,"turns":9.0},{"damage":3.0,"enemies":"3 Byrds","floor":18.0,"turns":3.0},{"damage":18.0,"enemies":"Masked Bandits","floor":19.0,"turns":4.0},{"damage":0.0,"enemies":"Chosen","floor":21.0,"turns":3.0},{"damage":40.0,"enemies":"Book of Stabbing","floor":23.0,"turns":6.0},{"damage":3.0,"enemies":"Snake Plant","floor":25.0,"turns":3.0},{"damage":20.0,"enemies":"Gremlin Leader","floor":27.0,"turns":3.0},{"damage":3.0,"enemies":"Centurion and Healer","floor":30.0,"turns":5.0},{"damage":17.0,"enemies":"Snecko","floor":31.0,"turns":5.0},{"damage":12.0,"enemies":"Collector","floor":33.0,"turns":5.0},{"damage":5.0,"enemies":"Orb Walker","floor":35.0,"turns":3.0},{"damage":26.0,"enemies":"3 Darklings","floor":38.0,"turns":4.0},{"damage":20.0,"enemies":"Reptomancer","floor":41.0,"turns":3.0},{"damage":38.0,"enemies":"Nemesis","floor":44.0,"turns":6.0},{"damage":0.0,"enemies":"Jaw Worm Horde","floor":45.0,"turns":2.0},{"damage":4.0,"enemies":"Donu and Deca","floor":50.0,"turns":3.0},{"damage":6.0,"enemies":"Shield and Spear","floor":54.0,"turns":4.0},{"damage":46,"enemies":"The Heart","floor":55,"turns":9}],"seed_played":"-4670035623692602600","potions_obtained":[{"floor":1.0,"key":"GamblersBrew"},{"floor":6.0,"key":"FocusPotion"},{"floor":11.0,"key":"Energy Potion"},{"floor":12.0,"key":"Fruit Juice"},{"floor":14.0,"key":"Strength Potion"},{"floor":33.0,"key":"GamblersBrew"},{"floor":35.0,"key":"Strength Potion"}],"is_trial":false,"path_per_floor":["M","M","M","?","M","E","R","E","T","?","M","E","M","M","R","B",null,"M","?","?","M","$","E","R","M","T","E","?","R","M","M","R","B",null,"M","?","?","M","$","R","E","?","T","E","M","?","R","$","R","B",null,"R","$","E","B",null],"character_chosen":"DEFECT","items_purchased":["Gash","Question Card","Good Instincts","Defragment","Anchor","Block Potion"],"campfire_rested":1,"item_purchase_floors":[22,22,22,39,39,48],"current_hp_per_floor":[75,75,75,75,75,42,42,25,25,75,75,72,69,69,69,51,80,80,69,69,76,76,43,43,40,40,27,27,51,62,59,59,61,80,80,80,80,68,68,68,55,55,55,46,46,36,36,36,36,54,80,80,80,80,63],"gold":47,"neow_bonus":"BOSS_RELIC","is_prod":false,"is_daily":false,"chose_seed":false,"campfire_upgraded":7,"win_rate":0,"timestamp":1554984179,"path_taken":["M","?","M","?","?","E","R","E","T","?","M","E","M","?","R","BOSS","M","?","?","M","$","E","R","M","T","E","?","R","?","M","R","BOSS","M","?","?","M","$","R","E","?","T","E","?","?","R","$","R","BOSS","R","$","E","BOSS"],"build_version":"2019-01-23","purchased_purges":4,"victory":true,"max_hp_per_floor":[75,75,75,75,75,75,75,75,75,75,75,80,80,80,80,80,80,80,80,80,80,80,80,80,80,80,80,80,80,80,80,80,80,80,80,80,80,80,80,80,80,80,80,80,80,80,80,80,80,80,80,80,80,80,80],"card_choices":[{"not_picked":["Lockon","Conserve Battery"],"picked":"Self Repair","floor":0.0},{"not_picked":["Hologram","Doom and Gloom"],"picked":"BootSequence","floor":0.0},{"not_picked":["Static Discharge","Go for the Eyes"],"picked":"All For One","floor":0.0},{"not_picked":["Leap","Ball Lightning"],"picked":"Gash","floor":0.0},{"not_picked":["Sweeping Beam","Static Discharge","Turbo"],"picked":"SKIP","floor":1.0},{"not_picked":["Stack","Compile Driver"],"picked":"Beam Cell","floor":2.0},{"not_picked":["Cold Snap","Double Energy"],"picked":"Hologram","floor":3.0},{"not_picked":["Redo","Conserve Battery","Beam Cell"],"picked":"SKIP","floor":5.0},{"not_picked":["Stack","Self Repair","Barrage"],"picked":"SKIP","floor":6.0},{"not_picked":["Stack","Self Repair","Barrage"],"picked":"SKIP","floor":6.0},{"not_picked":["Loop","Hello World"],"picked":"Coolheaded","floor":8.0},{"not_picked":["Steam","Leap"],"picked":"Electrodynamics","floor":11.0},{"not_picked":["Rebound","Beam Cell"],"picked":"Cold Snap","floor":12.0},{"not_picked":["Genetic Algorithm","Doom and Gloom"],"picked":"Gash","floor":13.0},{"not_picked":["Force Field","Heatsinks","Chaos"],"picked":"SKIP","floor":14.0},{"not_picked":["Rainbow","Creative AI"],"picked":"Core Surge","floor":16.0},{"not_picked":["Reinforced Body","Steam Power","Streamline"],"picked":"SKIP","floor":18.0},{"not_picked":["Steam Power+1","Scrape"],"picked":"Coolheaded","floor":19.0},{"not_picked":["Hologram","Beam Cell","Steam Power+1"],"picked":"SKIP","floor":21.0},{"not_picked":["Auto Shields","Blizzard","Rainbow"],"picked":"Skim+1","floor":23.0},{"not_picked":["Force Field+1","Rip and Tear","Rebound","Self Repair"],"picked":"SKIP","floor":25.0},{"not_picked":["Streamline","Chill","Redo"],"picked":"Gash+1","floor":27.0},{"not_picked":["Beam Cell+1","Streamline+1","Cold Snap"],"picked":"Turbo","floor":30.0},{"not_picked":["Static Discharge","Genetic Algorithm+1","Barrage","Hello World"],"picked":"SKIP","floor":31.0},{"not_picked":["Machine Learning","Fission","Hyperbeam"],"picked":"Biased Cognition","floor":33.0},{"not_picked":["Rebound+1","Storm+1","Tempest+1","White Noise"],"picked":"SKIP","floor":35.0},{"not_picked":["Compile Driver","Hologram","Blizzard","Barrage+1"],"picked":"SKIP","floor":38.0},{"not_picked":["Coolheaded","Ball Lightning","Conserve Battery"],"picked":"Gash+1","floor":41.0},{"not_picked":["Scrape+1","Cold Snap","Melter+1","Static Discharge+1"],"picked":"SKIP","floor":44.0},{"not_picked":["Sweeping Beam+1","Conserve Battery","Cold Snap"],"picked":"Coolheaded+1","floor":45.0},{"not_picked":["Hologram","Rebound+1","Gash"],"picked":"Loop+1","floor":54.0}],"player_experience":2954147,"relics_obtained":[{"floor":6.0,"key":"Symbiotic Virus"},{"floor":8.0,"key":"Whetstone"},{"floor":9.0,"key":"Shuriken"},{"floor":12.0,"key":"Bottled Tornado"},{"floor":19.0,"key":"Red Mask"},{"floor":23.0,"key":"Mercury Hourglass"},{"floor":26.0,"key":"PreservedInsect"},{"floor":27.0,"key":"Meat on the Bone"},{"floor":41.0,"key":"Bottled Lightning"},{"floor":44.0,"key":"Omamori"},{"floor":54.0,"key":"Kunai"}],"event_choices":[{"damage_healed":0.0,"max_hp_gain":0.0,"max_hp_loss":0.0,"gold_gain":100.0,"event_name":"Golden Shrine","player_choice":"Pray","floor":4.0,"gold_loss":0.0,"damage_taken":0.0},{"cards_removed":["BootSequence"],"damage_healed":50.0,"max_hp_gain":0.0,"max_hp_loss":0.0,"gold_gain":0.0,"event_name":"Bonfire Elementals","player_choice":"Offered Uncommon","floor":10.0,"gold_loss":0.0,"damage_taken":0.0},{"damage_healed":0.0,"max_hp_gain":0.0,"max_hp_loss":0.0,"gold_gain":0.0,"event_name":"Masked Bandits","player_choice":"Fought Bandits","floor":19.0,"gold_loss":0.0,"damage_taken":0.0},{"damage_healed":0.0,"max_hp_gain":0.0,"max_hp_loss":0.0,"gold_gain":0.0,"event_name":"Vampires","player_choice":"Ignored","floor":20.0,"gold_loss":0.0,"damage_taken":0.0},{"damage_healed":0.0,"max_hp_gain":0.0,"max_hp_loss":0.0,"gold_gain":0.0,"cards_transformed":["Strike_B"],"event_name":"Transmorgrifier","player_choice":"Transformed","floor":28.0,"gold_loss":0.0,"damage_taken":0.0,"cards_obtained":["Self Repair"]},{"cards_removed":["Gash"],"damage_healed":0.0,"max_hp_gain":0.0,"max_hp_loss":0.0,"gold_gain":0.0,"event_name":"Falling","player_choice":"Removed Attack","floor":36.0,"gold_loss":0.0,"damage_taken":0.0},{"damage_healed":0.0,"max_hp_gain":0.0,"max_hp_loss":0.0,"gold_gain":222.0,"event_name":"Tomb of Lord Red Mask","player_choice":"Wore Mask","floor":37.0,"gold_loss":0.0,"damage_taken":0.0},{"cards_removed":["Strike_B"],"damage_healed":0.0,"max_hp_gain":0.0,"max_hp_loss":0.0,"gold_gain":0.0,"event_name":"Designer","player_choice":"Upgrade and Remove","floor":42.0,"gold_loss":90.0,"damage_taken":0.0,"cards_upgraded":["Self Repair"]},{"damage_healed":0.0,"max_hp_gain":0.0,"max_hp_loss":0.0,"gold_gain":0.0,"event_name":"Winding Halls","player_choice":"Embrace Madness","floor":46.0,"gold_loss":0.0,"damage_taken":10.0,"cards_obtained":["Madness","Madness"]}],"is_beta":false,"boss_relics":[{"not_picked":["Philosopher\u0027s Stone","Tiny House"],"picked":"Cursed Key"},{"not_picked":["Fusion Hammer","Calling Bell"],"picked":"Runic Dome"}],"items_purged_floors":[22,39,48,53],"is_endless":false,"potions_floor_spawned":[1,6,11,12,14,16,25,30,33,35,54],"ascension_level":1}