{"gold_per_floor":[114,114,41,51,51,77,77,88,113,141,156,156,231,241,241,315,315,328,253,266,3,0,0],"floor_reached":23,"playtime":825,"items_purged":["Strike_G"],"score":392,"play_id":"e3f255f5-ebcb-4a9a-a18f-d2a2b7a95966","local_time":"20190503094905","is_ascension_mode":true,"campfire_choices":[{"data":"Neutralize","floor":7.0,"key":"SMITH"},{"data":"Noxious Fumes","floor":12.0,"key":"SMITH"},{"data":"Bouncing Flask","floor":15.0,"key":"SMITH"}],"neow_cost":"NONE","seed_source_timestamp":11069753034067,"circlet_count":0,"master_deck":["AscendersBane","Defend_G","Defend_G","Defend_G","Defend_G","Defend_G","Strike_G","Strike_G+1","Strike_G+1","Survivor","Neutralize+1","Dagger Spray","Noxious Fumes+1","Bouncing Flask+1","Blur","Dagger Throw","Malaise","Poisoned Stab","Terror","Tools of the Trade","Caltrops+1","Noxious Fumes"],"special_seed":0,"relics":["Ring of the Snake","NeowsBlessing","Orichalcum","Whetstone","Matryoshka","Sozu","PreservedInsect"],"potions_floor_usage":[],"damage_taken":[{"damage":0.0,"enemies":"Small Slimes","floor":1.0,"turns":1.0},{"damage":0.0,"enemies":"Cultist","floor":4.0,"turns":1.0},{"damage":0.0,"enemies":"Gremlin Nob","floor":6.0,"turns":1.0},{"damage":11.0,"enemies":"Jaw Worm","floor":8.0,"turns":6.0},{"damage":14.0,"enemies":"3 Sentries","floor":10.0,"turns":6.0},{"damage":0.0,"enemies":"Exordium Wildlife","floor":11.0,"turns":3.0},{"damage":1.0,"enemies":"Blue Slaver","floor":14.0,"turns":4.0},{"damage":28.0,"enemies":"Slime Boss","floor":16.0,"turns":10.0},{"damage":11.0,"enemies":"Shell Parasite","floor":18.0,"turns":4.0},{"damage":1.0,"enemies":"Spheric Guardian","floor":20.0,"turns":3.0},{"damage":43,"enemies":"Slavers","floor":23,"turns":2}],"seed_played":"3823838663707974138","potions_obtained":[{"floor":1.0,"key":"Swift Potion"},{"floor":2.0,"key":"Regen Potion"},{"floor":2.0,"key":"Dexterity Potion"},{"floor":6.0,"key":"Poison Potion"},{"floor":10.0,"key":"AttackPotion"},{"floor":16.0,"key":"Poison Potion"}],"is_trial":false,"path_per_floor":["M","?","$","M","$","E","R","M","T","E","M","R","?","M","R","B",null,"M","?","M","$","?","E"],"character_chosen":"THE_SILENT","items_purchased":["Noxious Fumes","PreservedInsect","Noxious Fumes"],"campfire_rested":0,"item_purchase_floors":[3,21,21],"current_hp_per_floor":[59,59,59,59,59,59,59,48,48,34,34,34,23,36,36,8,52,41,41,40,40,40,0],"gold":0,"neow_bonus":"THREE_ENEMY_KILL","is_prod":false,"is_daily":false,"chose_seed":false,"campfire_upgraded":3,"win_rate":0,"timestamp":1556902145,"path_taken":["M","?","$","?","$","E","R","M","T","E","M","R","?","M","R","BOSS","M","?","M","$","?","E"],"build_version":"2019-01-23","purchased_purges":1,"victory":false,"max_hp_per_floor":[66,66,66,66,66,66,66,66,66,66,66,66,66,66,66,66,66,66,66,66,66,66,66],"card_choices":[{"not_picked":["Skewer","Accuracy"],"picked":"Dagger Spray","floor":1.0},{"not_picked":["Underhanded Strike","PiercingWail"],"picked":"Bouncing Flask","floor":4.0},{"not_picked":["Masterful Stab","Heel Hook"],"picked":"Blur","floor":6.0},{"not_picked":["Backflip","Concentrate"],"picked":"Dagger Throw","floor":8.0},{"not_picked":["Quick Slash","Endless Agony"],"picked":"Malaise","floor":10.0},{"not_picked":["Choke","Cloak And Dagger"],"picked":"Poisoned Stab","floor":11.0},{"not_picked":["Reflex","Blade Dance"],"picked":"Terror","floor":14.0},{"not_picked":["Venomology","Unload"],"picked":"Tools of the Trade","floor":16.0},{"not_picked":["Outmaneuver","Deflect"],"picked":"Caltrops+1","floor":18.0},{"not_picked":["Poisoned Stab","Slice+1","Underhanded Strike"],"picked":"SKIP","floor":20.0}],"player_experience":2532344,"relics_obtained":[{"floor":6.0,"key":"Orichalcum"},{"floor":9.0,"key":"Whetstone"},{"floor":10.0,"key":"Matryoshka"}],"event_choices":[{"damage_healed":0.0,"max_hp_gain":0.0,"max_hp_loss":0.0,"gold_gain":0.0,"event_name":"Lab","player_choice":"Got Potions","floor":2.0,"gold_loss":0.0,"damage_taken":0.0},{"damage_healed":0.0,"max_hp_gain":0.0,"max_hp_loss":0.0,"gold_gain":75.0,"event_name":"World of Goop","player_choice":"Gather Gold","floor":13.0,"gold_loss":0.0,"damage_taken":11.0},{"cards_removed":["Strike_G"],"damage_healed":0.0,"max_hp_gain":0.0,"max_hp_loss":0.0,"gold_gain":0.0,"event_name":"Beggar","player_choice":"Gave Gold","floor":19.0,"gold_loss":75.0,"damage_taken":0.0},{"damage_healed":0,"gold_gain":0,"player_choice":"Paid Fearfully","damage_taken":0,"max_hp_gain":0,"max_hp_loss":0,"event_name":"Masked Bandits","floor":22,"gold_loss":3}],"is_beta":false,"boss_relics":[{"not_picked":["WristBlade","Ring of the Serpent"],"picked":"Sozu"}],"items_purged_floors":[21],"is_endless":false,"potions_floor_spawned":[1,6,10,11,16],"killed_by":"Slavers","ascension_level":15}