{"gold_per_floor":[110,128,128,145,156,156,181,181,230,230,243,243,259,75,75,172,172,189,189,221,221,238,238,238],"floor_reached":24,"playtime":925,"items_purged":["Strike_B"],"score":245,"play_id":"a9617c82-718d-4e9e-a342-c016123eb70a","local_time":"20180819030112","is_ascension_mode":true,"campfire_choices":[{"data":"Zap","floor":6,"key":"SMITH"},{"floor":10,"key":"REST"},{"data":"Streamline","floor":12,"key":"SMITH"},{"data":"Storm","floor":15,"key":"SMITH"},{"data":"RitualDagger","floor":23,"key":"SMITH"}],"neow_cost":"","seed_source_timestamp":61000990960656,"circlet_count":0,"master_deck":["Strike_B","Strike_B","Strike_B","Defend_B","Defend_B","Defend_B","Defend_B","Zap+1","Dualcast","Coolheaded","Conserve Battery","Streamline+1","Go for the Eyes","White Noise","Steam Power","Redo","Storm+1","White Noise","Core Surge","Go for the Eyes+1","RitualDagger+1","Tempest","Decay","BootSequence+1"],"relics":["Cracked Core","Shuriken","Oddly Smooth Stone","Boot","Velvet Choker","Red Mask"],"potions_floor_usage":[7,20],"damage_taken":[{"damage":0,"enemies":"Small Slimes","floor":1,"turns":2},{"damage":0,"enemies":"2 Louse","floor":2,"turns":2},{"damage":1,"enemies":"Cultist","floor":4,"turns":3},{"damage":6,"enemies":"2 Fungi Beasts","floor":5,"turns":4},{"damage":44,"enemies":"Gremlin Nob","floor":7,"turns":5},{"damage":0,"enemies":"Exordium Wildlife","floor":11,"turns":3},{"damage":0,"enemies":"Blue Slaver","floor":13,"turns":4},{"damage":26,"enemies":"Hexaghost","floor":16,"turns":11},{"damage":9,"enemies":"Spheric Guardian","floor":18,"turns":4},{"damage":27,"floor":20,"turns":4},{"damage":3,"enemies":"Shell Parasite","floor":22,"turns":4},{"damage":19,"enemies":"Slavers","floor":24,"turns":2}],"seed_played":"-7375770948779166981","potions_obtained":[{"floor":1,"key":"SteroidPotion"},{"floor":5,"key":"Regen Potion"},{"floor":7,"key":"SteroidPotion"},{"floor":8,"key":"Fire Potion"},{"floor":20,"key":"Energy Potion"}],"is_trial":false,"path_per_floor":["M","M","?","M","M","R","E","?","T","R","M","R","M","$","R","B",null,"M","?","?","?","M","R"],"character_chosen":"DEFECT","items_purchased":["Storm","White Noise"],"campfire_rested":1,"item_purchase_floors":[14,14],"current_hp_per_floor":[75,75,50,49,43,43,13,13,13,35,35,35,35,35,35,9,59,50,44,17,17,14,14,0],"gold":238,"neow_bonus":"","is_prod":false,"is_daily":false,"chose_seed":false,"campfire_upgraded":4,"win_rate":0,"timestamp":1534640472,"path_taken":["M","M","?","M","M","R","E","?","T","R","M","R","M","$","R","BOSS","M","?","?","?","M","R","E"],"build_version":"2018-08-16","purchased_purges":1,"victory":false,"max_hp_per_floor":[75,75,75,75,75,75,75,75,75,75,75,75,75,75,75,75,75,75,75,75,75,75,75,75],"card_choices":[{"not_picked":["Undo","Go for the Eyes"],"picked":"Coolheaded","floor":1},{"not_picked":["Genetic Algorithm","Skim"],"picked":"Conserve Battery","floor":2},{"not_picked":["Doom and Gloom","Melter"],"picked":"Streamline","floor":4},{"not_picked":["Sweeping Beam","Redo"],"picked":"Go for the Eyes","floor":5},{"not_picked":["Leap","All For One"],"picked":"White Noise","floor":7},{"not_picked":["Sweeping Beam","Coolheaded"],"picked":"Steam Power","floor":11},{"not_picked":["Genetic Algorithm","Beam Cell"],"picked":"Redo","floor":13},{"not_picked":["Buffer","Reboot"],"picked":"Core Surge","floor":16},{"not_picked":["Coolheaded","Skim"],"picked":"Go for the Eyes+1","floor":18},{"not_picked":["Redo","Conserve Battery"],"picked":"Tempest","floor":20},{"not_picked":["Streamline","Hologram"],"picked":"BootSequence+1","floor":22}],"player_experience":242515,"relics_obtained":[{"floor":7,"key":"Oddly Smooth Stone"},{"floor":9,"key":"Boot"},{"floor":20,"key":"Red Mask"}],"event_choices":[{"event_name":"Scrap Ooze","player_choice":"success","floor":3,"damage_taken":25},{"event_name":"The Lab","player_choice":"Got Potions","floor":8,"damage_taken":0},{"event_name":"Nest","player_choice":"Joined the Cult","floor":19,"damage_taken":0},{"event_name":"Masked Bandits","player_choice":"Fought Bandits","floor":20,"damage_taken":0},{"event_name":"Forgotten Altar","player_choice":"Smashed Altar","floor":21,"damage_taken":0}],"is_beta":false,"boss_relics":[{"not_picked":["Tiny House","Philosopher\u0027s Stone"],"picked":"Velvet Choker"}],"items_purged_floors":[14],"is_endless":false,"potions_floor_spawned":[1,5,7,20],"killed_by":"Slavers","ascension_level":5}