{"gold_per_floor":[117,134,134,152,170,196,207,207,261,273,283,308,308,326,326,402,402,415,415,433,451,464,464,464],"floor_reached":24,"playtime":917,"items_purged":[],"score":375,"play_id":"bb97e9b1-effb-4a84-8fb0-530b9430a50e","local_time":"20190225095137","is_ascension_mode":true,"campfire_choices":[{"data":"Bash","floor":8.0,"key":"SMITH"},{"data":"Spot Weakness","floor":15.0,"key":"SMITH"},{"floor":23,"key":"REST"}],"neow_cost":"NONE","seed_source_timestamp":7770761976772,"circlet_count":0,"master_deck":["AscendersBane","Strike_R","Strike_R","Strike_R","Strike_R","Defend_R","Defend_R","Defend_R","Defend_R","Bash+1","Spot Weakness+1","Flame Barrier","Cleave","Metallicize","Shrug It Off","Iron Wave","Havoc","Thunderclap","Limit Break","Twin Strike","Second Wind+1"],"special_seed":0,"relics":["Burning Blood","Anchor","Oddly Smooth Stone","Shuriken","Busted Crown","Nloth\u0027s Gift"],"potions_floor_usage":[21,21,24,24],"damage_taken":[{"damage":0.0,"enemies":"Small Slimes","floor":1.0,"turns":4.0},{"damage":1.0,"enemies":"Cultist","floor":2.0,"turns":4.0},{"damage":0.0,"enemies":"2 Louse","floor":4.0,"turns":3.0},{"damage":5.0,"enemies":"Exordium Thugs","floor":5.0,"turns":4.0},{"damage":28.0,"enemies":"Lagavulin","floor":6.0,"turns":7.0},{"damage":12.0,"enemies":"Gremlin Gang","floor":7.0,"turns":3.0},{"damage":0.0,"enemies":"Blue Slaver","floor":10.0,"turns":3.0},{"damage":0.0,"enemies":"Exordium Wildlife","floor":11.0,"turns":3.0},{"damage":34.0,"enemies":"Gremlin Nob","floor":12.0,"turns":4.0},{"damage":0.0,"enemies":"2 Fungi Beasts","floor":14.0,"turns":3.0},{"damage":30.0,"enemies":"Hexaghost","floor":16.0,"turns":9.0},{"damage":24.0,"enemies":"2 Thieves","floor":18.0,"turns":4.0},{"damage":14,"enemies":"3 Byrds","floor":20,"turns":6},{"damage":31,"enemies":"Cultist and Chosen","floor":21,"turns":7},{"damage":24,"enemies":"Snecko","floor":22,"turns":5},{"damage":40,"enemies":"Slavers","floor":24,"turns":3}],"seed_played":"-467493797408931505","potions_obtained":[{"floor":1.0,"key":"SneckoOil"},{"floor":5.0,"key":"PowerPotion"},{"floor":6.0,"key":"SteroidPotion"},{"floor":12.0,"key":"Fruit Juice"},{"floor":14.0,"key":"SteroidPotion"},{"floor":16.0,"key":"SpeedPotion"},{"floor":20,"key":"Regen Potion"},{"floor":21,"key":"Energy Potion"}],"is_trial":false,"path_per_floor":["M","M","?","M","M","E","M","R","T","M","M","E","?","M","R","B",null,"M","?","M","M","M","R","E"],"character_chosen":"IRONCLAD","items_purchased":[],"campfire_rested":1,"item_purchase_floors":[],"current_hp_per_floor":[74,75,75,75,75,53,47,47,47,53,59,31,31,37,37,18,65,47,47,39,29,11,35,0],"gold":464,"neow_bonus":"RANDOM_COMMON_RELIC","is_prod":false,"is_daily":false,"chose_seed":false,"campfire_upgraded":2,"win_rate":0,"timestamp":1551117097,"path_taken":["M","M","?","M","M","E","M","R","T","?","M","E","?","M","R","BOSS","M","?","M","?","M","R","E"],"build_version":"2019-01-23","purchased_purges":0,"victory":false,"max_hp_per_floor":[75,75,75,75,75,75,75,75,75,75,75,75,75,75,75,80,80,80,80,80,80,80,80,80],"card_choices":[{"not_picked":["Wild Strike","Sever Soul"],"picked":"Spot Weakness","floor":1.0},{"not_picked":["Flex","Armaments"],"picked":"Flame Barrier","floor":2.0},{"not_picked":["True Grit","Clash"],"picked":"Cleave","floor":4.0},{"not_picked":["Rampage","Cleave","Blood for Blood"],"picked":"SKIP","floor":5.0},{"not_picked":["Juggernaut","Searing Blow","Flex"],"picked":"SKIP","floor":6.0},{"not_picked":["Rage","Thunderclap"],"picked":"Metallicize","floor":7.0},{"not_picked":["Seeing Red","Infernal Blade"],"picked":"Shrug It Off","floor":10.0},{"not_picked":["Metallicize","Corruption"],"picked":"Iron Wave","floor":11.0},{"not_picked":["Dark Embrace","Cleave"],"picked":"Havoc","floor":12.0},{"not_picked":["Rage","Body Slam"],"picked":"Thunderclap","floor":14.0},{"not_picked":["Berserk","Fiend Fire"],"picked":"Limit Break","floor":16.0},{"not_picked":["Cleave"],"picked":"SKIP","floor":18.0},{"not_picked":[],"picked":"Twin Strike","floor":20},{"not_picked":[],"picked":"Second Wind+1","floor":21},{"not_picked":["Blood for Blood"],"picked":"SKIP","floor":22}],"player_experience":2258147,"relics_obtained":[{"floor":6.0,"key":"Potion Belt"},{"floor":9.0,"key":"Oddly Smooth Stone"},{"floor":12.0,"key":"Shuriken"}],"event_choices":[{"cards_removed":["Strike_R"],"damage_healed":0.0,"max_hp_gain":0.0,"max_hp_loss":0.0,"gold_gain":0.0,"event_name":"Bonfire Elementals","player_choice":"Offered Basic","floor":3.0,"gold_loss":0.0,"damage_taken":0.0},{"damage_healed":0.0,"max_hp_gain":0.0,"max_hp_loss":0.0,"gold_gain":0.0,"event_name":"The Cleric","player_choice":"Leave","floor":13.0,"gold_loss":0.0,"damage_taken":0.0},{"damage_healed":0.0,"max_hp_gain":0.0,"max_hp_loss":0.0,"gold_gain":0.0,"event_name":"N\u0027loth","player_choice":"Traded Relic","floor":19.0,"relics_lost":["Potion Belt"],"gold_loss":0.0,"damage_taken":0.0,"relics_obtained":["Nloth\u0027s Gift"]}],"is_beta":false,"boss_relics":[{"not_picked":["Orrery","Calling Bell"],"picked":"Busted Crown"}],"items_purged_floors":[],"is_endless":false,"potions_floor_spawned":[1,5,6,12,14,16,20,21],"killed_by":"Slavers","ascension_level":15}