{"gold_per_floor":[113,129,149,11,11,11,11,11,11,24,24],"floor_reached":11,"playtime":324,"items_purged":[],"score":117,"play_id":"51a6bc79-0320-4733-a0ce-64c75bbe2ff6","local_time":"20181230184452","is_ascension_mode":true,"campfire_choices":[{"data":"Blood for Blood","floor":6,"key":"SMITH"},{"data":"Blood for Blood","floor":8,"key":"SMITH"}],"neow_cost":"PERCENT_DAMAGE","seed_source_timestamp":833942760142460,"circlet_count":0,"master_deck":["AscendersBane","Strike_R","Strike_R","Strike_R","Strike_R","Defend_R","Defend_R","Defend_R","Defend_R","Bash","Double Tap","Blood for Blood+1","Blood for Blood+1","Wild Strike","Thunderclap","Power Through","Combust"],"relics":["Burning Blood","CultistMask","Self Forming Clay"],"potions_floor_usage":[],"damage_taken":[{"damage":9,"enemies":"Jaw Worm","floor":1,"turns":3},{"damage":13,"enemies":"Cultist","floor":2,"turns":5},{"damage":4,"enemies":"2 Louse","floor":3,"turns":3},{"damage":13,"enemies":"Exordium Wildlife","floor":10,"turns":5},{"damage":33,"enemies":"Gremlin Nob","floor":11,"turns":3}],"seed_played":"3741416361542201346","potions_obtained":[{"floor":2,"key":"FearPotion"}],"is_trial":false,"path_per_floor":["M","M","M","$","?","R","?","R","T","M","E"],"character_chosen":"IRONCLAD","items_purchased":["Thunderclap","Power Through"],"campfire_rested":0,"item_purchase_floors":[4,4],"current_hp_per_floor":[47,40,42,42,35,35,35,35,35,28,0],"gold":24,"neow_bonus":"THREE_RARE_CARDS","is_prod":false,"is_daily":false,"chose_seed":false,"campfire_upgraded":2,"win_rate":0,"timestamp":1546191892,"path_taken":["M","M","M","$","?","R","?","R","T","?","E"],"build_version":"2018-12-20","purchased_purges":0,"victory":false,"max_hp_per_floor":[75,75,75,75,75,75,75,75,75,75,75],"card_choices":[{"not_picked":["Impervious","Brutality"],"picked":"Double Tap","floor":0},{"not_picked":["Body Slam","Havoc"],"picked":"Blood for Blood","floor":1},{"not_picked":["Iron Wave","Disarm"],"picked":"Blood for Blood","floor":2},{"not_picked":["Body Slam","Cleave"],"picked":"Wild Strike","floor":3},{"not_picked":["Combust","Heavy Blade","Rampage"],"picked":"SKIP","floor":10},{"not_picked":["Heavy Blade","Rampage"],"picked":"Combust","floor":10}],"player_experience":386995,"relics_obtained":[{"floor":9,"key":"Self Forming Clay"}],"event_choices":[{"cards_removed":["Strike_R"],"damage_healed":0,"gold_gain":0,"player_choice":"Card Removal","damage_taken":7,"max_hp_gain":0,"max_hp_loss":0,"event_name":"Golden Wing","floor":5,"gold_loss":0},{"damage_healed":0,"gold_gain":0,"player_choice":"Trade","damage_taken":0,"relics_obtained":["CultistMask"],"max_hp_gain":0,"max_hp_loss":0,"event_name":"FaceTrader","floor":7,"gold_loss":0}],"is_beta":false,"boss_relics":[],"items_purged_floors":[],"is_endless":false,"potions_floor_spawned":[2],"killed_by":"Gremlin Nob","ascension_level":17}