{"gold_per_floor":[119,119,119,130,0,26,26,26,52,52,71,89,106,106,106,179,179,194,214,264,264],"floor_reached":21,"playtime":1454,"items_purged":[],"score":322,"play_id":"e633dd96-4709-4bdb-8f62-e8c4eb89c0b7","local_time":"20190410020544","is_ascension_mode":true,"campfire_choices":[{"floor":10,"key":"REST"},{"data":"Inflame","floor":15,"key":"SMITH"}],"neow_cost":"NONE","seed_source_timestamp":383289234217239,"circlet_count":0,"master_deck":["AscendersBane","Strike_R","Strike_R","Strike_R","Strike_R","Strike_R","Defend_R","Defend_R","Defend_R","Defend_R","Bash","Dark Embrace","Second Wind","Shockwave","Intimidate","Seeing Red","Impervious+1","Flame Barrier+1","Inflame+1","True Grit+1","Juggernaut","Uppercut"],"special_seed":0,"relics":["Burning Blood","Toxic Egg 2","Pen Nib","Cursed Key"],"potions_floor_usage":[12,16,16,18,21],"damage_taken":[{"damage":17.0,"enemies":"2 Louse","floor":1.0,"turns":3.0},{"damage":0,"enemies":"Small Slimes","floor":4,"turns":3},{"damage":50,"enemies":"Lagavulin","floor":6,"turns":9},{"damage":0,"enemies":"Jaw Worm","floor":11,"turns":5},{"damage":0,"enemies":"Large Slime","floor":12,"turns":9},{"damage":3,"enemies":"3 Louse","floor":13,"turns":6},{"damage":47,"enemies":"The Guardian","floor":16,"turns":18},{"damage":28,"enemies":"Chosen","floor":18,"turns":8},{"damage":0,"enemies":"Shell Parasite","floor":19,"turns":8},{"damage":60,"enemies":"3 Cultists","floor":21,"turns":5}],"seed_played":"5858456692428213226","potions_obtained":[{"floor":6,"key":"AttackPotion"},{"floor":12,"key":"GamblersBrew"},{"floor":13,"key":"Poison Potion"},{"floor":16,"key":"GamblersBrew"},{"floor":19,"key":"SteroidPotion"}],"is_trial":false,"path_per_floor":["M","?","$","M","$","E","?","?","T","R","M","M","M","?","R","B",null,"M","M","?","M"],"character_chosen":"IRONCLAD","items_purchased":["Intimidate","Seeing Red"],"campfire_rested":1,"item_purchase_floors":[5,5],"current_hp_per_floor":[57,57,57,63,63,19,19,19,19,41,47,53,56,61,61,20,65,43,49,49,0],"gold":264,"neow_bonus":"ONE_RANDOM_RARE_CARD","is_prod":false,"is_daily":false,"chose_seed":false,"campfire_upgraded":1,"win_rate":0,"timestamp":1554854744,"path_taken":["M","?","$","M","$","E","?","?","T","R","M","M","M","?","R","BOSS","M","M","?","M"],"build_version":"2019-01-23","purchased_purges":0,"victory":false,"max_hp_per_floor":[75,75,75,75,75,75,75,75,75,75,75,75,75,80,80,80,80,80,80,80,80],"card_choices":[{"not_picked":["Perfected Strike","Sentinel"],"picked":"Second Wind","floor":1.0},{"not_picked":["Clothesline","Clash"],"picked":"Shockwave","floor":4},{"not_picked":["True Grit","Havoc"],"picked":"Impervious","floor":6},{"not_picked":["Headbutt","Iron Wave"],"picked":"Flame Barrier+1","floor":11},{"not_picked":["Pommel Strike","Anger"],"picked":"Inflame","floor":12},{"not_picked":["Spot Weakness+1","Perfected Strike"],"picked":"True Grit+1","floor":13},{"not_picked":["Fiend Fire","Demon Form"],"picked":"Juggernaut","floor":16},{"not_picked":["Flex+1","Wild Strike","Clash+1"],"picked":"SKIP","floor":18},{"not_picked":["Thunderclap","Bloodletting+1"],"picked":"Uppercut","floor":19}],"player_experience":698226,"relics_obtained":[{"floor":6,"key":"Toxic Egg 2"},{"floor":9,"key":"Pen Nib"}],"event_choices":[{"damage_healed":0,"gold_gain":0,"player_choice":"Fled","damage_taken":0,"max_hp_gain":0,"max_hp_loss":0,"event_name":"Scrap Ooze","floor":2,"gold_loss":0},{"damage_healed":0,"gold_gain":0,"player_choice":"Ignored","damage_taken":0,"max_hp_gain":0,"max_hp_loss":0,"event_name":"Shining Light","floor":7,"gold_loss":0},{"damage_healed":0,"gold_gain":0,"player_choice":"Leave","damage_taken":0,"max_hp_gain":0,"max_hp_loss":0,"event_name":"The Cleric","floor":8,"gold_loss":0},{"damage_healed":0,"gold_gain":0,"player_choice":"Donut","damage_taken":0,"max_hp_gain":5,"max_hp_loss":0,"event_name":"Big Fish","floor":14,"gold_loss":0},{"damage_healed":0,"gold_gain":50,"player_choice":"Stole From Cult","damage_taken":0,"max_hp_gain":0,"max_hp_loss":0,"event_name":"Nest","floor":20,"gold_loss":0}],"is_beta":false,"boss_relics":[{"not_picked":["Philosopher\u0027s Stone","White Beast Statue"],"picked":"Cursed Key"}],"items_purged_floors":[],"is_endless":false,"potions_floor_spawned":[6,12,13,16,19],"killed_by":"3 Cultists","ascension_level":16}