{"gold_per_floor":[115,115,138,138,38,79,79,79,103,178,178,198,35,35,35,161,161,186,204,54,54,54,54,78,102,102,102,118,118,137,156,156,286,286,305,151,151,151,169,169,189,189,268,268,393,414,108,108],"floor_reached":48,"playtime":3024,"items_purged":["Strike_R","Strike_R"],"score":449,"play_id":"8a36d68c-9429-43a2-b3d7-35f1db60fc6a","local_time":"20190325013331","is_ascension_mode":true,"campfire_choices":[{"floor":7,"key":"REST"},{"floor":15,"key":"REST"},{"data":"Apotheosis","floor":23,"key":"SMITH"},{"floor":32,"key":"REST"},{"data":"Whirlwind","floor":40,"key":"SMITH"},{"floor":42,"key":"REST"},{"data":"Demon Form","floor":44,"key":"SMITH"}],"neow_cost":"NONE","seed_source_timestamp":48693541664222,"circlet_count":0,"master_deck":["Strike_R+1","Defend_R","Defend_R","Defend_R+1","Defend_R","Bash+1","Clothesline","Clash","Clash","Thunderclap","Iron Wave","Apotheosis+1","Demon Form+1","Flame Barrier","Thunderclap","Whirlwind+1","Metallicize","Impervious","Reaper","Shrug It Off","Rampage","Cleave","Heavy Blade"],"relics":["Burning Blood","Golden Idol","Paper Frog","Vajra","Juzu Bracelet","Philosopher\u0027s Stone","Happy Flower","Blue Candle","Torii","Blood Vial","Busted Crown","Singing Bowl","Nunchaku","Mummified Hand"],"potions_floor_usage":[25,28,35,48,48],"damage_taken":[{"damage":6,"enemies":"Jaw Worm","floor":1,"turns":3},{"damage":0,"enemies":"2 Louse","floor":3,"turns":3},{"damage":26,"enemies":"3 Sentries","floor":6,"turns":10},{"damage":0,"enemies":"Cultist","floor":12,"turns":2},{"damage":43,"enemies":"Hexaghost","floor":16,"turns":9},{"damage":0,"enemies":"Chosen","floor":18,"turns":3},{"damage":12,"enemies":"2 Thieves","floor":19,"turns":4},{"damage":0,"enemies":"Snecko","floor":24,"turns":4},{"damage":5,"enemies":"Sentry and Sphere","floor":25,"turns":5},{"damage":24,"enemies":"Snake Plant","floor":28,"turns":4},{"damage":0,"enemies":"Centurion and Healer","floor":30,"turns":4},{"damage":10,"enemies":"Cultist and Chosen","floor":31,"turns":5},{"damage":45,"enemies":"Collector","floor":33,"turns":10},{"damage":16,"enemies":"3 Darklings","floor":35,"turns":4},{"damage":2,"enemies":"Orb Walker","floor":39,"turns":4},{"damage":19,"enemies":"Sphere and 2 Shapes","floor":41,"turns":3},{"damage":41,"enemies":"Mind Bloom Boss Battle","floor":45,"turns":5},{"damage":20,"enemies":"Jaw Worm Horde","floor":46,"turns":3},{"damage":80,"enemies":"Writhing Mass","floor":48,"turns":4}],"seed_played":"-6873472721538165926","potions_obtained":[{"floor":1,"key":"SteroidPotion"},{"floor":12,"key":"Fire Potion"},{"floor":19,"key":"GamblersBrew"},{"floor":24,"key":"Explosive Potion"},{"floor":28,"key":"Strength Potion"},{"floor":31,"key":"SkillPotion"},{"floor":35,"key":"Weak Potion"},{"floor":39,"key":"FearPotion"},{"floor":41,"key":"BloodPotion"},{"floor":46,"key":"Explosive Potion"}],"is_trial":false,"path_per_floor":["M","?","M","?","$","E","R","$","T","?","?","M","$","?","R","B",null,"M","M","$","?","$","R","M","M","T","T","M","?","M","M","R","B",null,"M","$","?","?","M","R","M","R","T","R","?","M","$","M"],"character_chosen":"IRONCLAD","items_purchased":["Clash","Apotheosis","Happy Flower","Shrug It Off","Heavy Blade","Mummified Hand"],"campfire_rested":4,"item_purchase_floors":[5,13,20,36,47,47],"current_hp_per_floor":[80,60,66,63,63,43,67,67,67,56,56,62,62,46,70,33,80,80,74,74,74,74,74,80,80,80,80,62,62,70,68,80,41,80,70,70,70,70,76,76,65,80,80,80,47,37,37,0],"gold":108,"neow_bonus":"UPGRADE_CARD","is_prod":false,"is_daily":false,"chose_seed":false,"campfire_upgraded":3,"win_rate":0,"timestamp":1553477611,"path_taken":["M","?","M","?","?","E","R","$","T","?","?","M","?","?","R","BOSS","M","M","$","?","?","R","M","M","T","?","M","?","M","M","R","BOSS","M","$","?","?","M","R","M","R","T","R","?","M","$","M"],"build_version":"2019-01-23","purchased_purges":2,"victory":false,"max_hp_per_floor":[80,80,80,80,80,80,80,80,80,80,80,80,80,80,80,80,80,80,80,80,80,80,80,80,80,80,80,80,80,80,80,80,80,80,80,80,80,80,80,80,80,80,80,80,82,84,84,84],"card_choices":[{"not_picked":["Seeing Red","True Grit"],"picked":"Clothesline","floor":1},{"not_picked":["True Grit","Perfected Strike"],"picked":"Clash","floor":3},{"not_picked":["Power Through","Corruption"],"picked":"Thunderclap","floor":6},{"not_picked":["Body Slam","Clothesline","Combust"],"picked":"SKIP","floor":12},{"not_picked":["Impervious","Dark Embrace"],"picked":"Demon Form","floor":16},{"not_picked":["Wild Strike","Anger","Cleave"],"picked":"SKIP","floor":18},{"not_picked":["Dual Wield","Second Wind"],"picked":"Flame Barrier","floor":19},{"not_picked":["Searing Blow","Clothesline"],"picked":"Thunderclap","floor":24},{"not_picked":["Twin Strike","Power Through"],"picked":"Whirlwind","floor":25},{"not_picked":["Dual Wield","Hemokinesis"],"picked":"Metallicize","floor":28},{"not_picked":["Perfected Strike","Fire Breathing"],"picked":"Impervious","floor":30},{"not_picked":["Clash","Anger","Infernal Blade"],"picked":"SKIP","floor":31},{"not_picked":["Juggernaut","Impervious"],"picked":"Reaper","floor":33},{"not_picked":["Havoc"],"picked":"SKIP","floor":35},{"not_picked":[],"picked":"Mind Blast","floor":37},{"not_picked":[],"picked":"Rampage","floor":39},{"not_picked":[],"picked":"Cleave","floor":41},{"not_picked":["Pommel Strike"],"picked":"Singing Bowl","floor":45},{"not_picked":["True Grit+1"],"picked":"Singing Bowl","floor":46}],"player_experience":415366,"relics_obtained":[{"floor":6,"key":"Vajra"},{"floor":9,"key":"Juzu Bracelet"},{"floor":26,"key":"Blue Candle"},{"floor":27,"key":"Torii"},{"floor":43,"key":"Singing Bowl"},{"floor":45,"key":"Nunchaku"}],"event_choices":[{"damage_healed":0,"gold_gain":0,"player_choice":"Take Damage","damage_taken":20,"relics_obtained":["Golden Idol"],"max_hp_gain":0,"max_hp_loss":0,"event_name":"Golden Idol","floor":2,"gold_loss":0},{"damage_healed":0,"gold_gain":0,"player_choice":"Success","damage_taken":3,"relics_obtained":["Paper Frog"],"max_hp_gain":0,"max_hp_loss":0,"event_name":"Scrap Ooze","floor":4,"gold_loss":0},{"damage_healed":0,"gold_gain":75,"player_choice":"Gather Gold","damage_taken":11,"max_hp_gain":0,"max_hp_loss":0,"event_name":"World of Goop","floor":10,"gold_loss":0},{"damage_healed":0,"gold_gain":0,"cards_transformed":["Strike_R"],"player_choice":"Change","damage_taken":0,"max_hp_gain":0,"max_hp_loss":0,"event_name":"Living Wall","floor":11,"gold_loss":0,"cards_obtained":["Iron Wave"]},{"damage_healed":0,"gold_gain":0,"player_choice":"Entered Light","damage_taken":16,"max_hp_gain":0,"max_hp_loss":0,"event_name":"Shining Light","floor":14,"gold_loss":0,"cards_upgraded":["Strike_R","Defend_R"]},{"cards_removed":["Strike_R"],"damage_healed":0,"gold_gain":0,"player_choice":"Purged","damage_taken":0,"max_hp_gain":0,"max_hp_loss":0,"event_name":"Purifier","floor":21,"gold_loss":0},{"damage_healed":0,"gold_gain":0,"player_choice":"Opened","damage_taken":0,"relics_obtained":["Blood Vial"],"max_hp_gain":0,"max_hp_loss":0,"event_name":"The Mausoleum","floor":29,"gold_loss":0},{"damage_healed":0,"gold_gain":0,"player_choice":"Memory 1","damage_taken":0,"max_hp_gain":0,"max_hp_loss":0,"event_name":"SensoryStone","floor":37,"gold_loss":0},{"cards_removed":["Mind Blast"],"damage_healed":0,"gold_gain":0,"player_choice":"Removed Attack","damage_taken":0,"max_hp_gain":0,"max_hp_loss":0,"event_name":"Falling","floor":38,"gold_loss":0},{"damage_healed":0,"gold_gain":0,"player_choice":"Fight","damage_taken":0,"max_hp_gain":0,"max_hp_loss":0,"event_name":"MindBloom","floor":45,"gold_loss":0}],"is_beta":false,"boss_relics":[{"not_picked":["Runic Dome","Ectoplasm"],"picked":"Philosopher\u0027s Stone"},{"not_picked":["Calling Bell","Black Blood"],"picked":"Busted Crown"}],"items_purged_floors":[5,36],"is_endless":false,"potions_floor_spawned":[1,12,19,24,28,31,35,39,41,46],"killed_by":"Writhing Mass","ascension_level":1}