{"gold_per_floor":[117,292,292,367,383,413,423,451,451,485,6,6,18,40,40,136,136,151,151,101,120,20,20,20],"floor_reached":24,"playtime":720,"items_purged":["Doubt","Pain"],"score":308,"play_id":"236bf30b-6a8c-4f9f-b437-6a98f9b7320d","local_time":"25610725032038","is_ascension_mode":true,"campfire_choices":[{"floor":12,"key":"REST"},{"data":"Armaments","floor":15,"key":"SMITH"},{"floor":23,"key":"REST"}],"neow_cost":"NONE","seed_source_timestamp":56383033767405,"circlet_count":0,"master_deck":["Strike_R+1","Strike_R+1","Strike_R+1","Strike_R+1","Strike_R+1","Defend_R+1","Defend_R+1","Defend_R+1","Defend_R+1","Bash","Armaments+1","Clash","Bludgeon","Uppercut","Thunderclap","Offering","Spot Weakness","Iron Wave"],"relics":["Burning Blood","NeowsBlessing","Incense Burner","Bottled Flame","Shuriken","Omamori","Juzu Bracelet","Toolbox","Bag of Preparation","Odd Mushroom","Calling Bell","Bronze Scales","Letter Opener","Calipers"],"potions_floor_usage":[10,13,16,16,16,18,21],"damage_taken":[{"damage":0,"enemies":"Jaw Worm","floor":1,"turns":1},{"damage":0,"enemies":"2 Louse","floor":5,"turns":1},{"damage":0,"enemies":"Gremlin Nob","floor":6,"turns":1},{"damage":7,"enemies":"Small Slimes","floor":7,"turns":4},{"damage":47,"enemies":"3 Sentries","floor":8,"turns":11},{"damage":8,"enemies":"Gremlin Nob","floor":10,"turns":3},{"damage":16,"enemies":"Exordium Wildlife","floor":13,"turns":3},{"damage":3,"floor":14,"turns":4},{"damage":40,"enemies":"Hexaghost","floor":16,"turns":8},{"damage":21,"enemies":"Shell Parasite","floor":18,"turns":5},{"damage":20,"enemies":"Spheric Guardian","floor":21,"turns":3},{"damage":72,"enemies":"Gremlin Leader","floor":24,"turns":6}],"seed_played":"8522029079538249424","potions_obtained":[{"floor":8,"key":"FearPotion"},{"floor":10,"key":"Energy Potion"},{"floor":13,"key":"SteroidPotion"},{"floor":14,"key":"PowerPotion"},{"floor":16,"key":"Energy Potion"},{"floor":18,"key":"Fruit Juice"}],"is_trial":false,"path_per_floor":["M","?","T","?","M","E","M","E","T","E","$","R","M","?","R","B",null,"M","?","?","M","$","R"],"character_chosen":"IRONCLAD","items_purchased":["Toolbox","Bag of Preparation","Fire Potion"],"campfire_rested":2,"item_purchase_floors":[11,11,11],"current_hp_per_floor":[78,78,78,67,73,79,78,37,37,35,35,59,49,52,52,18,65,50,50,50,41,41,66,0],"gold":20,"neow_bonus":"THREE_ENEMY_KILL","is_prod":false,"is_daily":false,"chose_seed":false,"campfire_upgraded":1,"win_rate":0,"timestamp":1532463638,"path_taken":["M","?","?","?","M","E","M","E","T","E","$","R","M","?","R","BOSS","M","?","?","M","$","R","E"],"build_version":"2018-07-19v2","purchased_purges":2,"victory":false,"max_hp_per_floor":[80,80,80,80,80,80,80,80,80,80,80,80,80,80,80,80,80,80,80,80,85,85,85,85],"card_choices":[{"not_picked":["Headbutt","Burning Pact"],"picked":"Armaments","floor":1},{"not_picked":["Heavy Blade","Combust"],"picked":"Clash","floor":5},{"not_picked":["Seeing Red","Iron Wave","Feel No Pain"],"picked":"SKIP","floor":6},{"not_picked":["Twin Strike","Wild Strike"],"picked":"Bludgeon","floor":7},{"not_picked":["Pommel Strike","Iron Wave","Combust"],"picked":"SKIP","floor":8},{"not_picked":["Wild Strike","Disarm"],"picked":"Uppercut","floor":10},{"not_picked":["Clash","Wild Strike","Twin Strike"],"picked":"SKIP","floor":13},{"not_picked":["Seeing Red","Twin Strike"],"picked":"Thunderclap","floor":14},{"not_picked":["Berserk","Barricade"],"picked":"Offering","floor":16},{"not_picked":["Uppercut","Headbutt"],"picked":"Spot Weakness","floor":18},{"not_picked":["Heavy Blade","Body Slam"],"picked":"Iron Wave","floor":21}],"player_experience":144924,"relics_obtained":[{"floor":3,"key":"Incense Burner"},{"floor":6,"key":"Bottled Flame"},{"floor":8,"key":"Shuriken"},{"floor":9,"key":"Omamori"},{"floor":10,"key":"Juzu Bracelet"},{"floor":14,"key":"Odd Mushroom"},{"floor":17,"key":"Bronze Scales"},{"floor":17,"key":"Letter Opener"},{"floor":17,"key":"Calipers"}],"event_choices":[{"event_name":"Liars Game","player_choice":"agreed","floor":2,"damage_taken":0},{"event_name":"World of Goop","player_choice":"Gather Gold","floor":4,"damage_taken":0},{"event_name":"Mushrooms","player_choice":"Fought Mushrooms","floor":14,"damage_taken":0},{"event_name":"Back to Basics","player_choice":"Simplicity","floor":19,"damage_taken":0},{"event_name":"The Joust","player_choice":"Bet on Owner","floor":20,"damage_taken":0}],"is_beta":false,"boss_relics":[{"not_picked":["Lizard Tail","Sozu"],"picked":"Calling Bell"}],"items_purged_floors":[11,22],"is_endless":false,"potions_floor_spawned":[8,10,13,14,16,18],"killed_by":"Gremlin Leader","ascension_level":6}