{"gold_per_floor":[116,41,41,52,65,65,76,76,99,99,110,129,129,129,129,232,232,250,262,276,276,276,276,287,322,322,341,361,361,376,390,390,390],"floor_reached":33,"playtime":1254,"items_purged":["Writhe"],"score":263,"play_id":"2007854f-a570-411d-a1f2-88c058238085","local_time":"20190116022310","is_ascension_mode":false,"campfire_choices":[{"data":"Searing Blow","floor":6.0,"key":"SMITH"},{"data":"Searing Blow+1","floor":8.0,"key":"SMITH"},{"data":"Searing Blow+2","floor":10.0,"key":"SMITH"},{"data":"Searing Blow+3","floor":15.0,"key":"SMITH"},{"floor":23,"key":"REST"},{"data":"Searing Blow+4","floor":29,"key":"SMITH"},{"floor":32,"key":"REST"}],"neow_cost":"CURSE","seed_source_timestamp":351881953715015,"circlet_count":0,"master_deck":["Strike_R","Strike_R","Strike_R","Strike_R","Defend_R","Defend_R","Defend_R","Defend_R","Bash","Searing Blow+5","Thunderclap","Shockwave","Metallicize","True Grit","Hemokinesis","Pommel Strike","Impatience","Power Through","Headbutt","Doubt","Armaments+1","True Grit","Power Through"],"special_seed":0,"relics":["Burning Blood","Nunchaku","Oddly Smooth Stone","Smiling Mask","Cursed Key","PreservedInsect","Kunai"],"potions_floor_usage":[27,28,30],"damage_taken":[{"damage":7.0,"enemies":"2 Louse","floor":1.0,"turns":3.0},{"damage":4.0,"enemies":"Cultist","floor":4.0,"turns":4.0},{"damage":11.0,"enemies":"Jaw Worm","floor":5.0,"turns":4.0},{"damage":16.0,"enemies":"Exordium Wildlife","floor":7.0,"turns":4.0},{"damage":2.0,"enemies":"Blue Slaver","floor":11.0,"turns":4.0},{"damage":17.0,"enemies":"Red Slaver","floor":12.0,"turns":4.0},{"damage":51.0,"enemies":"Hexaghost","floor":16.0,"turns":10.0},{"damage":13.0,"enemies":"2 Thieves","floor":18.0,"turns":3.0},{"damage":13.0,"enemies":"Chosen","floor":19.0,"turns":3.0},{"damage":23.0,"enemies":"Sentry and Sphere","floor":20.0,"turns":5.0},{"damage":11,"enemies":"Centurion and Healer","floor":24,"turns":4},{"damage":32,"enemies":"Book of Stabbing","floor":25,"turns":6},{"damage":3,"enemies":"Snecko","floor":27,"turns":4},{"damage":6,"enemies":"Cultist and Chosen","floor":28,"turns":4},{"damage":15,"enemies":"3 Cultists","floor":30,"turns":5},{"damage":9,"enemies":"Snake Plant","floor":31,"turns":4},{"damage":56,"enemies":"Champ","floor":33,"turns":13}],"seed_played":"8664712751475005134","potions_obtained":[{"floor":7.0,"key":"Energy Potion"},{"floor":12.0,"key":"Swift Potion"},{"floor":16.0,"key":"Strength Potion"},{"floor":20.0,"key":"AttackPotion"},{"floor":24,"key":"Block Potion"},{"floor":30,"key":"Energy Potion"}],"is_trial":false,"path_per_floor":["M","$","?","M","M","R","M","R","T","R","M","M","?","T","R","B",null,"M","M","M","?","?","R","M","E","T","M","M","R","M","M","R","B"],"character_chosen":"IRONCLAD","items_purchased":[],"campfire_rested":2,"item_purchase_floors":[],"current_hp_per_floor":[79,79,79,80,75,75,65,65,65,65,69,58,58,58,58,13,80,73,66,49,34,34,59,54,28,28,31,31,31,22,19,44,0],"gold":390,"neow_bonus":"ONE_RARE_RELIC","is_prod":false,"is_daily":false,"chose_seed":false,"campfire_upgraded":5,"win_rate":0,"timestamp":1547601790,"path_taken":["M","$","?","M","M","R","?","R","T","R","M","M","?","?","R","BOSS","M","M","M","?","?","R","M","E","T","?","?","R","M","M","R","BOSS"],"build_version":"2019-01-10","purchased_purges":1,"victory":false,"max_hp_per_floor":[80,80,80,80,80,80,80,80,80,80,80,80,80,80,80,80,80,80,80,80,85,85,85,85,85,85,85,85,85,85,85,85,85],"card_choices":[{"not_picked":["Warcry","Armaments","Burning Pact"],"picked":"SKIP","floor":1.0},{"not_picked":["Sword Boomerang","Twin Strike"],"picked":"Searing Blow","floor":4.0},{"not_picked":["Hemokinesis","Clothesline"],"picked":"Thunderclap","floor":5.0},{"not_picked":["Combust","Iron Wave"],"picked":"Shockwave","floor":7.0},{"not_picked":["Pommel Strike","Warcry"],"picked":"Metallicize","floor":11.0},{"not_picked":["Flex","Clash"],"picked":"True Grit","floor":12.0},{"not_picked":["Heavy Blade","Combust"],"picked":"Pommel Strike","floor":18.0},{"not_picked":["Feel No Pain","Clash","Entrench"],"picked":"SKIP","floor":19.0},{"not_picked":["Anger","Corruption","Heavy Blade"],"picked":"SKIP","floor":20.0},{"not_picked":["Havoc","Heavy Blade"],"picked":"Power Through","floor":24},{"not_picked":["Corruption","Twin Strike"],"picked":"Headbutt","floor":25},{"not_picked":["Infernal Blade","Hemokinesis"],"picked":"Armaments+1","floor":27},{"not_picked":["Headbutt","Thunderclap"],"picked":"True Grit","floor":28},{"not_picked":["Reckless Charge","Feel No Pain+1"],"picked":"Power Through","floor":30},{"not_picked":["Body Slam","Flex","Thunderclap"],"picked":"SKIP","floor":31}],"player_experience":474385,"relics_obtained":[{"floor":9.0,"key":"Oddly Smooth Stone"},{"floor":14.0,"key":"Smiling Mask"},{"floor":25,"key":"PreservedInsect"},{"floor":26,"key":"Kunai"}],"event_choices":[{"cards_removed":["Strike_B"],"damage_healed":0.0,"max_hp_gain":0.0,"max_hp_loss":0.0,"gold_gain":0.0,"event_name":"NoteForYourself","player_choice":"Took Card","floor":3.0,"gold_loss":0.0,"damage_taken":0.0,"cards_obtained":["Strike_B"]},{"damage_healed":0.0,"max_hp_gain":0.0,"max_hp_loss":0.0,"gold_gain":0.0,"cards_transformed":["Strike_R"],"event_name":"Living Wall","player_choice":"Change","floor":13.0,"gold_loss":0.0,"damage_taken":0.0,"cards_obtained":["Hemokinesis"]},{"damage_healed":0.0,"max_hp_gain":5.0,"max_hp_loss":0.0,"gold_gain":0.0,"event_name":"Forgotten Altar","player_choice":"Shed Blood","floor":21.0,"gold_loss":0.0,"damage_taken":20.0},{"damage_healed":0,"gold_gain":0,"player_choice":"1 cards matched","damage_taken":0,"max_hp_gain":0,"max_hp_loss":0,"event_name":"Match and Keep!","floor":22,"gold_loss":0,"cards_obtained":["Impatience"]}],"is_beta":false,"boss_relics":[{"not_picked":["Eternal Feather","Snecko Eye"],"picked":"Cursed Key"}],"items_purged_floors":[2],"is_endless":false,"potions_floor_spawned":[7,12,16,20,24,25,30],"killed_by":"Champ","ascension_level":0}