{"gold_per_floor":[114,129,129,54,54,54,87,103,127,127,144,144,159,176,176,276,276,291,291,291,307,320,320,348,348,372,382,408,201,201,211,211,211],"floor_reached":33,"playtime":1984,"items_purged":["Recycle"],"score":334,"play_id":"aedee2ec-f882-4058-86b1-3fa55d0332bd","local_time":"20190506000401","is_ascension_mode":true,"campfire_choices":[{"floor":6.0,"key":"REST"},{"floor":12.0,"key":"REST"},{"floor":15.0,"key":"REST"},{"floor":23.0,"key":"REST"},{"floor":25.0,"key":"REST"},{"floor":30.0,"key":"REST"},{"floor":32.0,"key":"REST"}],"neow_cost":"NONE","seed_source_timestamp":0,"circlet_count":0,"master_deck":["Zap","Dualcast+1","Tempest","Static Discharge+1","Gash","Leap","Lockon","Thunder Strike"],"special_seed":0,"relics":["Pandora\u0027s Box","Potion Belt","Anchor","Orichalcum","Empty Cage","DataDisk","Red Mask","Boot","Bottled Lightning","Toolbox"],"potions_floor_usage":[33,33,33,33,33],"damage_taken":[{"damage":3.0,"enemies":"Jaw Worm","floor":1.0,"turns":3.0},{"damage":5.0,"enemies":"Small Slimes","floor":2.0,"turns":3.0},{"damage":22.0,"enemies":"3 Sentries","floor":7.0,"turns":6.0},{"damage":3.0,"enemies":"2 Louse","floor":8.0,"turns":2.0},{"damage":10.0,"enemies":"2 Fungi Beasts","floor":11.0,"turns":3.0},{"damage":1.0,"enemies":"Looter","floor":13.0,"turns":2.0},{"damage":0.0,"enemies":"Exordium Thugs","floor":14.0,"turns":3.0},{"damage":16.0,"enemies":"Slime Boss","floor":16.0,"turns":6.0},{"damage":2.0,"enemies":"Chosen","floor":18.0,"turns":3.0},{"damage":7.0,"enemies":"Spheric Guardian","floor":21.0,"turns":3.0},{"damage":28.0,"enemies":"Cultist and Chosen","floor":22.0,"turns":5.0},{"damage":29.0,"enemies":"Masked Bandits","floor":24.0,"turns":3.0},{"damage":13.0,"enemies":"Snecko","floor":27.0,"turns":4.0},{"damage":30.0,"enemies":"Gremlin Leader","floor":28.0,"turns":4.0},{"damage":8.0,"enemies":"Snake Plant","floor":31.0,"turns":2.0},{"damage":64,"enemies":"Collector","floor":33,"turns":7}],"seed_played":"-5709517531556607606","potions_obtained":[{"floor":1.0,"key":"EssenceOfSteel"},{"floor":7.0,"key":"Dexterity Potion"},{"floor":14.0,"key":"Dexterity Potion"},{"floor":18.0,"key":"PowerPotion"},{"floor":21.0,"key":"Energy Potion"},{"floor":28.0,"key":"LiquidBronze"},{"floor":31.0,"key":"SkillPotion"}],"is_trial":false,"path_per_floor":["M","M","?","$","?","R","E","M","T","?","M","R","M","M","R","B",null,"M","?","?","M","M","R","?","R","T","M","E","$","R","M","R","B"],"character_chosen":"DEFECT","items_purchased":["Toolbox"],"campfire_rested":7,"item_purchase_floors":[29],"current_hp_per_floor":[72,67,55,55,55,75,53,50,50,35,25,47,46,46,68,52,69,67,67,67,60,32,54,25,47,47,34,4,4,26,18,40,0],"gold":211,"neow_bonus":"BOSS_RELIC","is_prod":false,"is_daily":false,"chose_seed":false,"campfire_upgraded":0,"win_rate":0,"timestamp":1557097441,"path_taken":["M","M","?","$","?","R","E","M","T","?","M","R","M","M","R","BOSS","M","?","?","M","M","R","?","R","T","M","E","$","R","M","R","BOSS"],"build_version":"2019-01-23","purchased_purges":1,"victory":false,"max_hp_per_floor":[75,75,75,75,75,75,75,75,75,75,75,75,75,75,75,75,75,75,75,75,75,75,75,75,75,75,75,75,75,75,75,75,75],"card_choices":[{"not_picked":["Cold Snap","White Noise"],"picked":"Lockon","floor":1.0},{"not_picked":["Compile Driver","Streamline","Darkness"],"picked":"SKIP","floor":2.0},{"not_picked":["Rebound","Force Field","Lockon"],"picked":"SKIP","floor":7.0},{"not_picked":["Stack","Sweeping Beam","Go for the Eyes"],"picked":"SKIP","floor":8.0},{"not_picked":["Storm","Fusion","Cold Snap"],"picked":"SKIP","floor":11.0},{"not_picked":["Force Field","Machine Learning","Ball Lightning"],"picked":"SKIP","floor":13.0},{"not_picked":["Stack","FTL","Skim"],"picked":"SKIP","floor":14.0},{"not_picked":["Seek","Creative AI"],"picked":"Thunder Strike","floor":16.0},{"not_picked":["Hologram","Redo","Coolheaded+1"],"picked":"SKIP","floor":18.0},{"not_picked":["Doom and Gloom+1","Hologram","Scrape"],"picked":"SKIP","floor":21.0},{"not_picked":["Cold Snap","Hologram","Redo"],"picked":"SKIP","floor":22.0},{"not_picked":["Turbo","Hologram","Blizzard"],"picked":"SKIP","floor":27.0},{"not_picked":["Redo","Coolheaded","Undo"],"picked":"SKIP","floor":28.0},{"not_picked":["Scrape+1","Lockon","Hello World+1"],"picked":"SKIP","floor":31.0}],"player_experience":749976,"relics_obtained":[{"floor":7.0,"key":"Anchor"},{"floor":9.0,"key":"Orichalcum"},{"floor":24.0,"key":"Red Mask"},{"floor":26.0,"key":"Boot"},{"floor":28.0,"key":"Bottled Lightning"}],"event_choices":[{"damage_healed":0.0,"max_hp_gain":0.0,"max_hp_loss":0.0,"gold_gain":0.0,"event_name":"Scrap Ooze","player_choice":"Success","floor":3.0,"gold_loss":0.0,"damage_taken":12.0,"relics_obtained":["Potion Belt"]},{"damage_healed":0.0,"max_hp_gain":0.0,"max_hp_loss":0.0,"gold_gain":0.0,"event_name":"Golden Idol","player_choice":"Ignored","floor":5.0,"gold_loss":0.0,"damage_taken":0.0},{"damage_healed":0.0,"max_hp_gain":0.0,"max_hp_loss":0.0,"gold_gain":0.0,"event_name":"Shining Light","player_choice":"Entered Light","floor":10.0,"gold_loss":0.0,"damage_taken":15.0,"cards_upgraded":["Dualcast","Static Discharge"]},{"damage_healed":0.0,"max_hp_gain":0.0,"max_hp_loss":0.0,"gold_gain":0.0,"event_name":"The Mausoleum","player_choice":"Opened","floor":19.0,"gold_loss":0.0,"damage_taken":0.0,"relics_obtained":["DataDisk"]},{"cards_removed":["Compile Driver"],"damage_healed":0.0,"max_hp_gain":0.0,"max_hp_loss":0.0,"gold_gain":0.0,"event_name":"Back to Basics","player_choice":"Elegance","floor":20.0,"gold_loss":0.0,"damage_taken":0.0},{"damage_healed":0.0,"max_hp_gain":0.0,"max_hp_loss":0.0,"gold_gain":0.0,"event_name":"Masked Bandits","player_choice":"Fought Bandits","floor":24.0,"gold_loss":0.0,"damage_taken":0.0}],"is_beta":false,"boss_relics":[{"not_picked":["Coffee Dripper","Sozu"],"picked":"Empty Cage"}],"items_purged_floors":[4],"is_endless":false,"potions_floor_spawned":[1,7,14,18,21,28,31],"killed_by":"Collector","ascension_level":5}