{"gold_per_floor":[361,371,391,411,428,428,454,454,505,44,54,72,107,124,124,197,197,216,231,300,313,313,347,347,377,427,427,442,15,28,40,40,116,116,130,130,149,2,52,83,100,100,100,119,144,49,49,68,68,68],"floor_reached":51,"playtime":2478,"items_purged":["Strike_R","Anger","Strike_R"],"score":1417,"play_id":"d135e93b-b6ac-4831-83ab-dddc975ef28b","local_time":"20190424124924","is_ascension_mode":true,"campfire_choices":[{"data":"Bash","floor":6.0,"key":"SMITH"},{"data":"Uppercut","floor":8.0,"key":"SMITH"},{"data":"Disarm","floor":15.0,"key":"SMITH"},{"data":"Juggernaut","floor":24.0,"key":"SMITH"},{"data":"Inflame","floor":27.0,"key":"SMITH"},{"data":"Metallicize","floor":32.0,"key":"SMITH"},{"data":"Spot Weakness","floor":42,"key":"SMITH"},{"data":"Battle Trance","floor":47,"key":"SMITH"},{"data":"Shockwave","floor":49,"key":"SMITH"}],"neow_cost":"TEN_PERCENT_HP_LOSS","seed_source_timestamp":103624536327933,"circlet_count":0,"master_deck":["AscendersBane","Strike_R","Strike_R","Strike_R","Defend_R","Defend_R","Defend_R","Defend_R","Bash+1","Inflame+1","Juggernaut+1","Disarm+1","Headbutt","Uppercut+1","Feed","Power Through","Battle Trance+1","Shrug It Off","Immolate","Shockwave+1","Clothesline","Flame Barrier","Exhume","Whirlwind+1","Metallicize+1","Apotheosis","True Grit","Fiend Fire","Shrug It Off+1","Flame Barrier","Shrug It Off+1","Spot Weakness+1","Combust+1","Rupture+1","True Grit"],"special_seed":0,"relics":["Burning Blood","Blood Vial","Boot","Gremlin Horn","Meat on the Bone","Snecko Eye","Dodecahedron","Bag of Preparation","Bottled Tornado","Anchor","Pen Nib","Eternal Feather","Oddly Smooth Stone","Dream Catcher","Frozen Egg 2","Smiling Mask"],"potions_floor_usage":[44,50,50],"damage_taken":[{"damage":1.0,"enemies":"Cultist","floor":1.0,"turns":4.0},{"damage":7.0,"enemies":"Jaw Worm","floor":2.0,"turns":3.0},{"damage":2.0,"enemies":"2 Louse","floor":3.0,"turns":3.0},{"damage":20.0,"enemies":"Gremlin Gang","floor":4.0,"turns":6.0},{"damage":15.0,"enemies":"Looter","floor":5.0,"turns":3.0},{"damage":21.0,"enemies":"Lagavulin","floor":7.0,"turns":7.0},{"damage":22.0,"enemies":"Exordium Thugs","floor":11.0,"turns":6.0},{"damage":1.0,"enemies":"Blue Slaver","floor":12.0,"turns":3.0},{"damage":2.0,"enemies":"Gremlin Nob","floor":13.0,"turns":3.0},{"damage":7.0,"enemies":"Looter","floor":14.0,"turns":4.0},{"damage":11.0,"enemies":"The Guardian","floor":16.0,"turns":14.0},{"damage":23.0,"enemies":"3 Byrds","floor":18.0,"turns":6.0},{"damage":6.0,"enemies":"Shell Parasite","floor":19.0,"turns":5.0},{"damage":2.0,"enemies":"Cultist and Chosen","floor":21.0,"turns":4.0},{"damage":5.0,"enemies":"Gremlin Leader","floor":23.0,"turns":6.0},{"damage":39.0,"enemies":"Book of Stabbing","floor":25.0,"turns":7.0},{"damage":8.0,"enemies":"Centurion and Healer","floor":28.0,"turns":7.0},{"damage":27.0,"enemies":"Sentry and Sphere","floor":30.0,"turns":6.0},{"damage":5.0,"enemies":"Snake Plant","floor":31.0,"turns":6.0},{"damage":20.0,"enemies":"Collector","floor":33.0,"turns":6.0},{"damage":2.0,"enemies":"Orb Walker","floor":35.0,"turns":3.0},{"damage":9.0,"enemies":"3 Shapes","floor":37.0,"turns":2.0},{"damage":52,"enemies":"Nemesis","floor":40,"turns":9},{"damage":6,"enemies":"Maw","floor":41,"turns":8},{"damage":18,"enemies":"Transient","floor":44,"turns":5},{"damage":0,"enemies":"Reptomancer","floor":45,"turns":3},{"damage":7,"enemies":"Sphere and 2 Shapes","floor":48,"turns":5},{"damage":62,"enemies":"Donu and Deca","floor":50,"turns":12}],"seed_played":"9152807700236854670","potions_obtained":[{"floor":1.0,"key":"FearPotion"},{"floor":2.0,"key":"PowerPotion"},{"floor":7.0,"key":"AttackPotion"},{"floor":18.0,"key":"EssenceOfSteel"},{"floor":23.0,"key":"Dexterity Potion"},{"floor":33.0,"key":"FearPotion"},{"floor":44,"key":"LiquidBronze"},{"floor":45,"key":"Dexterity Potion"}],"is_trial":false,"path_per_floor":["M","M","M","M","M","R","E","R","T","$","M","M","E","M","R","B",null,"M","M","T","M","?","E","R","E","T","R","M","$","M","M","R","B",null,"M","?","M","$","?","E","M","R","T","M","E","$","R","M","R","B",null],"character_chosen":"IRONCLAD","items_purchased":["Feed","Gremlin Horn","Apotheosis","Pen Nib","Oddly Smooth Stone","True Grit"],"campfire_rested":0,"item_purchase_floors":[10,10,29,29,38,46],"current_hp_per_floor":[68,67,68,54,45,45,30,30,30,30,19,29,38,51,51,51,73,61,63,63,72,72,75,75,56,56,56,59,59,56,59,59,63,89,95,97,94,94,94,62,64,82,82,72,80,80,97,99,100,56],"gold":68,"neow_bonus":"TWO_FIFTY_GOLD","is_prod":false,"is_daily":false,"chose_seed":false,"campfire_upgraded":9,"win_rate":0,"timestamp":1556135364,"path_taken":["M","?","M","M","M","R","E","R","T","$","M","M","E","M","R","BOSS","M","M","?","M","?","E","R","E","T","R","M","?","M","M","R","BOSS","M","?","M","?","?","E","M","R","T","M","E","$","R","M","R","BOSS"],"build_version":"2019-01-23","purchased_purges":3,"victory":true,"max_hp_per_floor":[68,68,68,68,68,68,68,68,68,68,71,74,77,77,77,80,80,83,83,83,86,86,86,86,86,86,86,89,89,93,93,93,97,97,97,97,97,97,97,97,97,97,97,97,97,97,97,100,100,100],"card_choices":[{"not_picked":["Heavy Blade","Sword Boomerang"],"picked":"Anger","floor":1.0},{"not_picked":["Shrug It Off","Wild Strike"],"picked":"Inflame","floor":2.0},{"not_picked":["Perfected Strike","Entrench"],"picked":"Juggernaut","floor":3.0},{"not_picked":["Heavy Blade","Perfected Strike"],"picked":"Disarm","floor":4.0},{"not_picked":["Bloodletting","Warcry"],"picked":"Headbutt","floor":5.0},{"not_picked":["Twin Strike","Rupture"],"picked":"Uppercut","floor":7.0},{"not_picked":["Evolve","Rupture","Thunderclap"],"picked":"SKIP","floor":11.0},{"not_picked":["Havoc","Body Slam"],"picked":"Power Through","floor":12.0},{"not_picked":["Demon Form","Flex"],"picked":"Battle Trance","floor":13.0},{"not_picked":["Reckless Charge","Flex"],"picked":"Shrug It Off","floor":14.0},{"not_picked":["Berserk","Double Tap"],"picked":"Immolate","floor":16.0},{"not_picked":["Clothesline","Sentinel"],"picked":"Shockwave","floor":18.0},{"not_picked":["Cleave","Pommel Strike"],"picked":"Clothesline","floor":19.0},{"not_picked":["Wild Strike","Anger"],"picked":"Flame Barrier","floor":21.0},{"not_picked":["Cleave+1","Double Tap"],"picked":"Exhume","floor":23.0},{"not_picked":["Battle Trance","Sentinel"],"picked":"Whirlwind+1","floor":25.0},{"not_picked":["Thunderclap","Body Slam+1"],"picked":"Metallicize","floor":28.0},{"not_picked":["Wild Strike","Anger"],"picked":"True Grit","floor":30.0},{"not_picked":["Burning Pact","Warcry","Perfected Strike"],"picked":"SKIP","floor":31.0},{"not_picked":["Juggernaut","Berserk"],"picked":"Fiend Fire","floor":33.0},{"not_picked":["Flame Barrier","Flex+1"],"picked":"Shrug It Off+1","floor":35.0},{"not_picked":["Carnage","Infernal Blade"],"picked":"Flame Barrier","floor":37.0},{"not_picked":["Thunderclap","Sword Boomerang"],"picked":"Shrug It Off+1","floor":40},{"not_picked":["Sword Boomerang","Thunderclap"],"picked":"Spot Weakness","floor":41},{"not_picked":["Body Slam","Flex+1","Combust+1"],"picked":"SKIP","floor":44},{"not_picked":["Body Slam","Flex+1"],"picked":"Combust+1","floor":44},{"not_picked":["Cleave","Blood for Blood"],"picked":"Rupture+1","floor":45},{"not_picked":["Carnage","Clothesline","True Grit"],"picked":"SKIP","floor":48}],"player_experience":2492978,"relics_obtained":[{"floor":7.0,"key":"Blood Vial"},{"floor":9.0,"key":"Boot"},{"floor":13.0,"key":"Meat on the Bone"},{"floor":20.0,"key":"Dodecahedron"},{"floor":23.0,"key":"Bag of Preparation"},{"floor":25.0,"key":"Bottled Tornado"},{"floor":26.0,"key":"Anchor"},{"floor":40,"key":"Dream Catcher"},{"floor":43,"key":"Frozen Egg 2"},{"floor":45,"key":"Smiling Mask"}],"event_choices":[{"damage_healed":0.0,"max_hp_gain":0.0,"max_hp_loss":0.0,"gold_gain":0.0,"event_name":"The Mausoleum","player_choice":"Ignored","floor":22.0,"gold_loss":0.0,"damage_taken":0.0},{"damage_healed":2.0,"max_hp_gain":0.0,"max_hp_loss":0.0,"gold_gain":0.0,"event_name":"Wheel of Change","player_choice":"Full Heal","floor":36.0,"gold_loss":0.0,"damage_taken":0.0},{"damage_healed":0,"gold_gain":50,"player_choice":"Pray","damage_taken":0,"max_hp_gain":0,"max_hp_loss":0,"event_name":"Golden Shrine","floor":39,"gold_loss":0}],"is_beta":false,"boss_relics":[{"not_picked":["Runic Dome","Calling Bell"],"picked":"Snecko Eye"},{"not_picked":["Busted Crown","Tiny House"],"picked":"Eternal Feather"}],"items_purged_floors":[10,29,46],"is_endless":false,"potions_floor_spawned":[1,2,7,12,18,23,25,31,33,35,40,44,45],"ascension_level":15}