{"gold_per_floor":[115,135,170,190,190,220,220,251,251,176,176,188,223,223,223,297,297,315,268,280,38,38,69,69,84,84,117,117,167,167,193,193,270,270,283,283,283,64,111,111,139,139,166,185,185,185,202,337,337,337],"floor_reached":51,"playtime":2482,"items_purged":["Strike_R"],"score":1393,"play_id":"014b0cf5-e56b-4608-97cd-19d7e2172ba0","local_time":"25620119175021","is_ascension_mode":true,"campfire_choices":[{"floor":7.0,"key":"REST"},{"floor":11.0,"key":"REST"},{"floor":15.0,"key":"REST"},{"floor":30.0,"key":"REST"},{"floor":32.0,"key":"REST"},{"floor":40.0,"key":"REST"},{"floor":42.0,"key":"REST"},{"data":"Offering","floor":45.0,"key":"SMITH"},{"floor":49.0,"key":"REST"}],"neow_cost":"PERCENT_DAMAGE","seed_source_timestamp":23110853596990,"circlet_count":0,"master_deck":["AscendersBane","Strike_R+1","Strike_R+1","Strike_R+1","Strike_R+1","Defend_R+1","Defend_R+1","Defend_R+1","Defend_R+1","Bash+1","Headbutt+1","Bloodletting+1","Thunderclap+1","Rage","Metallicize+1","Ghostly Armor+1","ReplayTheSpireMod:Corrosion Curse","Run Through+1","Bludgeon+1","Eclipse+1","Shrug It Off","Iron Wave+1","Dropkick","Immolate+1","Offering+1","Pommel Strike+1","Shockwave","Shrug It Off","Havoc","Warcry"],"special_seed":0,"relics":["Burning Blood","Gremlin Food","Potion Belt","hubris:ChampionShield","ReplayTheSpireMod:Ninjato","Champion Belt","Sozu","Guide Book","Art of War","hubris:TinFlute","Quantum Egg","Vajra","Lantern","Mark of Pain","ClockworkSouvenir","infinitespire:CursedDice","Mercury Hourglass","Simple Rune","CultistMask","infinitespire:Magic Flask","Ancient Tea Set"],"potions_floor_usage":[],"damage_taken":[{"damage":13.0,"enemies":"Small Slimes","floor":1.0,"turns":6.0},{"damage":1.0,"enemies":"Cultist","floor":2.0,"turns":3.0},{"damage":4.0,"enemies":"Jaw Worm","floor":4.0,"turns":5.0},{"damage":24.0,"enemies":"3 Sentries","floor":6.0,"turns":8.0},{"damage":41.0,"enemies":"Erikyupuro","floor":8.0,"turns":8.0},{"damage":12.0,"enemies":"2 Fungi Beasts","floor":12.0,"turns":3.0},{"damage":18.0,"enemies":"3 Sentries","floor":13.0,"turns":10.0},{"damage":63.0,"enemies":"Hexaghost","floor":16.0,"turns":11.0},{"damage":0.0,"enemies":"Chosen","floor":18.0,"turns":3.0},{"damage":10.0,"enemies":"2 Thieves","floor":19.0,"turns":5.0},{"damage":40.0,"enemies":"Chosen and Byrds","floor":20.0,"turns":6.0},{"damage":26.0,"enemies":"Nightmare","floor":23.0,"turns":7.0},{"damage":6.0,"enemies":"Centurion and Healer","floor":25.0,"turns":6.0},{"damage":30.0,"enemies":"Book of Stabbing","floor":27.0,"turns":4.0},{"damage":47.0,"enemies":"hubris:MusketHawk","floor":33.0,"turns":8.0},{"damage":7.0,"enemies":"3 Shapes","floor":35.0,"turns":3.0},{"damage":26.0,"enemies":"2 Orb Walkers","floor":39.0,"turns":2.0},{"damage":49.0,"enemies":"Nightmare","floor":41.0,"turns":10.0},{"damage":0.0,"enemies":"3 Darklings","floor":44.0,"turns":4.0},{"damage":6.0,"enemies":"4 Shapes","floor":47.0,"turns":4.0},{"damage":30.0,"enemies":"R_Hoarder","floor":48.0,"turns":7.0},{"damage":61,"enemies":"Time Eater","floor":50,"turns":9}],"seed_played":"449305412942433587","potions_obtained":[{"floor":1.0,"key":"PowerPotion"},{"floor":3.0,"key":"Regen Potion"},{"floor":4.0,"key":"Ancient Potion"},{"floor":8.0,"key":"Ancient Potion"},{"floor":16.0,"key":"SteroidPotion"}],"is_trial":false,"path_per_floor":["M","M","?","M","?","E","R","E","T","?","R","M","E","?","R","B",null,"M","M","M","$","?","NM","T","M","T","E","?","?","R","T","R","B",null,"M","?","?","$","?","R","NM","R","T","M","R","?","M","E","R","B",null],"character_chosen":"IRONCLAD","items_purchased":["Guide Book","ClockworkSouvenir"],"campfire_rested":8,"item_purchase_floors":[21,38],"current_hp_per_floor":[57,62,62,78,83,65,93,58,58,58,86,80,68,68,94,37,80,86,82,48,48,67,47,47,47,47,23,23,23,51,51,79,38,80,79,79,79,79,59,85,51,77,77,83,83,83,83,59,85,30],"gold":337,"neow_bonus":"TWENTY_PERCENT_HP_BONUS","is_prod":false,"is_daily":false,"chose_seed":false,"campfire_upgraded":1,"win_rate":0,"timestamp":1547895021,"path_taken":["M","M","?","?","?","E","R","E","T","?","R","M","E","?","R","BOSS","M","M","M","$","?","NM","?","M","T","E","?","?","R","?","R","BOSS","M","?","?","$","?","R","NM","R","T","M","R","?","M","E","R","BOSS"],"build_version":"2019-01-17v2","purchased_purges":1,"victory":true,"max_hp_per_floor":[89,89,89,89,94,94,94,94,94,94,94,94,94,94,94,94,94,94,94,94,94,94,94,94,94,94,94,94,94,94,94,94,94,94,94,94,89,89,89,89,89,89,89,89,89,89,89,89,89,89],"card_choices":[{"not_picked":["Pummel","hubris:CleavingFinish"],"picked":"Headbutt","floor":1.0},{"not_picked":["Cleave","Hemokinesis"],"picked":"Bloodletting","floor":2.0},{"not_picked":["Twin Strike","Clothesline"],"picked":"Thunderclap","floor":3.0},{"not_picked":["Clash","Heavy Blade"],"picked":"Rage","floor":3.0},{"not_picked":["Sever Soul","Warcry"],"picked":"Metallicize","floor":4.0},{"not_picked":["Reckless Charge","Cleave"],"picked":"Ghostly Armor","floor":6.0},{"not_picked":["Replay:Undeath\u0027s Touch","Heavy Blade"],"picked":"ReplayTheSpireMod:Corrosion Curse","floor":8.0},{"not_picked":["Warcry","Second Wind"],"picked":"Run Through","floor":12.0},{"not_picked":["Thunderclap","hubris:CleavingFinish"],"picked":"Bludgeon","floor":13.0},{"not_picked":["hubris:StunningStrike","Brutality"],"picked":"Eclipse","floor":16.0},{"not_picked":["Clothesline","Second Wind","Evolve"],"picked":"SKIP","floor":18.0},{"not_picked":["Rupture","Seeing Red+1"],"picked":"Shrug It Off","floor":19.0},{"not_picked":["Sword Boomerang","Flex"],"picked":"Iron Wave+1","floor":20.0},{"not_picked":["Cleave","Evolve"],"picked":"Dropkick","floor":23.0},{"not_picked":["Massacre","Abandon","Wild Strike"],"picked":"SKIP","floor":25.0},{"not_picked":["Iron Wave","Exhume"],"picked":"Immolate","floor":27.0},{"not_picked":["Feed","Reaper"],"picked":"Offering","floor":33.0},{"not_picked":["Hemokinesis","Thunderclap+1","Havoc"],"picked":"SKIP","floor":35.0},{"not_picked":["Flex","Run Through+1"],"picked":"Pommel Strike+1","floor":39.0},{"not_picked":["Blood for Blood+1","Wild Strike"],"picked":"Shockwave","floor":41.0},{"not_picked":["Thunderclap+1","Anger"],"picked":"Shrug It Off","floor":44.0},{"not_picked":["Clash","Cleave+1"],"picked":"Havoc","floor":47.0},{"not_picked":["Clothesline","Replay:Many Hands"],"picked":"Warcry","floor":48.0}],"player_experience":246651,"relics_obtained":[{"floor":3.0,"key":"Gremlin Food"},{"floor":6.0,"key":"Potion Belt"},{"floor":8.0,"key":"hubris:ChampionShield"},{"floor":9.0,"key":"ReplayTheSpireMod:Ninjato"},{"floor":13.0,"key":"Champion Belt"},{"floor":23.0,"key":"Art of War"},{"floor":24.0,"key":"hubris:TinFlute"},{"floor":26.0,"key":"Quantum Egg"},{"floor":27.0,"key":"Vajra"},{"floor":31.0,"key":"Lantern"},{"floor":39.0,"key":"infinitespire:CursedDice"},{"floor":41.0,"key":"Mercury Hourglass"},{"floor":43.0,"key":"Simple Rune"},{"floor":48.0,"key":"Ancient Tea Set"}],"event_choices":[{"damage_healed":0.0,"max_hp_gain":5.0,"max_hp_loss":0.0,"gold_gain":0.0,"event_name":"Big Fish","player_choice":"Donut","floor":5.0,"gold_loss":0.0,"damage_taken":0.0},{"cards_removed":["Pain"],"damage_healed":0.0,"max_hp_gain":0.0,"max_hp_loss":0.0,"gold_gain":0.0,"event_name":"The Cleric","player_choice":"Card Removal","floor":10.0,"gold_loss":75.0,"damage_taken":0.0},{"damage_healed":0.0,"max_hp_gain":0.0,"max_hp_loss":0.0,"gold_gain":0.0,"event_name":"Living Wall","player_choice":"Grow","floor":14.0,"gold_loss":0.0,"damage_taken":0.0,"cards_upgraded":["Bludgeon"]},{"damage_healed":19.0,"max_hp_gain":0.0,"max_hp_loss":0.0,"gold_gain":0.0,"event_name":"The Library","player_choice":"Heal","floor":22.0,"gold_loss":0.0,"damage_taken":0.0},{"damage_healed":0.0,"max_hp_gain":0.0,"max_hp_loss":0.0,"gold_gain":0.0,"event_name":"Back to Basics","player_choice":"Simplicity","floor":28.0,"gold_loss":0.0,"damage_taken":0.0,"cards_upgraded":["Strike_R","Strike_R","Strike_R","Defend_R","Defend_R","Defend_R","Defend_R"]},{"damage_healed":0.0,"max_hp_gain":0.0,"max_hp_loss":0.0,"gold_gain":50.0,"event_name":"Nest","player_choice":"Stole From Cult","floor":29.0,"gold_loss":0.0,"damage_taken":0.0},{"damage_healed":0.0,"max_hp_gain":0.0,"max_hp_loss":0.0,"gold_gain":0.0,"event_name":"Tomb of Lord Red Mask","player_choice":"Ignored","floor":36.0,"gold_loss":0.0,"damage_taken":0.0},{"damage_healed":0.0,"max_hp_gain":0.0,"max_hp_loss":5.0,"gold_gain":0.0,"event_name":"Winding Halls","player_choice":"Max HP","floor":37.0,"gold_loss":0.0,"damage_taken":0.0},{"damage_healed":0.0,"max_hp_gain":0.0,"max_hp_loss":0.0,"gold_gain":0.0,"event_name":"Mysterious Sphere","player_choice":"Fight","floor":39.0,"gold_loss":0.0,"damage_taken":0.0},{"damage_healed":0.0,"max_hp_gain":0.0,"max_hp_loss":0.0,"gold_gain":0.0,"event_name":"FaceTrader","player_choice":"Trade","floor":46.0,"gold_loss":0.0,"damage_taken":0.0,"relics_obtained":["CultistMask"]}],"is_beta":false,"boss_relics":[{"not_picked":["Lizard Tail","White Beast Statue"],"picked":"Sozu"},{"not_picked":["hubris:BlackHole","Tiny House"],"picked":"Mark of Pain"}],"items_purged_floors":[21],"is_endless":false,"potions_floor_spawned":[1,4,8,16,23,27,33,35,39,44,48],"ascension_level":18}