{"gold_per_floor":[109,128,203,6,23,23,42,68,91,103,130,168,180,24,24,121,121,138,66,66,85,85],"floor_reached":22,"playtime":1051,"items_purged":["Strike_B","Strike_B"],"score":262,"play_id":"626c0a7f-c188-4935-8acd-27a0498ea4f3","local_time":"20180925212603","is_ascension_mode":true,"campfire_choices":[{"data":"Defragment","floor":6,"key":"SMITH"},{"data":"Defragment","floor":10,"key":"SMITH"},{"data":"Darkness","floor":13,"key":"SMITH"},{"data":"Chaos","floor":15,"key":"SMITH"}],"neow_cost":"NONE","seed_source_timestamp":427090524211638,"circlet_count":0,"master_deck":["Strike_B","Strike_B","Defend_B","Defend_B","Defend_B","Defend_B","Zap","Dualcast","Defragment+1","Conserve Battery","Defragment+1","Coolheaded","Chaos+1","Seek","Darkness+1","Redo","Go for the Eyes","Chill","Electrodynamics","Turbo","Loop","Self Repair+1"],"relics":["FrozenCore","Bag of Marbles","Strawberry","MawBank","Happy Flower"],"potions_floor_usage":[8,22,22],"damage_taken":[{"damage":2,"enemies":"Jaw Worm","floor":1,"turns":3},{"damage":0,"enemies":"Cultist","floor":2,"turns":4},{"damage":3,"enemies":"2 Louse","floor":5,"turns":5},{"damage":4,"enemies":"Red Slaver","floor":7,"turns":4},{"damage":5,"enemies":"Lagavulin","floor":8,"turns":6},{"damage":9,"enemies":"3 Louse","floor":11,"turns":4},{"damage":23,"enemies":"Gremlin Nob","floor":12,"turns":4},{"damage":30,"enemies":"The Guardian","floor":16,"turns":9},{"damage":4,"enemies":"2 Thieves","floor":18,"turns":4},{"damage":3,"enemies":"Chosen","floor":21,"turns":5},{"damage":0,"enemies":"Colosseum Slavers","floor":22,"turns":1},{"damage":48,"enemies":"Colosseum Nobs","floor":22,"turns":3}],"seed_played":"-572837719613497575","potions_obtained":[{"floor":1,"key":"Regen Potion"},{"floor":2,"key":"SmokeBomb"},{"floor":16,"key":"Poison Potion"},{"floor":21,"key":"GamblersBrew"}],"is_trial":false,"path_per_floor":["M","M","?","$","M","R","M","E","T","R","M","E","R","$","R","B",null,"M","$","?","M"],"character_chosen":"DEFECT","items_purchased":["Defragment","Coolheaded","Chill","Loop"],"campfire_rested":0,"item_purchase_floors":[4,4,14,19],"current_hp_per_floor":[66,66,55,55,52,52,48,65,65,65,56,33,33,33,33,3,62,58,58,50,47,0],"gold":85,"neow_bonus":"RANDOM_COMMON_RELIC","is_prod":false,"is_daily":false,"chose_seed":false,"campfire_upgraded":4,"win_rate":0,"timestamp":1537903563,"path_taken":["M","M","?","$","?","R","M","E","T","R","M","E","R","$","R","BOSS","M","$","?","?","?"],"build_version":"2018-09-20","purchased_purges":2,"victory":false,"max_hp_per_floor":[75,75,75,75,75,75,75,82,82,82,82,82,82,82,82,82,82,82,82,82,82,82],"card_choices":[{"not_picked":["Hologram","Beam Cell"],"picked":"Defragment","floor":1},{"not_picked":["Reprogram","Hologram"],"picked":"Conserve Battery","floor":2},{"not_picked":["Conserve Battery","Streamline"],"picked":"Chaos","floor":5},{"not_picked":["Cold Snap","Rebound"],"picked":"Seek","floor":7},{"not_picked":["Fusion","Self Repair"],"picked":"Darkness","floor":8},{"not_picked":["Streamline","Sweeping Beam"],"picked":"Redo","floor":11},{"not_picked":["Leap","FTL"],"picked":"Go for the Eyes","floor":12},{"not_picked":["Thunder Strike","Reboot"],"picked":"Electrodynamics","floor":16},{"not_picked":["Go for the Eyes","Consume+1"],"picked":"Turbo","floor":18},{"not_picked":["Cold Snap","Go for the Eyes"],"picked":"Self Repair+1","floor":21}],"player_experience":265473,"relics_obtained":[{"floor":8,"key":"Strawberry"},{"floor":9,"key":"MawBank"},{"floor":12,"key":"Happy Flower"}],"event_choices":[{"event_name":"World of Goop","player_choice":"Gather Gold","floor":3,"damage_taken":0},{"event_name":"Knowing Skull","player_choice":"","floor":20,"damage_taken":0},{"event_name":"Colosseum","player_choice":"Fight","floor":22,"damage_taken":0},{"event_name":"Colosseum","player_choice":"Fought Nobs","floor":22,"damage_taken":0}],"is_beta":false,"boss_relics":[{"not_picked":["Calling Bell","Pandora\u0027s Box"],"picked":"FrozenCore"}],"items_purged_floors":[4,14],"is_endless":false,"potions_floor_spawned":[1,2,16,21,22],"killed_by":"Colosseum Nobs","ascension_level":7}