{"gold_per_floor":[116,116,129,129,129,162,162,180,180,180,180,78,102,102,102,233,233,247,266,290,304,1,1,45,45,45,45,118,141,41,60,60,189,189,204,204,220,244,94,129,129,152,152,152,152,0,13,52,52,52],"floor_reached":51,"playtime":1729,"items_purged":["Regret","Decay"],"score":915,"play_id":"b8310662-adf7-4031-a5f4-fe7e42071119","local_time":"25611108012341","is_ascension_mode":true,"campfire_choices":[{"floor":7,"key":"REST"},{"data":"Defragment","floor":10,"key":"SMITH"},{"floor":15,"key":"REST"},{"floor":23,"key":"REST"},{"floor":25,"key":"REST"},{"floor":27,"key":"REST"},{"floor":32,"key":"REST"},{"floor":41,"key":"REST"},{"floor":45,"key":"REST"},{"data":"Buffer","floor":49,"key":"SMITH"}],"neow_cost":"NONE","seed_source_timestamp":39705538271602,"circlet_count":0,"master_deck":["Zap","Dualcast","Gash+1","Go for the Eyes","Conserve Battery","Beam Cell+1","Sweeping Beam","Hologram","Static Discharge","FTL+1","Defragment+1","Conserve Battery","Conserve Battery","Hyperbeam+1","Reinforced Body+1","Conserve Battery","Go for the Eyes+1","Genetic Algorithm+1","Buffer+1","Scrape+1","BootSequence","Hello World+1","Skim+1","Sweeping Beam+1","All For One+1","Sweeping Beam+1","Melter+1","FTL+1","Core Surge+1","Leap+1","White Noise"],"relics":["Pandora\u0027s Box","Golden Idol","Molten Egg 2","Darkstone Periapt","Sundial","Ornamental Fan","Philosopher\u0027s Stone","Question Card","Blue Candle","Tiny Chest","Empty Cage","PreservedInsect","Matryoshka","Juzu Bracelet","Centennial Puzzle","Vajra","Whetstone","Red Mask","Letter Opener"],"potions_floor_usage":[6,19,24,31,33,38,50,50],"damage_taken":[{"damage":0,"enemies":"Cultist","floor":1,"turns":3},{"damage":2,"enemies":"2 Louse","floor":3,"turns":2},{"damage":10,"enemies":"Gremlin Nob","floor":6,"turns":3},{"damage":0,"enemies":"Small Slimes","floor":8,"turns":2},{"damage":17,"enemies":"Exordium Thugs","floor":13,"turns":4},{"damage":26,"enemies":"Slime Boss","floor":16,"turns":7},{"damage":17,"enemies":"Chosen","floor":18,"turns":4},{"damage":17,"enemies":"Spheric Guardian","floor":19,"turns":5},{"damage":22,"enemies":"Centurion and Healer","floor":20,"turns":3},{"damage":12,"enemies":"Shelled Parasite and Fungi","floor":21,"turns":5},{"damage":0,"enemies":"Slavers","floor":24,"turns":3},{"damage":34,"enemies":"Gremlin Leader","floor":28,"turns":6},{"damage":14,"enemies":"Snecko","floor":29,"turns":5},{"damage":3,"enemies":"Centurion and Healer","floor":31,"turns":3},{"damage":34,"enemies":"Automaton","floor":33,"turns":10},{"damage":14,"enemies":"3 Shapes","floor":35,"turns":5},{"damage":1,"enemies":"Orb Walker","floor":37,"turns":5},{"damage":22,"enemies":"Jaw Worm Horde","floor":38,"turns":4},{"damage":5,"enemies":"Reptomancer","floor":40,"turns":4},{"damage":0,"enemies":"Transient","floor":47,"turns":5},{"damage":1,"enemies":"Giant Head","floor":48,"turns":5},{"damage":39,"enemies":"Donu and Deca","floor":50,"turns":9}],"seed_played":"-6318104502461246285","potions_obtained":[{"floor":1,"key":"AttackPotion"},{"floor":16,"key":"Fruit Juice"},{"floor":18,"key":"Dexterity Potion"},{"floor":28,"key":"Fire Potion"},{"floor":29,"key":"AttackPotion"},{"floor":31,"key":"EssenceOfSteel"},{"floor":35,"key":"SkillPotion"},{"floor":48,"key":"Ancient Potion"}],"is_trial":false,"path_per_floor":["M","?","M","?","?","E","R","M","T","R","?","$","M","?","R","B",null,"M","M","M","M","$","R","E","R","T","R","E","M","$","M","R","B",null,"M","?","M","M","$","E","R","T","T","?","R","?","M","E","R","B",null],"character_chosen":"DEFECT","items_purchased":["Conserve Battery","Buffer","Scrape+1","BootSequence","PreservedInsect"],"campfire_rested":8,"item_purchase_floors":[12,22,22,22,39],"current_hp_per_floor":[75,57,55,43,43,33,55,55,55,55,61,61,44,50,76,50,87,70,58,36,24,24,51,51,78,78,92,58,44,44,41,68,34,92,78,78,77,55,55,50,77,77,77,77,92,92,92,91,91,52],"gold":52,"neow_bonus":"BOSS_RELIC","is_prod":false,"is_daily":false,"chose_seed":false,"campfire_upgraded":2,"win_rate":0,"timestamp":1541615021,"path_taken":["M","?","M","?","?","E","R","?","T","R","?","$","M","?","R","BOSS","M","M","?","M","$","R","E","R","T","R","E","M","?","M","R","BOSS","M","?","?","?","?","E","R","?","T","?","R","?","M","E","R","BOSS"],"build_version":"2018-11-01","purchased_purges":2,"victory":true,"max_hp_per_floor":[75,75,75,75,75,75,75,75,75,75,81,81,81,87,87,87,87,87,92,92,92,92,92,92,92,92,92,92,92,92,92,92,92,92,92,92,92,92,92,92,92,92,92,92,92,92,92,92,92,92],"card_choices":[{"not_picked":["Compile Driver","Redo"],"picked":"Hologram","floor":1},{"not_picked":["Turbo","Sweeping Beam"],"picked":"Static Discharge","floor":3},{"not_picked":["Coolheaded","Gash+1"],"picked":"FTL+1","floor":6},{"not_picked":["Ball Lightning+1","Melter+1"],"picked":"Defragment","floor":8},{"not_picked":["FTL+1","Beam Cell+1"],"picked":"Conserve Battery","floor":13},{"not_picked":["Thunder Strike+1","Fission"],"picked":"Hyperbeam+1","floor":16},{"not_picked":["Recycle+1","Hello World"],"picked":"Reinforced Body+1","floor":18},{"not_picked":["Cold Snap+1","Darkness"],"picked":"Conserve Battery","floor":19},{"not_picked":["Cold Snap+1","Barrage+1"],"picked":"Go for the Eyes+1","floor":20},{"not_picked":["Beam Cell+1","Reinforced Body"],"picked":"Genetic Algorithm+1","floor":21},{"not_picked":["Go for the Eyes+1","Compile Driver+1","Coolheaded+1"],"picked":"SKIP","floor":24},{"not_picked":["Stack+1","Blizzard+1","Amplify"],"picked":"Hello World+1","floor":28},{"not_picked":["Doom and Gloom+1","Force Field+1","Turbo"],"picked":"Skim+1","floor":29},{"not_picked":["Gash+1","Redo+1","Steam Power"],"picked":"Sweeping Beam+1","floor":31},{"not_picked":["Buffer","Reboot","Seek"],"picked":"All For One+1","floor":33},{"not_picked":["Go for the Eyes+1","Heatsinks+1","Turbo"],"picked":"Sweeping Beam+1","floor":35},{"not_picked":["Leap+1","Go for the Eyes+1","Conserve Battery"],"picked":"Melter+1","floor":37},{"not_picked":["Tempest+1","Hello World","Gash+1"],"picked":"FTL+1","floor":38},{"not_picked":["Barrage+1","Chill","Lockon+1"],"picked":"Core Surge+1","floor":40},{"not_picked":["Cold Snap+1","Hologram","Sunder+1"],"picked":"Leap+1","floor":47},{"not_picked":["Scrape+1","Fusion","Turbo+1"],"picked":"White Noise","floor":48}],"player_experience":83000,"relics_obtained":[{"floor":6,"key":"Darkstone Periapt"},{"floor":9,"key":"Sundial"},{"floor":24,"key":"Question Card"},{"floor":26,"key":"Blue Candle"},{"floor":28,"key":"Tiny Chest"},{"floor":40,"key":"Matryoshka"},{"floor":42,"key":"Juzu Bracelet"},{"floor":42,"key":"Centennial Puzzle"},{"floor":43,"key":"Vajra"},{"floor":43,"key":"Whetstone"},{"floor":48,"key":"Letter Opener"}],"event_choices":[{"damage_healed":0,"gold_gain":0,"player_choice":"Take Damage","damage_taken":18,"relics_obtained":["Golden Idol"],"max_hp_gain":0,"max_hp_loss":0,"event_name":"Golden Idol","floor":2,"gold_loss":0},{"damage_healed":0,"gold_gain":0,"player_choice":"Success","damage_taken":12,"relics_obtained":["Molten Egg 2"],"max_hp_gain":0,"max_hp_loss":0,"event_name":"Scrap Ooze","floor":4,"gold_loss":0},{"damage_healed":0,"gold_gain":0,"player_choice":"Ignored","damage_taken":0,"max_hp_gain":0,"max_hp_loss":0,"event_name":"Shining Light","floor":5,"gold_loss":0},{"damage_healed":0,"gold_gain":0,"player_choice":"Box","damage_taken":0,"relics_obtained":["Ornamental Fan"],"max_hp_gain":0,"max_hp_loss":0,"event_name":"Big Fish","floor":11,"gold_loss":0,"cards_obtained":["Regret"]},{"damage_healed":0,"gold_gain":0,"player_choice":"Cursed","damage_taken":0,"max_hp_gain":0,"max_hp_loss":0,"event_name":"Wheel of Change","floor":14,"gold_loss":0,"cards_obtained":["Decay"]},{"cards_removed":["Barrage"],"damage_healed":0,"gold_gain":0,"player_choice":"Card Removal","damage_taken":0,"max_hp_gain":0,"max_hp_loss":0,"event_name":"Wheel of Change","floor":36,"gold_loss":0},{"damage_healed":0,"gold_gain":0,"player_choice":"Ignored","damage_taken":0,"max_hp_gain":0,"max_hp_loss":0,"event_name":"Mysterious Sphere","floor":44,"gold_loss":0},{"damage_healed":0,"gold_gain":0,"player_choice":"Paid","damage_taken":0,"relics_obtained":["Red Mask"],"max_hp_gain":0,"max_hp_loss":0,"event_name":"Tomb of Lord Red Mask","floor":46,"gold_loss":152}],"is_beta":false,"boss_relics":[{"not_picked":["Eternal Feather","Tiny House"],"picked":"Philosopher\u0027s Stone"},{"not_picked":["Runic Pyramid","White Beast Statue"],"picked":"Empty Cage"}],"items_purged_floors":[12,30],"is_endless":false,"potions_floor_spawned":[1,16,18,28,29,31,35,48],"ascension_level":2}