{"gold_per_floor":[18,31,43,61,61,87,105,105,176,196,196,196,196,196,196,272,272,292,308,324,122,172,172,172,197,227,227],"floor_reached":27,"playtime":1136,"items_purged":["Strike_B"],"score":408,"play_id":"fdfbb48b-6935-4947-8843-d8d16b130522","local_time":"20180724122910","is_ascension_mode":true,"campfire_choices":[{"data":"Hyperbeam","floor":8.0,"key":"SMITH"},{"data":"Hologram","floor":11.0,"key":"SMITH"},{"data":"Beam Cell","floor":13.0,"key":"SMITH"},{"data":"Steam","floor":15.0,"key":"SMITH"},{"floor":23.0,"key":"REST"}],"neow_cost":"NO_GOLD","seed_source_timestamp":1841122245511,"circlet_count":0,"master_deck":["Strike_B","Strike_B","Strike_B","Defend_B","Defend_B","Defend_B","Defend_B","Zap","Dualcast","AscendersBane","Hyperbeam+1","Beam Cell+1","Hologram+1","FTL","Leap","Steam+1","Seek","Conserve Battery","Steam","Beam Cell","Self Repair","Buffer"],"special_seed":0,"relics":["Cracked Core","Centennial Puzzle","Blue Candle","Velvet Choker","Shovel","Tiny Chest"],"potions_floor_usage":[],"damage_taken":[{"damage":0.0,"enemies":"Small Slimes","floor":1.0,"turns":1.0},{"damage":7.0,"enemies":"Jaw Worm","floor":2.0,"turns":2.0},{"damage":0.0,"enemies":"2 Louse","floor":3.0,"turns":2.0},{"damage":0.0,"enemies":"Large Slime","floor":4.0,"turns":3.0},{"damage":13.0,"enemies":"3 Sentries","floor":6.0,"turns":4.0},{"damage":8.0,"enemies":"Exordium Thugs","floor":7.0,"turns":3.0},{"damage":0.0,"enemies":"Gremlin Gang","floor":10.0,"turns":2.0},{"damage":57.0,"enemies":"Hexaghost","floor":16.0,"turns":10.0},{"damage":11.0,"enemies":"Shell Parasite","floor":18.0,"turns":5.0},{"damage":0.0,"enemies":"3 Byrds","floor":19.0,"turns":2.0},{"damage":5.0,"enemies":"Snecko","floor":20.0,"turns":4.0},{"damage":52.0,"enemies":"Book of Stabbing","floor":25.0,"turns":6.0},{"damage":15,"enemies":"Snake Plant","floor":27,"turns":2}],"seed_played":"5690543650680333820","potions_obtained":[{"floor":2.0,"key":"Swift Potion"},{"floor":4.0,"key":"GamblersBrew"},{"floor":7.0,"key":"GamblersBrew"},{"floor":10.0,"key":"Explosive Potion"},{"floor":19.0,"key":"EssenceOfSteel"},{"floor":24.0,"key":"Energy Potion"}],"is_trial":false,"path_per_floor":["M","M","M","M","?","E","M","R","T","M","R","?","R","?","R","B",null,"M","M","M","$","?","R","?","E","T"],"character_chosen":"DEFECT","items_purchased":["Beam Cell","Self Repair"],"campfire_rested":1,"item_purchase_floors":[21,21],"current_hp_per_floor":[64,57,57,57,57,44,36,36,36,36,36,36,36,59,59,2,54,43,43,38,38,38,59,59,14,14,0],"gold":227,"neow_bonus":"THREE_RARE_CARDS","is_prod":false,"is_daily":false,"chose_seed":false,"campfire_upgraded":4,"win_rate":0,"timestamp":1532460550,"path_taken":["M","M","M","M","?","E","M","R","T","M","R","?","R","?","R","BOSS","M","?","M","$","?","R","?","E","T","M"],"build_version":"2018-07-19v2","purchased_purges":1,"victory":false,"max_hp_per_floor":[71,71,71,71,71,71,71,71,71,71,71,71,71,71,71,71,71,71,71,71,71,71,71,71,71,71,71],"card_choices":[{"not_picked":["All For One","Machine Learning"],"picked":"Hyperbeam","floor":0.0},{"not_picked":["Ball Lightning","Redo","Stack"],"picked":"SKIP","floor":1.0},{"not_picked":["Turbo","Heatsinks","Meteor Strike"],"picked":"SKIP","floor":2.0},{"not_picked":["Barrage","Ball Lightning"],"picked":"Beam Cell","floor":3.0},{"not_picked":["Chill","Hello World"],"picked":"Hologram","floor":4.0},{"not_picked":["Redo","Go for the Eyes"],"picked":"FTL","floor":6.0},{"not_picked":["Rip and Tear","Barrage"],"picked":"Leap","floor":7.0},{"not_picked":["Steam Power","Force Field"],"picked":"Steam","floor":10.0},{"not_picked":["Buffer","Fission"],"picked":"Seek","floor":16.0},{"not_picked":["Doom and Gloom","Melter"],"picked":"Conserve Battery","floor":18.0},{"not_picked":["Gash","Chill","Force Field"],"picked":"SKIP","floor":19.0},{"not_picked":["Barrage","Heatsinks"],"picked":"Steam","floor":20.0},{"not_picked":["Coolheaded","Steam"],"picked":"Buffer","floor":25.0}],"player_experience":868941,"relics_obtained":[{"floor":6.0,"key":"Centennial Puzzle"},{"floor":9.0,"key":"Blue Candle"},{"floor":25.0,"key":"Shovel"},{"floor":26.0,"key":"Tiny Chest"}],"event_choices":[{"event_name":"Shining Light","player_choice":"Ignored","floor":5.0,"damage_taken":0.0},{"event_name":"Liars Game","player_choice":"disagreed","floor":12.0,"damage_taken":0.0},{"event_name":"Big Fish","player_choice":"Banana","floor":14.0,"damage_taken":0.0},{"event_name":"Golden Shrine","player_choice":"Pray","floor":22.0,"damage_taken":0.0},{"event_name":"The Lab","player_choice":"Got Potions","floor":24.0,"damage_taken":0.0}],"is_beta":false,"boss_relics":[{"not_picked":["Sozu","Busted Crown"],"picked":"Velvet Choker"}],"items_purged_floors":[21],"is_endless":false,"potions_floor_spawned":[2,4,7,10,19],"killed_by":"Snake Plant","ascension_level":15}