{"gold_per_floor":[111,127,127,58,75,75,75,94,162,189,207,207,236,236],"floor_reached":14,"playtime":479,"items_purged":[],"score":175,"play_id":"4f29519b-9693-4480-b12a-b797c22e00e2","local_time":"20181219145407","is_ascension_mode":true,"campfire_choices":[{"data":"Noxious Fumes","floor":6.0,"key":"SMITH"},{"data":"Footwork","floor":12.0,"key":"SMITH"}],"neow_cost":"NONE","seed_source_timestamp":108199644970072,"circlet_count":0,"master_deck":["AscendersBane","Defend_G","Defend_G","Defend_G","Defend_G","Defend_G","Strike_G","Strike_G","Strike_G","Strike_G","Survivor","Neutralize+1","Deadly Poison","Footwork+1","Noxious Fumes+1","Bouncing Flask","Backflip"],"special_seed":0,"relics":["Ring of the Snake","Strawberry","Kunai","Juzu Bracelet","Tingsha"],"potions_floor_usage":[14],"damage_taken":[{"damage":1.0,"enemies":"2 Louse","floor":1.0,"turns":4.0},{"damage":5.0,"enemies":"Cultist","floor":2.0,"turns":4.0},{"damage":1.0,"enemies":"Jaw Worm","floor":5.0,"turns":6.0},{"damage":6.0,"enemies":"Red Slaver","floor":8.0,"turns":4.0},{"damage":16.0,"enemies":"Gremlin Nob","floor":10.0,"turns":5.0},{"damage":0.0,"enemies":"Looter","floor":11.0,"turns":5.0},{"damage":20.0,"enemies":"3 Sentries","floor":13.0,"turns":7.0},{"damage":20,"enemies":"Gremlin Gang","floor":14,"turns":2}],"seed_played":"-6364221584578229305","potions_obtained":[{"floor":2.0,"key":"Ancient Potion"},{"floor":5.0,"key":"AttackPotion"},{"floor":13.0,"key":"Dexterity Potion"}],"is_trial":false,"path_per_floor":["M","M","?","$","M","R","?","M","T","E","M","R","E","M"],"character_chosen":"THE_SILENT","items_purchased":["Noxious Fumes"],"campfire_rested":0,"item_purchase_floors":[4],"current_hp_per_floor":[65,60,60,60,59,59,59,53,53,37,37,37,17,0],"gold":236,"neow_bonus":"RANDOM_COMMON_RELIC","is_prod":false,"is_daily":false,"chose_seed":false,"campfire_upgraded":2,"win_rate":0,"timestamp":1545260047,"path_taken":["M","M","?","$","M","R","?","?","T","E","M","R","E","M"],"build_version":"2018-12-13","purchased_purges":0,"victory":false,"max_hp_per_floor":[73,73,73,73,73,73,73,73,73,73,73,73,73,73],"card_choices":[{"not_picked":["Poisoned Stab","Outmaneuver"],"picked":"Deadly Poison","floor":1.0},{"not_picked":["Backflip","Slice"],"picked":"Footwork","floor":2.0},{"not_picked":["Outmaneuver","Eviscerate"],"picked":"Bouncing Flask","floor":5.0},{"not_picked":["Outmaneuver","Expertise","Noxious Fumes"],"picked":"SKIP","floor":8.0},{"not_picked":["Sucker Punch","Setup","Acrobatics"],"picked":"SKIP","floor":10.0},{"not_picked":["Sucker Punch","Quick Slash"],"picked":"Backflip","floor":11.0},{"not_picked":["Outmaneuver","Acrobatics","Riddle With Holes"],"picked":"SKIP","floor":13.0}],"player_experience":1840035,"relics_obtained":[{"floor":9.0,"key":"Kunai"},{"floor":10.0,"key":"Juzu Bracelet"},{"floor":13.0,"key":"Tingsha"}],"event_choices":[{"damage_healed":0.0,"max_hp_gain":0.0,"max_hp_loss":0.0,"gold_gain":0.0,"event_name":"Living Wall","player_choice":"Grow","floor":3.0,"gold_loss":0.0,"damage_taken":0.0,"cards_upgraded":["Neutralize"]},{"cards_removed":["Strike_G"],"damage_healed":0.0,"max_hp_gain":0.0,"max_hp_loss":0.0,"gold_gain":0.0,"event_name":"Purifier","player_choice":"Purged","floor":7.0,"gold_loss":0.0,"damage_taken":0.0}],"is_beta":false,"boss_relics":[],"items_purged_floors":[],"is_endless":false,"potions_floor_spawned":[2,5,8,13],"killed_by":"Gremlin Gang","ascension_level":15}