{"gold_per_floor":[111,61,61,76,93,113,127,141,141,154,154,164,193,208,208,305,305,318,331,13,26,45,45,61,61,88,106,106],"floor_reached":28,"playtime":3256,"items_purged":["Defend_R"],"score":230,"play_id":"827a8648-8ff3-4d40-a401-bb67f31c030e","local_time":"20190503093645","is_ascension_mode":false,"campfire_choices":[{"floor":15,"key":"REST"}],"neow_cost":"","seed_source_timestamp":1174119333718961,"circlet_count":0,"master_deck":["Strike_R","Strike_R","Strike_R","Strike_R","Strike_R","Defend_R","Defend_R","Bash","Rage","Flex","Searing Blow","Anger","Infernal Blade","Iron Wave","Infernal Blade","Anger","Headbutt","Sword Boomerang","Juggernaut","Flex+1","Inflame","Inflame","Armaments","RitualDagger","Twin Strike+1","Twin Strike+1","Iron Wave+1"],"relics":["Burning Blood","Question Card","Potion Belt","Peace Pipe","Sozu","Meat on the Bone","Happy Flower"],"potions_floor_usage":[10,16,16,16,16],"damage_taken":[{"damage":6,"enemies":"Jaw Worm","floor":1,"turns":6},{"damage":0,"enemies":"Cultist","floor":4,"turns":3},{"damage":0,"enemies":"Small Slimes","floor":5,"turns":3},{"damage":6,"enemies":"Exordium Wildlife","floor":6,"turns":4},{"damage":13,"enemies":"Gremlin Gang","floor":7,"turns":4},{"damage":4,"enemies":"Red Slaver","floor":8,"turns":4},{"damage":13,"enemies":"Large Slime","floor":10,"turns":4},{"damage":8,"enemies":"Blue Slaver","floor":12,"turns":3},{"damage":44,"enemies":"Lagavulin","floor":13,"turns":6},{"damage":18,"enemies":"Exordium Thugs","floor":14,"turns":4},{"damage":35,"enemies":"The Guardian","floor":16,"turns":9},{"damage":5,"enemies":"Spheric Guardian","floor":18,"turns":4},{"damage":24,"enemies":"3 Byrds","floor":19,"turns":4},{"damage":24,"enemies":"Centurion and Healer","floor":21,"turns":5},{"damage":33,"enemies":"Shelled Parasite and Fungi","floor":22,"turns":3},{"damage":5,"enemies":"Chosen and Byrds","floor":24,"turns":4},{"damage":41,"enemies":"Centurion and Healer","floor":27,"turns":4},{"damage":26,"enemies":"Sentry and Sphere","floor":28,"turns":3}],"seed_played":"1454332919463996725","potions_obtained":[{"floor":1,"key":"Weak Potion"},{"floor":6,"key":"Strength Potion"},{"floor":7,"key":"Fire Potion"},{"floor":10,"key":"SkillPotion"},{"floor":12,"key":"Energy Potion"},{"floor":13,"key":"Block Potion"}],"is_trial":false,"path_per_floor":["M","?","?","M","M","M","M","M","T","M","T","M","E","M","R","B",null,"M","M","$","M","M","?","M","?","T","M","M"],"character_chosen":"IRONCLAD","items_purchased":["Meat on the Bone"],"campfire_rested":1,"item_purchase_floors":[20],"current_hp_per_floor":[80,80,72,78,80,80,73,75,75,68,68,66,28,16,40,11,80,80,62,62,56,41,35,48,48,48,25,0],"gold":106,"neow_bonus":"","is_prod":false,"is_daily":false,"chose_seed":false,"campfire_upgraded":0,"win_rate":0.0,"timestamp":1556869005,"path_taken":["M","?","?","?","?","M","M","M","T","M","?","?","E","M","R","BOSS","M","M","$","M","M","?","M","?","T","M","M"],"build_version":"2019-01-23","purchased_purges":1,"victory":false,"max_hp_per_floor":[80,80,80,80,80,80,80,80,80,80,80,80,80,80,80,80,80,80,80,80,80,80,80,80,80,80,80,80],"card_choices":[{"not_picked":["Hemokinesis","Whirlwind"],"picked":"Rage","floor":1},{"not_picked":["Rupture","Warcry"],"picked":"Flex","floor":4},{"not_picked":["Shrug It Off","Thunderclap"],"picked":"Searing Blow","floor":5},{"not_picked":["Clash","Disarm"],"picked":"Anger","floor":6},{"not_picked":["Sever Soul","Perfected Strike"],"picked":"Infernal Blade","floor":7},{"not_picked":["Sever Soul","True Grit"],"picked":"Iron Wave","floor":8},{"not_picked":["Clothesline","Twin Strike","Flex"],"picked":"Infernal Blade","floor":10},{"not_picked":["Blood for Blood","Sever Soul","Body Slam"],"picked":"Anger","floor":12},{"not_picked":["Seeing Red","Impervious","Iron Wave"],"picked":"Headbutt","floor":13},{"not_picked":["Warcry","Combust","Clash"],"picked":"Sword Boomerang","floor":14},{"not_picked":["Offering","Feed","Dark Embrace"],"picked":"Juggernaut","floor":16},{"not_picked":["Cleave","Armaments","Bloodletting"],"picked":"Flex+1","floor":18},{"not_picked":["Bloodletting","Sever Soul","Iron Wave"],"picked":"Inflame","floor":19},{"not_picked":["Body Slam","Reckless Charge","Flex+1"],"picked":"Inflame","floor":21},{"not_picked":["Clash","Flex","Clothesline"],"picked":"Armaments","floor":22},{"not_picked":["Armaments","Second Wind","Thunderclap"],"picked":"Twin Strike+1","floor":24},{"not_picked":["Dropkick","Warcry+1","Juggernaut"],"picked":"Iron Wave+1","floor":27}],"player_experience":0,"relics_obtained":[{"floor":9,"key":"Question Card"},{"floor":11,"key":"Potion Belt"},{"floor":13,"key":"Peace Pipe"},{"floor":26,"key":"Happy Flower"}],"event_choices":[{"cards_removed":["Defend_R"],"damage_healed":0,"gold_gain":0,"player_choice":"Card Removal","damage_taken":0,"max_hp_gain":0,"max_hp_loss":0,"event_name":"The Cleric","floor":2,"gold_loss":50},{"damage_healed":0,"gold_gain":0,"player_choice":"Damaged","damage_taken":8,"max_hp_gain":0,"max_hp_loss":0,"event_name":"Wheel of Change","floor":3,"gold_loss":0},{"damage_healed":0,"gold_gain":0,"player_choice":"Joined the Cult","damage_taken":6,"max_hp_gain":0,"max_hp_loss":0,"event_name":"Nest","floor":23,"gold_loss":0,"cards_obtained":["RitualDagger"]},{"damage_healed":0,"gold_gain":0,"player_choice":"Copied","damage_taken":0,"max_hp_gain":0,"max_hp_loss":0,"event_name":"Duplicator","floor":25,"gold_loss":0,"cards_obtained":["Twin Strike"]}],"is_beta":false,"boss_relics":[{"not_picked":["Ectoplasm","Mark of Pain"],"picked":"Sozu"}],"items_purged_floors":[20],"is_endless":false,"potions_floor_spawned":[1,6,7,10,12,13,18,21],"killed_by":"Sentry and Sphere","ascension_level":0}