{"gold_per_floor":[359,434,256,274,291,291,320,320,320,320],"floor_reached":10,"playtime":326,"items_purged":["Doubt"],"score":116,"play_id":"a0c598eb-959f-4975-99e1-19fefa107f58","local_time":"20181115172421","is_ascension_mode":true,"campfire_choices":[{"data":"Bash","floor":6,"key":"SMITH"}],"neow_cost":"CURSE","seed_source_timestamp":35193203708997,"circlet_count":0,"master_deck":["AscendersBane","Strike_R","Strike_R","Strike_R","Strike_R","Strike_R","Defend_R","Defend_R","Defend_R","Defend_R","Bash+1","Clothesline","Armaments","Disarm","Shockwave","Shrug It Off","Disarm"],"relics":["Burning Blood","Ornamental Fan","Singing Bowl"],"potions_floor_usage":[10],"damage_taken":[{"damage":6,"enemies":"Cultist","floor":1,"turns":3},{"damage":0,"enemies":"2 Louse","floor":4,"turns":4},{"damage":0,"enemies":"Small Slimes","floor":5,"turns":3},{"damage":41,"enemies":"3 Sentries","floor":7,"turns":12},{"damage":38,"enemies":"Gremlin Nob","floor":10,"turns":4}],"seed_played":"4867149546379111127","potions_obtained":[{"floor":4,"key":"GamblersBrew"},{"floor":7,"key":"Poison Potion"}],"is_trial":false,"path_per_floor":["M","?","$","M","M","R","E","?","T","E"],"character_chosen":"IRONCLAD","items_purchased":["Armaments","Disarm"],"campfire_rested":0,"item_purchase_floors":[3,3],"current_hp_per_floor":[68,57,57,63,69,69,34,34,34,0],"gold":320,"neow_bonus":"TWO_FIFTY_GOLD","is_prod":false,"is_daily":false,"chose_seed":false,"campfire_upgraded":1,"win_rate":0,"timestamp":1542331461,"path_taken":["M","?","$","M","M","R","E","?","T","E"],"build_version":"2018-11-15","purchased_purges":1,"victory":false,"max_hp_per_floor":[75,75,75,75,75,75,75,75,75,75],"card_choices":[{"not_picked":["Havoc","Heavy Blade"],"picked":"Clothesline","floor":1},{"not_picked":["Fire Breathing","Havoc"],"picked":"Shockwave","floor":4},{"not_picked":["Fire Breathing","Metallicize"],"picked":"Shrug It Off","floor":5},{"not_picked":["Warcry","Perfected Strike"],"picked":"Disarm","floor":7}],"player_experience":1635226,"relics_obtained":[{"floor":7,"key":"Ornamental Fan"},{"floor":9,"key":"Singing Bowl"}],"event_choices":[{"damage_healed":0,"gold_gain":75,"player_choice":"Gather Gold","damage_taken":11,"max_hp_gain":0,"max_hp_loss":0,"event_name":"World of Goop","floor":2,"gold_loss":0},{"damage_healed":0,"gold_gain":0,"player_choice":"Ignored","damage_taken":0,"max_hp_gain":0,"max_hp_loss":0,"event_name":"Shining Light","floor":8,"gold_loss":0}],"is_beta":false,"boss_relics":[],"items_purged_floors":[3],"is_endless":false,"potions_floor_spawned":[4,7],"killed_by":"Gremlin Nob","ascension_level":15}