{"gold_per_floor":[113,188,188,199,349,377,377,407,407,426,440,459,490,117,117,194,194,204,14,27,59,72,100,100,100,100,0,0,11,111,129,129,205,205,221,221,233,233,233,260,260,260],"floor_reached":42,"playtime":1792,"items_purged":["Regret","Doubt"],"score":856,"play_id":"63d9b641-04f8-4d5a-94b8-c26e9605ef77","local_time":"20181011013250","is_ascension_mode":true,"campfire_choices":[{"data":"Perfected Strike","floor":7,"key":"SMITH"},{"data":"Immolate","floor":15,"key":"SMITH"},{"floor":24,"key":"REST"},{"data":"Berserk","floor":28,"key":"SMITH"},{"floor":32,"key":"REST"},{"floor":41,"key":"REST"}],"neow_cost":"NONE","seed_source_timestamp":63444295115993,"circlet_count":0,"master_deck":["Strike_R+1","Strike_R+1","Strike_R+1","Strike_R+1","Strike_R+1","Defend_R+1","Defend_R+1","Defend_R+1","Defend_R+1","Bash","AscendersBane","Perfected Strike+1","Inflame+1","Pommel Strike","Warcry+1","Shrug It Off+1","Shockwave+1","Immolate+1","Berserk+1","Burning Pact+1","Perfected Strike+1","Wild Strike+1","Evolve","Pommel Strike","Headbutt","Intimidate+1","Limit Break+1","Twin Strike","Wild Strike","Intimidate+1","Pommel Strike","Wild Strike"],"relics":["Burning Blood","NeowsBlessing","Nunchaku","Bottled Flame","Vajra","Toxic Egg 2","Red Skull","Juzu Bracelet","Velvet Choker","DollysMirror","Red Mask","Oddly Smooth Stone","Peace Pipe","Prayer Wheel","Mummified Hand","Black Star","Turnip","Bag of Preparation","Blood Vial"],"potions_floor_usage":[8,23,33,42,42],"damage_taken":[{"damage":0,"enemies":"2 Louse","floor":1,"turns":1},{"damage":0,"enemies":"Small Slimes","floor":4,"turns":1},{"damage":0,"enemies":"Lagavulin","floor":6,"turns":1},{"damage":18,"enemies":"Gremlin Nob","floor":8,"turns":3},{"damage":3,"enemies":"Cultist","floor":10,"turns":4},{"damage":7,"enemies":"Large Slime","floor":11,"turns":5},{"damage":4,"enemies":"2 Fungi Beasts","floor":12,"turns":3},{"damage":13,"enemies":"Lagavulin","floor":13,"turns":6},{"damage":42,"enemies":"Hexaghost","floor":16,"turns":8},{"damage":0,"enemies":"Spheric Guardian","floor":18,"turns":2},{"damage":12,"enemies":"3 Byrds","floor":20,"turns":4},{"damage":0,"enemies":"Masked Bandits","floor":21,"turns":2},{"damage":0,"enemies":"Snake Plant","floor":22,"turns":2},{"damage":57,"enemies":"Book of Stabbing","floor":23,"turns":5},{"damage":10,"enemies":"Centurion and Healer","floor":29,"turns":2},{"damage":9,"enemies":"Colosseum Slavers","floor":30,"turns":2},{"damage":0,"enemies":"Colosseum Nobs","floor":30,"turns":3},{"damage":0,"enemies":"3 Cultists","floor":31,"turns":4},{"damage":57,"enemies":"Champ","floor":33,"turns":8},{"damage":10,"enemies":"3 Shapes","floor":35,"turns":3},{"damage":13,"enemies":"Mind Bloom Boss Battle","floor":36,"turns":5},{"damage":9,"enemies":"3 Darklings","floor":37,"turns":8},{"damage":73,"enemies":"Nemesis","floor":40,"turns":5},{"damage":54,"enemies":"Giant Head","floor":42,"turns":5}],"seed_played":"3177503652961403881","potions_obtained":[{"floor":1,"key":"Swift Potion"},{"floor":4,"key":"Energy Potion"},{"floor":8,"key":"Weak Potion"},{"floor":20,"key":"FairyPotion"},{"floor":30,"key":"Weak Potion"},{"floor":37,"key":"Fire Potion"},{"floor":40,"key":"PowerPotion"}],"is_trial":false,"path_per_floor":["M","?","?","M","?","E","R","E","T","M","M","M","E","$","R","B",null,"M","$","M","?","M","E","R","?","T","$","R","M","?","M","R","B",null,"M","?","M","?","?","E","R"],"character_chosen":"IRONCLAD","items_purchased":["Immolate","Juzu Bracelet","DollysMirror"],"campfire_rested":3,"item_purchase_floors":[14,14,19],"current_hp_per_floor":[74,63,63,69,69,75,75,63,63,66,65,67,60,60,60,24,62,68,68,62,68,74,23,45,45,45,45,45,41,44,50,72,21,62,58,51,48,48,37,13,35,0],"gold":260,"neow_bonus":"THREE_ENEMY_KILL","is_prod":false,"is_daily":false,"chose_seed":false,"campfire_upgraded":3,"win_rate":0,"timestamp":1539214370,"path_taken":["M","?","?","?","?","E","R","E","T","M","?","M","E","$","R","BOSS","M","$","M","?","M","E","R","?","T","$","R","M","?","M","R","BOSS","M","?","M","?","?","E","R","E"],"build_version":"2018-10-04v2","purchased_purges":2,"victory":false,"max_hp_per_floor":[75,75,75,75,75,75,75,75,75,75,75,75,75,75,75,75,75,75,75,75,75,75,75,75,75,75,75,75,75,75,75,75,75,75,75,75,75,75,75,75,75,75],"card_choices":[{"not_picked":["Intimidate","Iron Wave"],"picked":"Perfected Strike","floor":1},{"not_picked":["Dropkick","Heavy Blade"],"picked":"Inflame","floor":4},{"not_picked":["Flex","Armaments"],"picked":"Pommel Strike","floor":6},{"not_picked":["Anger","Fire Breathing","Armaments"],"picked":"SKIP","floor":8},{"not_picked":["Thunderclap","Sword Boomerang"],"picked":"Warcry+1","floor":10},{"not_picked":["Iron Wave","Havoc+1"],"picked":"Shrug It Off+1","floor":11},{"not_picked":["Second Wind+1","Armaments+1"],"picked":"Shockwave+1","floor":12},{"not_picked":["Sword Boomerang","Dropkick","Brutality"],"picked":"SKIP","floor":13},{"not_picked":["Juggernaut","Feed"],"picked":"Berserk","floor":16},{"not_picked":["Clash","Anger"],"picked":"Burning Pact+1","floor":18},{"not_picked":["Flex+1","Inflame"],"picked":"Wild Strike+1","floor":20},{"not_picked":["Anger","Havoc+1"],"picked":"Evolve","floor":22},{"not_picked":["Metallicize","Bludgeon"],"picked":"Pommel Strike","floor":23},{"not_picked":["Anger","Corruption","Blood for Blood+1"],"picked":"SKIP","floor":29},{"not_picked":["Havoc+1","Warcry+1"],"picked":"Headbutt","floor":30},{"not_picked":["Iron Wave","Sentinel+1"],"picked":"Intimidate+1","floor":31},{"not_picked":["Clothesline","Searing Blow","Whirlwind"],"picked":"SKIP","floor":31},{"not_picked":["Offering+1","Brutality"],"picked":"Limit Break+1","floor":33},{"not_picked":["Thunderclap","Seeing Red+1"],"picked":"Twin Strike","floor":35},{"not_picked":["Flex+1","Heavy Blade+1"],"picked":"Wild Strike","floor":35},{"not_picked":["Evolve","Power Through+1"],"picked":"Intimidate+1","floor":36},{"not_picked":["Corruption","Sword Boomerang"],"picked":"Pommel Strike","floor":37},{"not_picked":["Rampage","Seeing Red+1"],"picked":"Wild Strike","floor":37},{"not_picked":["Anger","Flame Barrier+1","Second Wind+1"],"picked":"SKIP","floor":40}],"player_experience":282526,"relics_obtained":[{"floor":6,"key":"Bottled Flame"},{"floor":8,"key":"Vajra"},{"floor":9,"key":"Toxic Egg 2"},{"floor":13,"key":"Red Skull"},{"floor":21,"key":"Red Mask"},{"floor":23,"key":"Oddly Smooth Stone"},{"floor":26,"key":"Peace Pipe"},{"floor":30,"key":"Prayer Wheel"},{"floor":30,"key":"Mummified Hand"},{"floor":36,"key":"Turnip"},{"floor":40,"key":"Bag of Preparation"},{"floor":40,"key":"Blood Vial"}],"event_choices":[{"event_name":"World of Goop","player_choice":"Gather Gold","floor":2,"damage_taken":0},{"event_name":"Big Fish","player_choice":"Box","floor":3,"damage_taken":0},{"event_name":"Liars Game","player_choice":"agreed","floor":5,"damage_taken":0},{"event_name":"Masked Bandits","player_choice":"Fought Bandits","floor":21,"damage_taken":0},{"event_name":"Back to Basics","player_choice":"Simplicity","floor":25,"damage_taken":0},{"event_name":"Colosseum","player_choice":"Fight","floor":30,"damage_taken":0},{"event_name":"Colosseum","player_choice":"Fought Nobs","floor":30,"damage_taken":0},{"event_name":"MindBloom","player_choice":"Fight","floor":36,"damage_taken":0},{"event_name":"Upgrade Shrine","player_choice":"Upgraded","floor":38,"damage_taken":0},{"event_name":"Wheel of Change","player_choice":"Damage","floor":39,"damage_taken":0}],"is_beta":false,"boss_relics":[{"not_picked":["Black Blood","Ectoplasm"],"picked":"Velvet Choker"},{"not_picked":["Pandora\u0027s Box","Calling Bell"],"picked":"Black Star"}],"items_purged_floors":[14,27],"is_endless":false,"potions_floor_spawned":[1,4,8,20,30,30,37,40],"killed_by":"Giant Head","ascension_level":15}