{"gold_per_floor":[113,127,146,221,221,256,256,270,270,301,301,312,312,346,346,346],"floor_reached":16,"playtime":704,"items_purged":[],"score":144,"play_id":"2f7dd8cf-ca73-4cf9-9526-03ee3e99fdc9","local_time":"20190331190345","is_ascension_mode":true,"campfire_choices":[{"data":"Flex","floor":7,"key":"SMITH"},{"floor":13,"key":"REST"},{"data":"Armaments","floor":15,"key":"SMITH"}],"neow_cost":"NONE","seed_source_timestamp":1416852662260000,"circlet_count":0,"master_deck":["Strike_R","Strike_R","Strike_R","Strike_R","Strike_R","Defend_R","Defend_R","Defend_R","Defend_R","Bash","Flex+1","Cleave","Shockwave","Corruption","Armaments+1"],"relics":["Burning Blood","Boot","Charon\u0027s Ashes","Bottled Flame","Orichalcum","Bottled Lightning"],"potions_floor_usage":[6,6,6,6,6,6,6,6,14,14,16],"damage_taken":[{"damage":5,"enemies":"Small Slimes","floor":1,"turns":4},{"damage":6,"enemies":"2 Louse","floor":2,"turns":2},{"damage":6,"enemies":"Cultist","floor":3,"turns":4},{"damage":5,"enemies":"Lagavulin","floor":6,"turns":3},{"damage":4,"enemies":"Red Slaver","floor":8,"turns":5},{"damage":50,"enemies":"Gremlin Nob","floor":10,"turns":5},{"damage":6,"enemies":"Looter","floor":12,"turns":2},{"damage":27,"enemies":"3 Sentries","floor":14,"turns":5},{"damage":30,"enemies":"The Guardian","floor":16,"turns":9}],"seed_played":"8314646299946232983","potions_obtained":[{"floor":2,"key":"Poison Potion"},{"floor":3,"key":"EntropicBrew"},{"floor":10,"key":"LiquidBronze"},{"floor":12,"key":"SpeedPotion"},{"floor":14,"key":"LiquidBronze"}],"is_trial":false,"path_per_floor":["M","M","M","?","?","E","R","M","T","E","?","M","R","E","R","B"],"character_chosen":"IRONCLAD","items_purchased":[],"campfire_rested":1,"item_purchase_floors":[],"current_hp_per_floor":[88,88,88,77,65,66,66,68,68,24,24,24,50,29,29,0],"gold":346,"neow_bonus":"TEN_PERCENT_HP_BONUS","is_prod":false,"is_daily":false,"chose_seed":false,"campfire_upgraded":2,"win_rate":0,"timestamp":1554048225,"path_taken":["M","M","M","?","?","E","R","M","T","E","?","M","R","E","R","BOSS"],"build_version":"2019-01-23","purchased_purges":0,"victory":false,"max_hp_per_floor":[88,88,88,88,88,88,88,88,88,88,88,88,88,88,88,88],"card_choices":[{"not_picked":["Carnage","Power Through"],"picked":"Flex","floor":1},{"not_picked":["Sentinel","Pummel"],"picked":"Cleave","floor":2},{"not_picked":["Perfected Strike","Sword Boomerang"],"picked":"Shockwave","floor":3},{"not_picked":["Bludgeon","Shockwave","Warcry"],"picked":"SKIP","floor":6},{"not_picked":["Clothesline","Infernal Blade"],"picked":"Corruption","floor":8},{"not_picked":["Ghostly Armor","Clothesline"],"picked":"Armaments","floor":10},{"not_picked":["Sword Boomerang","Ghostly Armor","Wild Strike"],"picked":"SKIP","floor":12},{"not_picked":["Intimidate","Iron Wave","Clothesline"],"picked":"SKIP","floor":14}],"player_experience":128156,"relics_obtained":[{"floor":6,"key":"Charon\u0027s Ashes"},{"floor":9,"key":"Bottled Flame"},{"floor":10,"key":"Orichalcum"},{"floor":14,"key":"Bottled Lightning"}],"event_choices":[{"damage_healed":0,"gold_gain":75,"player_choice":"Gather Gold","damage_taken":11,"max_hp_gain":0,"max_hp_loss":0,"event_name":"World of Goop","floor":4,"gold_loss":0},{"damage_healed":0,"gold_gain":0,"player_choice":"Success","damage_taken":12,"relics_obtained":["Boot"],"max_hp_gain":0,"max_hp_loss":0,"event_name":"Scrap Ooze","floor":5,"gold_loss":0},{"damage_healed":0,"gold_gain":0,"player_choice":"Ignored","damage_taken":0,"max_hp_gain":0,"max_hp_loss":0,"event_name":"Golden Idol","floor":11,"gold_loss":0}],"is_beta":false,"boss_relics":[],"items_purged_floors":[],"is_endless":false,"potions_floor_spawned":[2,3,10,12,14],"killed_by":"The Guardian","ascension_level":4}