{"gold_per_floor":[112,123,123,73,91,124,124,151,151,181,256,256,272,29,29,128,128,142,153,68,167,183,183,27,27,27,38,38,38],"floor_reached":29,"playtime":3172,"items_purged":["Strike_G"],"score":301,"play_id":"41df39e8-4093-4d9e-8b5d-a2810decee2f","local_time":"20181213195723","is_ascension_mode":true,"campfire_choices":[{"data":"Cloak And Dagger","floor":7,"key":"SMITH"},{"floor":15,"key":"REST"},{"floor":23,"key":"REST"},{"floor":25,"key":"REST"}],"neow_cost":"NONE","seed_source_timestamp":1637206442886411,"circlet_count":0,"master_deck":["Defend_G","Defend_G","Defend_G","Defend_G","Defend_G","Survivor","Neutralize+1","Poisoned Stab","Sucker Punch+1","Cloak And Dagger+1","Sucker Punch","Accuracy","Blade Dance","Envenom","Die Die Die","Caltrops","Escape Plan","Burst+1","A Thousand Cuts+1","Slice+1","Storm of Steel+1","Bouncing Flask+1","Acrobatics+1","Cloak And Dagger+1","Cloak And Dagger+1","Dark Shackles+1","Escape Plan+1","Blur+1"],"relics":["Ring of the Snake","Bronze Scales","Prayer Wheel","Shuriken","Question Card","Toxic Egg 2","Astrolabe","Pocketwatch","Unceasing Top"],"potions_floor_usage":[6,6,13,27],"damage_taken":[{"damage":0,"enemies":"Cultist","floor":1,"turns":5},{"damage":0,"enemies":"2 Louse","floor":2,"turns":2},{"damage":0,"enemies":"Jaw Worm","floor":5,"turns":4},{"damage":6,"enemies":"Lagavulin","floor":6,"turns":6},{"damage":18,"enemies":"Gremlin Nob","floor":8,"turns":4},{"damage":16,"enemies":"Lagavulin","floor":10,"turns":4},{"damage":4,"enemies":"Exordium Thugs","floor":13,"turns":3},{"damage":33,"enemies":"Slime Boss","floor":16,"turns":9},{"damage":3,"enemies":"3 Byrds","floor":18,"turns":3},{"damage":12,"enemies":"Chosen","floor":19,"turns":3},{"damage":30,"enemies":"3 Cultists","floor":22,"turns":6},{"damage":30,"enemies":"Snake Plant","floor":27,"turns":4},{"damage":23,"enemies":"Gremlin Leader","floor":29,"turns":4}],"seed_played":"-208234089339574822","potions_obtained":[{"floor":2,"key":"Block Potion"},{"floor":5,"key":"Poison Potion"},{"floor":10,"key":"SpeedPotion"},{"floor":22,"key":"EssenceOfSteel"}],"is_trial":false,"path_per_floor":["M","M","?","$","M","E","R","E","T","E","?","?","M","$","R","B",null,"M","M","?","?","M","R","$","R","T","M","$","E"],"character_chosen":"THE_SILENT","items_purchased":["Cloak And Dagger","Toxic Egg 2","Dark Shackles+1"],"campfire_rested":3,"item_purchase_floors":[4,14,24],"current_hp_per_floor":[70,70,70,70,70,64,64,46,46,30,19,19,15,15,36,3,53,50,38,38,38,8,29,29,50,50,20,20,0],"gold":38,"neow_bonus":"UPGRADE_CARD","is_prod":false,"is_daily":false,"chose_seed":false,"campfire_upgraded":1,"win_rate":0,"timestamp":1544749043,"path_taken":["M","M","?","$","M","E","R","E","T","E","?","?","M","$","R","BOSS","M","?","?","?","M","R","$","R","T","M","$","E"],"build_version":"2018-12-06","purchased_purges":1,"victory":false,"max_hp_per_floor":[70,70,70,70,70,70,70,70,70,70,70,70,70,70,70,70,70,70,70,70,70,70,70,70,70,70,70,70,70],"card_choices":[{"not_picked":["Setup","Underhanded Strike"],"picked":"Poisoned Stab","floor":1},{"not_picked":["Poisoned Stab","Backflip"],"picked":"Sucker Punch","floor":2},{"not_picked":["Prepared","Tools of the Trade"],"picked":"Sucker Punch","floor":5},{"not_picked":["PiercingWail","Calculated Gamble"],"picked":"Accuracy","floor":6},{"not_picked":["Distraction","Blur"],"picked":"Blade Dance","floor":8},{"not_picked":["Bane","Heel Hook"],"picked":"Envenom","floor":10},{"not_picked":["Dagger Spray","Deadly Poison","Deflect"],"picked":"Caltrops","floor":13},{"not_picked":["Prepared","Slice","Night Terror"],"picked":"Escape Plan","floor":13},{"not_picked":["Wraith Form v2","Adrenaline+1","Corpse Explosion+1"],"picked":"Burst+1","floor":16},{"not_picked":["Well Laid Plans","Masterful Stab","Underhanded Strike"],"picked":"Bouncing Flask+1","floor":18},{"not_picked":["Calculated Gamble+1","Noxious Fumes","Sucker Punch","PiercingWail+1"],"picked":"SKIP","floor":18},{"not_picked":["Prepared+1","Underhanded Strike","Skewer"],"picked":"Acrobatics+1","floor":19},{"not_picked":["Blade Dance+1","Bane","Backflip+1"],"picked":"Cloak And Dagger+1","floor":19},{"not_picked":["Eviscerate","Prepared+1","Concentrate+1"],"picked":"Cloak And Dagger+1","floor":22},{"not_picked":["All Out Attack","Deadly Poison+1","Flying Knee+1","Quick Slash"],"picked":"SKIP","floor":22},{"not_picked":["Grand Finale","Acrobatics+1","Outmaneuver+1"],"picked":"Escape Plan+1","floor":27},{"not_picked":["Poisoned Stab+1","Dagger Throw+1","Noxious Fumes"],"picked":"Blur+1","floor":27}],"player_experience":197223,"relics_obtained":[{"floor":6,"key":"Bronze Scales"},{"floor":8,"key":"Prayer Wheel"},{"floor":9,"key":"Shuriken"},{"floor":10,"key":"Question Card"},{"floor":26,"key":"Unceasing Top"}],"event_choices":[{"damage_healed":0,"gold_gain":0,"player_choice":"Grow","damage_taken":0,"max_hp_gain":0,"max_hp_loss":0,"event_name":"Living Wall","floor":3,"gold_loss":0,"cards_upgraded":["Sucker Punch"]},{"damage_healed":0,"gold_gain":75,"player_choice":"Gather Gold","damage_taken":11,"max_hp_gain":0,"max_hp_loss":0,"event_name":"World of Goop","floor":11,"gold_loss":0},{"damage_healed":0,"gold_gain":0,"cards_transformed":["Strike_G"],"player_choice":"Transformed","damage_taken":0,"max_hp_gain":0,"max_hp_loss":0,"event_name":"Transmorgrifier","floor":12,"gold_loss":0,"cards_obtained":["Die Die Die"]},{"damage_healed":0,"gold_gain":0,"player_choice":"Obtained Relic","damage_taken":0,"relics_obtained":["Pocketwatch"],"max_hp_gain":0,"max_hp_loss":0,"event_name":"Addict","floor":20,"gold_loss":85},{"damage_healed":0,"gold_gain":99,"player_choice":"Stole From Cult","damage_taken":0,"max_hp_gain":0,"max_hp_loss":0,"event_name":"Nest","floor":21,"gold_loss":0}],"is_beta":false,"boss_relics":[{"not_picked":["Philosopher\u0027s Stone","Fusion Hammer"],"picked":"Astrolabe"}],"items_purged_floors":[24],"is_endless":false,"potions_floor_spawned":[2,5,10,22],"killed_by":"Gremlin Leader","ascension_level":5}