{"gold_per_floor":[119,134,144,159,159,191,116,116,116,116,129,143,143,153,153,229,229,242,25,35,35,35,35,70,88,88,131,143,180,202,232,244,256],"floor_reached":33,"playtime":1873,"items_purged":[],"score":541,"play_id":"cae1c805-086c-443e-9439-4b2c852ba5d5","local_time":"20190322052234","is_ascension_mode":true,"campfire_choices":[{"floor":8.0,"key":"REST"},{"data":"Neutralize","floor":10.0,"key":"SMITH"},{"data":"Deadly Poison","floor":13.0,"key":"SMITH"},{"data":"Catalyst","floor":15.0,"key":"SMITH"},{"data":"Ghostly","floor":23.0,"key":"SMITH"},{"floor":28.0,"key":"REST"},{"data":"Catalyst","floor":32.0,"key":"SMITH"}],"neow_cost":"NONE","seed_source_timestamp":7928327433449,"circlet_count":0,"master_deck":["AscendersBane","Defend_G","Defend_G","Defend_G","Defend_G","Defend_G","Strike_G","Strike_G","Strike_G","Strike_G","Strike_G","Survivor","Neutralize+1","Venomology","Terror","Deadly Poison+1","Bane","Poisoned Stab","Well Laid Plans+1","Deflect","Catalyst+1","Corpse Explosion","Noxious Fumes+1","Dash","Ghostly+1","Ghostly","Ghostly","Catalyst+1","PiercingWail"],"special_seed":0,"relics":["Ring of the Snake","Frozen Egg 2","Regal Pillow","Dodecahedron","Busted Crown","Anchor","Strawberry","MawBank","Orichalcum","Smiling Mask"],"potions_floor_usage":[33,33,33],"damage_taken":[{"damage":0.0,"enemies":"Jaw Worm","floor":1.0,"turns":5.0},{"damage":8.0,"enemies":"Small Slimes","floor":2.0,"turns":4.0},{"damage":0.0,"enemies":"2 Louse","floor":3.0,"turns":3.0},{"damage":0.0,"enemies":"Exordium Thugs","floor":4.0,"turns":3.0},{"damage":22.0,"enemies":"3 Sentries","floor":6.0,"turns":9.0},{"damage":10.0,"enemies":"Gremlin Gang","floor":11.0,"turns":6.0},{"damage":7.0,"enemies":"2 Fungi Beasts","floor":12.0,"turns":5.0},{"damage":0.0,"enemies":"Blue Slaver","floor":14.0,"turns":4.0},{"damage":19.0,"enemies":"Hexaghost","floor":16.0,"turns":9.0},{"damage":17.0,"enemies":"Spheric Guardian","floor":18.0,"turns":6.0},{"damage":0.0,"enemies":"3 Byrds","floor":20.0,"turns":2.0},{"damage":4.0,"enemies":"Slavers","floor":24.0,"turns":4.0},{"damage":5.0,"enemies":"3 Cultists","floor":25.0,"turns":4.0},{"damage":13.0,"enemies":"Gremlin Leader","floor":27.0,"turns":6.0},{"damage":2.0,"enemies":"Slavers","floor":29.0,"turns":4.0},{"damage":6.0,"enemies":"Shelled Parasite and Fungi","floor":30.0,"turns":5.0},{"damage":0.0,"enemies":"Snake Plant","floor":31.0,"turns":4.0},{"damage":52,"enemies":"Collector","floor":33,"turns":6}],"seed_played":"6715939437581423834","potions_obtained":[{"floor":1.0,"key":"SkillPotion"},{"floor":3.0,"key":"Fire Potion"},{"floor":4.0,"key":"Explosive Potion"},{"floor":12.0,"key":"Ancient Potion"},{"floor":16.0,"key":"Dexterity Potion"},{"floor":20.0,"key":"Explosive Potion"},{"floor":27.0,"key":"GhostInAJar"},{"floor":30.0,"key":"PowerPotion"}],"is_trial":false,"path_per_floor":["M","M","M","M","?","E","?","R","T","R","M","M","R","M","R","B",null,"M","$","M","?","?","R","E","M","T","E","R","E","M","M","R","B"],"character_chosen":"THE_SILENT","items_purchased":["Noxious Fumes+1","Anchor"],"campfire_rested":2,"item_purchase_floors":[19,19],"current_hp_per_floor":[59,51,51,51,51,29,29,63,63,63,53,46,46,46,46,27,56,39,39,39,33,33,33,36,31,31,18,40,38,32,32,32,0],"gold":256,"neow_bonus":"ONE_RANDOM_RARE_CARD","is_prod":false,"is_daily":false,"chose_seed":false,"campfire_upgraded":5,"win_rate":0,"timestamp":1553228554,"path_taken":["M","M","M","M","?","E","?","R","T","R","M","M","R","M","R","BOSS","M","$","M","?","?","R","E","?","T","E","R","E","M","M","R","BOSS"],"build_version":"2019-01-23","purchased_purges":0,"victory":false,"max_hp_per_floor":[66,66,66,66,66,66,66,66,66,66,66,66,66,66,66,66,66,66,66,66,33,33,33,40,40,40,40,40,40,40,40,40,40],"card_choices":[{"not_picked":["Outmaneuver","Crippling Poison"],"picked":"Terror","floor":1.0},{"not_picked":["Concentrate","Predator"],"picked":"Deadly Poison","floor":2.0},{"not_picked":["Slice","Concentrate"],"picked":"Bane","floor":3.0},{"not_picked":["Acrobatics","Reflex"],"picked":"Poisoned Stab","floor":4.0},{"not_picked":["Backflip","Dagger Throw"],"picked":"Well Laid Plans+1","floor":6.0},{"not_picked":["Quick Slash","Concentrate","Masterful Stab"],"picked":"SKIP","floor":11.0},{"not_picked":["Quick Slash","Slice"],"picked":"Deflect","floor":12.0},{"not_picked":["Dagger Spray","Deadly Poison"],"picked":"Catalyst","floor":14.0},{"not_picked":["Doppelganger","Grand Finale"],"picked":"Corpse Explosion","floor":16.0},{"not_picked":["Endless Agony"],"picked":"SKIP","floor":18.0},{"not_picked":[],"picked":"Dash","floor":20.0},{"not_picked":["Acrobatics"],"picked":"SKIP","floor":24.0},{"not_picked":["Expertise"],"picked":"SKIP","floor":25.0},{"not_picked":[],"picked":"Catalyst","floor":27.0},{"not_picked":["Well Laid Plans+1"],"picked":"SKIP","floor":29.0},{"not_picked":[],"picked":"PiercingWail","floor":30.0},{"not_picked":["Outmaneuver"],"picked":"SKIP","floor":31.0}],"player_experience":643306,"relics_obtained":[{"floor":6.0,"key":"Regal Pillow"},{"floor":9.0,"key":"Dodecahedron"},{"floor":24.0,"key":"Strawberry"},{"floor":26.0,"key":"MawBank"},{"floor":27.0,"key":"Orichalcum"},{"floor":29.0,"key":"Smiling Mask"}],"event_choices":[{"damage_healed":0.0,"max_hp_gain":0.0,"max_hp_loss":0.0,"gold_gain":0.0,"event_name":"Big Fish","player_choice":"Box","floor":5.0,"gold_loss":0.0,"damage_taken":0.0,"relics_obtained":["Frozen Egg 2"],"cards_obtained":["Regret"]},{"cards_removed":["Regret"],"damage_healed":0.0,"max_hp_gain":0.0,"max_hp_loss":0.0,"gold_gain":0.0,"event_name":"The Cleric","player_choice":"Card Removal","floor":7.0,"gold_loss":75.0,"damage_taken":0.0},{"damage_healed":0.0,"max_hp_gain":0.0,"max_hp_loss":33.0,"gold_gain":0.0,"event_name":"Ghosts","player_choice":"Became a Ghost","floor":21.0,"gold_loss":0.0,"damage_taken":0.0,"cards_obtained":["Ghostly","Ghostly","Ghostly"]},{"damage_healed":0.0,"max_hp_gain":0.0,"max_hp_loss":0.0,"gold_gain":0.0,"event_name":"Lab","player_choice":"Got Potions","floor":22.0,"gold_loss":0.0,"damage_taken":0.0}],"is_beta":false,"boss_relics":[{"not_picked":["Velvet Choker","Snecko Eye"],"picked":"Busted Crown"}],"items_purged_floors":[],"is_endless":false,"potions_floor_spawned":[1,3,4,12,16,20,27,30],"killed_by":"Collector","ascension_level":15}