{"gold_per_floor":[112,122,122,136,153,153,187,34,34,49,49,79,79,99,99,99],"floor_reached":16,"playtime":735,"items_purged":["Regret"],"score":112,"play_id":"422d0275-7b26-4bb4-b671-6881d3c1e624","local_time":"25610716205034","is_ascension_mode":false,"campfire_choices":[{"data":"Noxious Fumes","floor":6,"key":"SMITH"},{"floor":11,"key":"REST"},{"data":"Envenom","floor":13,"key":"SMITH"},{"floor":15,"key":"REST"}],"neow_cost":"NONE","seed_source_timestamp":33467659592469,"circlet_count":0,"master_deck":["Defend_G","Defend_G","Defend_G","Defend_G","Defend_G","Strike_G","Strike_G","Strike_G","Strike_G","Survivor","Neutralize","Underhanded Strike","Poisoned Stab","Noxious Fumes+1","Deadly Poison","Envenom+1","Crippling Poison","Dodge and Roll","Venomology"],"special_seed":17728,"relics":["Ring of the Snake","Boot","Peace Pipe","Letter Opener","Bag of Marbles"],"potions_floor_usage":[7,12,12,16],"damage_taken":[{"damage":0,"enemies":"2 Louse","floor":1,"turns":3},{"damage":12,"enemies":"Cultist","floor":2,"turns":5},{"damage":0,"enemies":"Small Slimes","floor":4,"turns":3},{"damage":3,"enemies":"3 Louse","floor":5,"turns":5},{"damage":37,"enemies":"Gremlin Nob","floor":7,"turns":5},{"damage":8,"enemies":"Exordium Wildlife","floor":10,"turns":5},{"damage":10,"enemies":"Lagavulin","floor":12,"turns":6},{"damage":12,"enemies":"Large Slime","floor":14,"turns":6},{"damage":35,"enemies":"Slime Boss","floor":16,"turns":3}],"seed_played":"-5490866739233778764","potions_obtained":[{"floor":5,"key":"Energy Potion"},{"floor":10,"key":"FearPotion"}],"is_trial":false,"path_per_floor":["M","M","?","M","M","R","E","$","T","M","R","E","R","M","R"],"character_chosen":"THE_SILENT","items_purchased":["GhostInAJar"],"campfire_rested":2,"item_purchase_floors":[8],"current_hp_per_floor":[70,58,58,58,55,55,18,18,18,10,31,21,21,9,30,0],"gold":99,"neow_bonus":"REMOVE_CARD","is_prod":false,"is_daily":false,"chose_seed":false,"campfire_upgraded":2,"win_rate":0,"timestamp":1531749034,"path_taken":["M","M","?","?","?","R","E","?","T","M","R","E","R","M","R","BOSS"],"build_version":"2018-07-12","purchased_purges":1,"victory":false,"max_hp_per_floor":[70,70,70,70,70,70,70,70,70,70,70,70,70,70,70,70],"card_choices":[{"not_picked":["Sucker Punch","Leg Sweep"],"picked":"Underhanded Strike","floor":1},{"not_picked":["Underhanded Strike","A Thousand Cuts"],"picked":"Poisoned Stab","floor":2},{"not_picked":["Backflip","Sucker Punch"],"picked":"Noxious Fumes","floor":4},{"not_picked":["Heel Hook","Sucker Punch"],"picked":"Deadly Poison","floor":5},{"not_picked":["Well Laid Plans","Predator"],"picked":"Envenom","floor":7},{"not_picked":["Quick Slash","Underhanded Strike"],"picked":"Crippling Poison","floor":10},{"not_picked":["Heel Hook","Quick Slash"],"picked":"Dodge and Roll","floor":12},{"not_picked":["Bane","Dodge and Roll"],"picked":"Venomology","floor":14}],"player_experience":66879,"relics_obtained":[{"floor":7,"key":"Peace Pipe"},{"floor":9,"key":"Letter Opener"},{"floor":12,"key":"Bag of Marbles"}],"event_choices":[{"event_name":"Big Fish","player_choice":"Box","floor":3,"damage_taken":0}],"boss_relics":[],"items_purged_floors":[8],"is_endless":false,"potions_floor_spawned":[5,10],"killed_by":"Slime Boss","ascension_level":0}