{"gold_per_floor":[113,124,124,124,49,75,95,112,183,213,163,196,196,196,196,295,345,358,377,377,377,393,393,419,419,419,419,445,445,455,467,467,467],"floor_reached":33,"playtime":1110,"items_purged":["Defend_R"],"score":426,"play_id":"93e3e736-4695-40b3-a61f-c35540146ff1","local_time":"25610724192220","is_ascension_mode":true,"campfire_choices":[{"data":"Shrug It Off","floor":13,"key":"SMITH"},{"floor":15,"key":"REST"},{"data":"Uppercut","floor":23,"key":"SMITH"},{"data":"Double Tap","floor":25,"key":"SMITH"},{"floor":29,"key":"REST"},{"floor":32,"key":"REST"}],"neow_cost":"NONE","seed_source_timestamp":27297249635831,"circlet_count":0,"master_deck":["Strike_R","Strike_R+1","Defend_R+1","Defend_R+1","Defend_R","Bash+1","Uppercut+1","Battle Trance","Shrug It Off+1","Rampage+1","Double Tap+1","Blood for Blood","Flame Barrier","Thunderclap+1","True Grit+1","Decay","Cleave+1"],"relics":["Burning Blood","NeowsBlessing","Torii","Kunai","Regal Pillow","Whetstone","Matryoshka","Tiny House","Shuriken","Anchor","Frozen Egg 2","Oddly Smooth Stone"],"potions_floor_usage":[10,12,12,16,18,19,31,31],"damage_taken":[{"damage":0,"enemies":"Cultist","floor":1,"turns":1},{"damage":0,"enemies":"Jaw Worm","floor":2,"turns":1},{"damage":0,"enemies":"Gremlin Nob","floor":6,"turns":1},{"damage":0,"enemies":"Small Slimes","floor":7,"turns":4},{"damage":8,"enemies":"Exordium Wildlife","floor":8,"turns":4},{"damage":4,"enemies":"3 Sentries","floor":10,"turns":8},{"damage":29,"enemies":"Gremlin Nob","floor":12,"turns":5},{"damage":60,"enemies":"Slime Boss","floor":16,"turns":11},{"damage":9,"enemies":"Chosen","floor":18,"turns":5},{"damage":11,"enemies":"Shell Parasite","floor":19,"turns":6},{"damage":20,"enemies":"Snecko","floor":22,"turns":5},{"damage":13,"enemies":"Book of Stabbing","floor":24,"turns":6},{"damage":38,"enemies":"Gremlin Leader","floor":28,"turns":7},{"damage":16,"enemies":"Snake Plant","floor":30,"turns":4},{"damage":38,"enemies":"Centurion and Healer","floor":31,"turns":6},{"damage":57,"enemies":"Champ","floor":33,"turns":9}],"seed_played":"8188489450645786649","potions_obtained":[{"floor":1,"key":"Swift Potion"},{"floor":7,"key":"Ancient Potion"},{"floor":8,"key":"Fire Potion"},{"floor":12,"key":"EssenceOfSteel"},{"floor":16,"key":"Energy Potion"},{"floor":17,"key":"SkillPotion"},{"floor":28,"key":"Strength Potion"},{"floor":30,"key":"LiquidBronze"}],"is_trial":false,"path_per_floor":["M","M","?","?","$","E","M","M","T","E","?","E","R","?","R","B",null,"M","M","?","?","M","R","E","R","T","?","E","R","M","M","R"],"character_chosen":"IRONCLAD","items_purchased":[],"campfire_rested":3,"item_purchase_floors":[],"current_hp_per_floor":[78,80,80,64,64,70,76,74,74,76,76,53,53,41,80,26,72,69,64,64,64,50,50,43,43,43,43,11,51,41,9,49,0],"gold":467,"neow_bonus":"THREE_ENEMY_KILL","is_prod":false,"is_daily":false,"chose_seed":false,"campfire_upgraded":3,"win_rate":0,"timestamp":1532434940,"path_taken":["M","?","?","?","$","E","M","?","T","E","?","E","R","?","R","BOSS","M","M","?","?","?","R","E","R","T","?","E","R","M","M","R","BOSS"],"build_version":"2018-07-19v2","purchased_purges":1,"victory":false,"max_hp_per_floor":[80,80,80,80,80,80,80,80,80,80,80,80,80,80,80,80,85,85,85,85,85,85,85,85,85,85,85,85,85,85,85,85,85],"card_choices":[{"not_picked":["Flex","Hemokinesis"],"picked":"Uppercut","floor":1},{"not_picked":["Sword Boomerang","Rupture","Headbutt"],"picked":"SKIP","floor":2},{"not_picked":["Reaper","Sword Boomerang"],"picked":"Battle Trance","floor":6},{"not_picked":["Iron Wave","Corruption"],"picked":"Shrug It Off","floor":7},{"not_picked":["Iron Wave","Searing Blow","Headbutt"],"picked":"SKIP","floor":8},{"not_picked":["Sever Soul","Heavy Blade"],"picked":"Rampage","floor":10},{"not_picked":["Uppercut","Perfected Strike","Exhume"],"picked":"SKIP","floor":12},{"not_picked":["Juggernaut","Exhume"],"picked":"Double Tap","floor":16},{"not_picked":["Pummel","Clothesline"],"picked":"Blood for Blood","floor":17},{"not_picked":["Whirlwind","Bloodletting+1"],"picked":"Flame Barrier","floor":18},{"not_picked":["Armaments","Disarm+1"],"picked":"Thunderclap+1","floor":19},{"not_picked":["Pommel Strike","Shrug It Off","Hemokinesis+1"],"picked":"SKIP","floor":22},{"not_picked":["Impervious","Pommel Strike"],"picked":"True Grit+1","floor":24},{"not_picked":["Havoc","Intimidate","Thunderclap"],"picked":"SKIP","floor":28},{"not_picked":["Perfected Strike","Headbutt","Burning Pact"],"picked":"SKIP","floor":30},{"not_picked":["Disarm","Combust+1"],"picked":"Cleave+1","floor":31}],"player_experience":131820,"relics_obtained":[{"floor":6,"key":"Torii"},{"floor":9,"key":"Kunai"},{"floor":10,"key":"Regal Pillow"},{"floor":12,"key":"Whetstone"},{"floor":24,"key":"Shuriken"},{"floor":26,"key":"Anchor"},{"floor":26,"key":"Frozen Egg 2"},{"floor":28,"key":"Oddly Smooth Stone"}],"event_choices":[{"event_name":"Living Wall","player_choice":"Forget","floor":3,"damage_taken":0},{"event_name":"Shining Light","player_choice":"Entered Light","floor":4,"damage_taken":0},{"event_name":"The Cleric","player_choice":"Card Removal","floor":11,"damage_taken":0},{"event_name":"Scrap Ooze","player_choice":"success","floor":14,"damage_taken":12},{"event_name":"Vampires","player_choice":"Ignored","floor":20,"damage_taken":0},{"event_name":"Back to Basics","player_choice":"Elegance","floor":21,"damage_taken":0},{"event_name":"Forgotten Altar","player_choice":"Smashed Altar","floor":27,"damage_taken":0}],"is_beta":false,"boss_relics":[{"not_picked":["Runic Cube","Orrery"],"picked":"Tiny House"}],"items_purged_floors":[5],"is_endless":false,"potions_floor_spawned":[1,7,8,12,16,28,30],"killed_by":"Champ","ascension_level":6}