{"gold_per_floor":[17,31,50,50,0,0,27,38,62,62,89,14,34,44,44,116,116,136,156,82,82],"floor_reached":21,"playtime":822,"items_purged":["Strike_R"],"score":382,"play_id":"e6935eb0-f4c3-4a36-9887-f480d423524a","local_time":"20181101171815","is_ascension_mode":true,"campfire_choices":[{"data":"Bash","floor":6,"key":"SMITH"},{"data":"Armaments","floor":10,"key":"SMITH"},{"floor":15,"key":"REST"}],"neow_cost":"NO_GOLD","seed_source_timestamp":22366086418105,"circlet_count":0,"master_deck":["Strike_R","Strike_R","Strike_R","Strike_R","Defend_R","Defend_R","Defend_R","Defend_R","Bash+1","AscendersBane","Swift Strike","Dramatic Entrance","Pommel Strike","True Grit","Armaments+1","Inflame","Clothesline","Anger","Demon Form","True Grit","Perfected Strike+1","Shrug It Off","Body Slam"],"relics":["Burning Blood","Blood Vial","Art of War","Centennial Puzzle","Sozu"],"potions_floor_usage":[16,16],"damage_taken":[{"damage":4,"enemies":"Small Slimes","floor":1,"turns":3},{"damage":6,"enemies":"Cultist","floor":2,"turns":3},{"damage":4,"enemies":"2 Louse","floor":3,"turns":3},{"damage":31,"enemies":"Gremlin Nob","floor":7,"turns":4},{"damage":17,"enemies":"Exordium Wildlife","floor":8,"turns":5},{"damage":30,"enemies":"Lagavulin","floor":11,"turns":8},{"damage":8,"enemies":"Blue Slaver","floor":13,"turns":3},{"damage":9,"enemies":"2 Fungi Beasts","floor":14,"turns":2},{"damage":28,"enemies":"Slime Boss","floor":16,"turns":9},{"damage":20,"enemies":"3 Byrds","floor":18,"turns":6},{"damage":35,"enemies":"Shell Parasite","floor":19,"turns":6},{"damage":37,"enemies":"Snecko","floor":21,"turns":7}],"seed_played":"-4305134635291886876","potions_obtained":[{"floor":4,"key":"LiquidBronze"},{"floor":4,"key":"FairyPotion"},{"floor":7,"key":"SpeedPotion"},{"floor":14,"key":"Fire Potion"}],"is_trial":false,"path_per_floor":["M","M","M","?","?","R","E","M","T","R","E","$","M","M","R","B",null,"M","M","$"],"character_chosen":"IRONCLAD","items_purchased":["Shrug It Off","Body Slam"],"campfire_rested":1,"item_purchase_floors":[20,20],"current_hp_per_floor":[70,70,72,72,72,72,47,38,38,38,16,16,16,15,37,17,61,49,22,22,0],"gold":82,"neow_bonus":"RANDOM_COLORLESS_2","is_prod":false,"is_daily":false,"chose_seed":false,"campfire_upgraded":2,"win_rate":0,"timestamp":1541117895,"path_taken":["M","M","M","?","?","R","E","M","T","R","E","$","M","M","R","BOSS","M","?","$","M"],"build_version":"2018-10-25v2","purchased_purges":1,"victory":false,"max_hp_per_floor":[75,75,75,75,75,75,75,75,75,75,75,75,75,75,75,75,75,75,75,75,75],"card_choices":[{"not_picked":["Shockwave","Dual Wield"],"picked":"Pommel Strike","floor":1},{"not_picked":["Havoc","Limit Break"],"picked":"True Grit","floor":2},{"not_picked":["Heavy Blade","Cleave"],"picked":"Armaments","floor":3},{"not_picked":["Rage","Reckless Charge"],"picked":"Inflame","floor":7},{"not_picked":["Pummel","Perfected Strike"],"picked":"Clothesline","floor":8},{"not_picked":["Corruption","Cleave","Heavy Blade"],"picked":"SKIP","floor":11},{"not_picked":["Armaments","Sword Boomerang"],"picked":"Anger","floor":13},{"not_picked":["Warcry","Rage","Blood for Blood"],"picked":"SKIP","floor":14},{"not_picked":["Bludgeon","Exhume"],"picked":"Demon Form","floor":16},{"not_picked":["Thunderclap+1","Headbutt"],"picked":"True Grit","floor":18},{"not_picked":["Pummel","Armaments+1"],"picked":"Perfected Strike+1","floor":19}],"player_experience":1548358,"relics_obtained":[{"floor":7,"key":"Blood Vial"},{"floor":9,"key":"Art of War"},{"floor":11,"key":"Centennial Puzzle"}],"event_choices":[{"damage_healed":0,"gold_gain":0,"player_choice":"Got Potions","damage_taken":0,"max_hp_gain":0,"max_hp_loss":0,"event_name":"The Lab","floor":4,"gold_loss":0},{"damage_healed":0,"gold_gain":0,"player_choice":"Left Gold","damage_taken":0,"max_hp_gain":0,"max_hp_loss":0,"event_name":"World of Goop","floor":5,"gold_loss":50}],"is_beta":false,"boss_relics":[{"not_picked":["White Beast Statue","Black Star"],"picked":"Sozu"}],"items_purged_floors":[12],"is_endless":false,"potions_floor_spawned":[7,13,14,19],"killed_by":"Snecko","ascension_level":20}