{"path_per_floor":["M","M","?","M","M","R","?","M","T","R","M","R","?","M","R"],"character_chosen":"THE_SILENT","items_purchased":[],"gold_per_floor":[212,225,225,244,260,260,282,301,301,301,319,319,319,335,335,335],"floor_reached":16,"campfire_rested":0,"playtime":944,"item_purchase_floors":[],"current_hp_per_floor":[70,70,75,65,52,52,43,35,35,35,35,35,35,35,35,0],"items_purged":[],"gold":335,"score":94,"play_id":"d88b1501-1e31-43f4-b82d-62daebdd399c","local_time":"20180529201108","is_prod":false,"is_daily":false,"chose_seed":false,"is_ascension_mode":false,"campfire_upgraded":4,"win_rate":0,"timestamp":1527649868,"campfire_choices":[{"data":"Predator","floor":6,"key":"SMITH"},{"data":"All Out Attack","floor":10,"key":"SMITH"},{"data":"Backflip","floor":12,"key":"SMITH"},{"data":"Cloak And Dagger","floor":15,"key":"SMITH"}],"path_taken":["M","M","?","M","M","R","?","?","T","R","M","R","?","M","R","BOSS"],"build_version":"2018-05-24","seed_source_timestamp":27153340073320,"purchased_purges":0,"victory":false,"master_deck":["Defend_G","Defend_G","Defend_G","Defend_G","Defend_G","Strike_G","Strike_G","Strike_G","Strike_G","Survivor","Neutralize","Slice","All Out Attack+1","Dodge and Roll","Predator+1","Backflip+1","Cloak And Dagger+1"],"max_hp_per_floor":[70,70,75,75,75,75,75,75,75,75,75,75,75,75,75,75],"relics":["Ring of the Snake","Odd Mushroom","Centennial Puzzle"],"card_choices":[{"not_picked":["Dodge and Roll","Deflect"],"picked":"Slice","floor":1},{"not_picked":["Catalyst","Eviscerate"],"picked":"All Out Attack","floor":2},{"not_picked":["Masterful Stab","Acrobatics"],"picked":"Dodge and Roll","floor":4},{"not_picked":["PiercingWail","Deadly Poison"],"picked":"Predator","floor":5},{"not_picked":["Underhanded Strike","Distraction","Flechettes"],"picked":"SKIP","floor":8},{"not_picked":["Bouncing Flask","Poisoned Stab"],"picked":"Backflip","floor":11},{"not_picked":["Die Die Die","Dodge and Roll"],"picked":"Cloak And Dagger","floor":14}],"player_experience":375990,"potions_floor_usage":[16,16,16],"damage_taken":[{"damage":0,"enemies":"Jaw Worm","floor":1,"turns":6},{"damage":0,"enemies":"2 Louse","floor":2,"turns":3},{"damage":10,"enemies":"Small Slimes","floor":4,"turns":2},{"damage":13,"enemies":"2 Fungi Beasts","floor":5,"turns":3},{"damage":9,"enemies":"The Mushroom Lair","floor":7,"turns":4},{"damage":8,"enemies":"Lots of Slimes","floor":8,"turns":4},{"damage":0,"enemies":"Large Slime","floor":11,"turns":4},{"damage":0,"enemies":"3 Louse","floor":14,"turns":1},{"damage":38,"enemies":"The Guardian","floor":16,"turns":14}],"relics_obtained":[{"floor":7,"key":"Odd Mushroom"},{"floor":9,"key":"Centennial Puzzle"}],"event_choices":[{"event_name":"Big Fish","player_choice":"Donut","floor":3,"damage_taken":0},{"event_name":"Mushrooms","player_choice":"Fought Mushrooms","floor":7,"damage_taken":0},{"event_name":"Living Wall","player_choice":"Forget","floor":13,"damage_taken":0}],"boss_relics":[],"items_purged_floors":[],"potions_floor_spawned":[1,8,14],"seed_played":"-4442079304962291888","killed_by":"The Guardian","ascension_level":0,"potions_obtained":[{"floor":1,"key":"Poison Potion"},{"floor":8,"key":"PowerPotion"},{"floor":14,"key":"Strength Potion"}],"is_trial":false}