{"gold_per_floor":[111,111,36,36,53,53,80,96,96,129,304,317,317,333,333,431,431,448,52,71,81,92,92,103,103,103,103,138,148,122,122,122,223,223,237,237,253,11,26,26,26,58,58,78,78,103,121,121],"floor_reached":48,"playtime":1913,"items_purged":["Defend_R","Doubt"],"score":547,"play_id":"9b19dc20-33ab-4850-81dd-558e281b718e","local_time":"25610716215937","is_ascension_mode":false,"campfire_choices":[{"data":"Flex","floor":6,"key":"SMITH"},{"data":"Heavy Blade","floor":13,"key":"SMITH"},{"data":"Pummel","floor":15,"key":"SMITH"},{"data":"Limit Break","floor":23,"key":"SMITH"},{"data":"Rampage","floor":25,"key":"SMITH"},{"data":"Twin Strike","floor":27,"key":"SMITH"},{"floor":32,"key":"REST"},{"data":"Sword Boomerang","floor":40,"key":"SMITH"}],"neow_cost":"NONE","seed_source_timestamp":36430546353782,"circlet_count":0,"master_deck":["Strike_R","Defend_R+1","Defend_R+1","Bash+1","Pummel+1","Flex+1","Heavy Blade+1","Rampage+1","Twin Strike+1","Limit Break+1","Barricade+1","Rampage+1","Double Tap+1","Flex+1","Clash+1","Headbutt","Twin Strike+1","Flex","Sword Boomerang+1","Infernal Blade","Power Through","Sentinel+1"],"relics":["Burning Blood","Mercury Hourglass","Letter Opener","War Paint","Astrolabe","Champion Belt","Incense Burner","Ancient Tea Set","Philosopher\u0027s Stone","Lee\u0027s Waffle","Self Forming Clay","Mummified Hand","Paper Frog"],"potions_floor_usage":[7,10,18,21,28,33,35,37,39,39,46],"damage_taken":[{"damage":6,"enemies":"Jaw Worm","floor":1,"turns":3},{"damage":0,"enemies":"Small Slimes","floor":5,"turns":3},{"damage":25,"enemies":"3 Sentries","floor":7,"turns":10},{"damage":0,"enemies":"2 Louse","floor":8,"turns":2},{"damage":22,"enemies":"Gremlin Nob","floor":10,"turns":4},{"damage":4,"enemies":"2 Fungi Beasts","floor":12,"turns":3},{"damage":0,"enemies":"Blue Slaver","floor":14,"turns":3},{"damage":60,"enemies":"The Guardian","floor":16,"turns":9},{"damage":28,"enemies":"3 Byrds","floor":18,"turns":4},{"damage":0,"enemies":"Shell Parasite","floor":20,"turns":1},{"damage":20,"enemies":"Snecko","floor":21,"turns":4},{"damage":2,"enemies":"Chosen and Byrds","floor":22,"turns":4},{"damage":8,"enemies":"Centurion and Healer","floor":24,"turns":3},{"damage":18,"enemies":"Book of Stabbing","floor":28,"turns":3},{"damage":0,"enemies":"Snecko","floor":29,"turns":2},{"damage":26,"enemies":"Automaton","floor":33,"turns":6},{"damage":34,"enemies":"3 Darklings","floor":35,"turns":3},{"damage":1,"enemies":"Flame Bruiser 1 Orb","floor":37,"turns":2},{"damage":24,"enemies":"3 Darklings","floor":39,"turns":4},{"damage":15,"enemies":"Giant Head","floor":42,"turns":5},{"damage":20,"enemies":"Sphere and 2 Shapes","floor":44,"turns":3},{"damage":53,"enemies":"Nemesis","floor":46,"turns":7},{"damage":35,"enemies":"Flame Bruiser 2 Orb","floor":47,"turns":5},{"damage":9,"enemies":"4 Shapes","floor":48,"turns":1}],"seed_played":"7726952361025558160","potions_obtained":[{"floor":5,"key":"Fruit Juice"},{"floor":8,"key":"SpeedPotion"},{"floor":16,"key":"SteroidPotion"},{"floor":18,"key":"PowerPotion"},{"floor":21,"key":"Block Potion"},{"floor":24,"key":"Swift Potion"},{"floor":28,"key":"Swift Potion"},{"floor":35,"key":"BloodPotion"},{"floor":36,"key":"AttackPotion"},{"floor":36,"key":"PowerPotion"},{"floor":44,"key":"GamblersBrew"}],"is_trial":false,"path_per_floor":["M","?","$","?","M","R","E","M","T","E","?","M","R","M","R","B",null,"M","$","M","M","M","R","M","R","T","R","E","M","$","?","R","B",null,"M","?","M","$","M","R","?","E","T","M","?","E","M"],"character_chosen":"IRONCLAD","items_purchased":["Champion Belt","Headbutt","Lee\u0027s Waffle","Sword Boomerang"],"campfire_rested":1,"item_purchase_floors":[19,30,38,38],"current_hp_per_floor":[80,80,80,73,79,79,65,71,71,55,55,57,57,63,63,9,85,63,63,69,55,59,59,57,57,57,57,45,51,51,35,62,42,90,62,62,67,97,88,88,107,98,98,84,84,37,8,0],"gold":121,"neow_bonus":"UPGRADE_CARD","is_prod":false,"is_daily":false,"chose_seed":false,"campfire_upgraded":7,"win_rate":0,"timestamp":1531753177,"path_taken":["M","?","$","?","M","R","E","M","T","E","?","M","R","M","R","BOSS","M","?","M","?","?","R","M","R","T","R","E","M","$","?","R","BOSS","M","?","M","$","M","R","?","E","T","M","?","E","?","M"],"build_version":"2018-07-12","purchased_purges":2,"victory":false,"max_hp_per_floor":[80,80,80,80,80,80,85,85,85,85,85,85,85,85,85,85,85,85,85,85,85,85,85,85,85,85,85,85,85,85,90,90,90,90,90,90,90,97,97,97,107,107,107,107,107,107,107,107],"card_choices":[{"not_picked":["Headbutt","Burning Pact"],"picked":"Pummel","floor":1},{"not_picked":["Havoc","Iron Wave"],"picked":"Flex","floor":5},{"not_picked":["Searing Blow","Armaments"],"picked":"Heavy Blade","floor":7},{"not_picked":["Corruption","Cleave","Wild Strike"],"picked":"SKIP","floor":8},{"not_picked":["Offering","Thunderclap"],"picked":"Rampage","floor":10},{"not_picked":["Perfected Strike","Intimidate"],"picked":"Twin Strike","floor":12},{"not_picked":["Spot Weakness","Shrug It Off","Carnage"],"picked":"SKIP","floor":14},{"not_picked":["Bludgeon","Reaper"],"picked":"Limit Break","floor":16},{"not_picked":["Headbutt","Perfected Strike"],"picked":"Flex+1","floor":18},{"not_picked":["Warcry","Havoc","Anger"],"picked":"SKIP","floor":20},{"not_picked":["True Grit+1","Warcry","Clothesline"],"picked":"SKIP","floor":21},{"not_picked":["Wild Strike+1","Cleave","Second Wind+1"],"picked":"SKIP","floor":22},{"not_picked":["Reaper","Cleave","Rupture"],"picked":"SKIP","floor":24},{"not_picked":["Thunderclap","Cleave"],"picked":"Clash+1","floor":28},{"not_picked":["Intimidate","Juggernaut","Perfected Strike"],"picked":"SKIP","floor":29},{"not_picked":["Offering","Bludgeon"],"picked":"Exhume","floor":33},{"not_picked":["Havoc","Thunderclap"],"picked":"Twin Strike+1","floor":35},{"not_picked":["Hemokinesis","Clothesline+1"],"picked":"Flex","floor":37},{"not_picked":["Anger","Headbutt","True Grit"],"picked":"SKIP","floor":39},{"not_picked":["Perfected Strike+1","Evolve+1"],"picked":"Infernal Blade","floor":42},{"not_picked":["Twin Strike","Body Slam+1"],"picked":"Power Through","floor":44},{"not_picked":["Pummel","Clash+1"],"picked":"Sentinel+1","floor":46},{"not_picked":["Searing Blow","Perfected Strike+1","Thunderclap"],"picked":"SKIP","floor":47}],"player_experience":69761,"relics_obtained":[{"floor":7,"key":"Mercury Hourglass"},{"floor":9,"key":"Letter Opener"},{"floor":10,"key":"War Paint"},{"floor":26,"key":"Incense Burner"},{"floor":28,"key":"Ancient Tea Set"},{"floor":42,"key":"Self Forming Clay"},{"floor":43,"key":"Mummified Hand"},{"floor":46,"key":"Paper Frog"}],"event_choices":[{"event_name":"Living Wall","player_choice":"Forget","floor":2,"damage_taken":0},{"event_name":"Golden Wing","player_choice":"Card Removal","floor":4,"damage_taken":0},{"event_name":"Liars Game","player_choice":"agreed","floor":11,"damage_taken":0},{"event_name":"Forgotten Altar","player_choice":"Shed Blood","floor":31,"damage_taken":0},{"event_name":"The Lab","player_choice":"Got Potions","floor":36,"damage_taken":0},{"event_name":"Bonfire Elementals","player_choice":"RARE","floor":41,"damage_taken":0},{"event_name":"SensoryStone","player_choice":"Memory 1","floor":45,"damage_taken":0}],"boss_relics":[{"not_picked":["Orrery","Coffee Dripper"],"picked":"Astrolabe"},{"not_picked":["Runic Dome","White Beast Statue"],"picked":"Philosopher\u0027s Stone"}],"items_purged_floors":[3,19],"is_endless":false,"potions_floor_spawned":[5,8,16,18,21,24,28,35,44],"killed_by":"4 Shapes","ascension_level":0}