{"gold_per_floor":[109,120,138,138,138,138,173,173,173,214,194,238,259,259,259,350,350,369,219,219,244,294,294,294,294,344,378,412,412,445,21,21,114,114,129,462,215,229,284,284,311,311,311,346,366,384,413,635,635,635],"floor_reached":51,"playtime":2594,"items_purged":["Strike_G","Strike_G"],"score":1624,"play_id":"50429800-c12b-4495-89be-a04a3ee629e1","local_time":"20190508134811","is_ascension_mode":true,"campfire_choices":[{"data":"Noxious Fumes","floor":6.0,"key":"SMITH"},{"data":"Neutralize","floor":8.0,"key":"SMITH"},{"data":"Footwork","floor":15.0,"key":"SMITH"},{"data":"Malaise","floor":23.0,"key":"SMITH"},{"data":"Glass Knife","floor":25.0,"key":"SMITH"},{"data":"Crippling Poison","floor":29,"key":"SMITH"},{"data":"Footwork","floor":32,"key":"SMITH"},{"data":"A Thousand Cuts","floor":40,"key":"SMITH"},{"data":"Dodge and Roll","floor":42,"key":"SMITH"},{"data":"Dodge and Roll","floor":49,"key":"SMITH"}],"neow_cost":"NONE","seed_source_timestamp":247156694830491,"circlet_count":0,"master_deck":["AscendersBane","Defend_G","Defend_G+1","Defend_G","Defend_G","Defend_G","Strike_G","Survivor+1","Neutralize+1","Noxious Fumes+1","Predator","Dagger Throw","Glass Knife+1","Footwork+1","Malaise+1","Dodge and Roll+1","All Out Attack","Poisoned Stab","Deflect","Crippling Poison+1","Footwork+1","A Thousand Cuts+1","Well Laid Plans+1","Dodge and Roll+1","Footwork+1","PiercingWail"],"special_seed":0,"relics":["Ring of the Serpent","Ancient Tea Set","Juzu Bracelet","Bag of Preparation","Regal Pillow","War Paint","Matryoshka","Strawberry","Happy Flower","Lantern","Red Mask","Gremlin Horn","Mummified Hand","Sozu","Ninja Scroll","Dead Branch","Pen Nib","Pantograph","Bottled Lightning","Question Card","Boot"],"potions_floor_usage":[28,30,39],"damage_taken":[{"damage":1.0,"enemies":"Small Slimes","floor":1.0,"turns":5.0},{"damage":0.0,"enemies":"Jaw Worm","floor":2.0,"turns":7.0},{"damage":2.0,"enemies":"Cultist","floor":3.0,"turns":4.0},{"damage":12.0,"enemies":"Lagavulin","floor":7.0,"turns":7.0},{"damage":0.0,"enemies":"Gremlin Nob","floor":10.0,"turns":2.0},{"damage":9.0,"enemies":"3 Sentries","floor":12.0,"turns":5.0},{"damage":7.0,"enemies":"Lots of Slimes","floor":13.0,"turns":3.0},{"damage":11.0,"enemies":"Hexaghost","floor":16.0,"turns":11.0},{"damage":6.0,"enemies":"Spheric Guardian","floor":18.0,"turns":7.0},{"damage":0.0,"enemies":"Chosen","floor":21.0,"turns":5.0},{"damage":2.0,"enemies":"Book of Stabbing","floor":27.0,"turns":7.0},{"damage":6,"enemies":"Masked Bandits","floor":28,"turns":6},{"damage":11,"enemies":"Slavers","floor":30,"turns":4},{"damage":0,"enemies":"Automaton","floor":33,"turns":12},{"damage":0,"enemies":"3 Darklings","floor":35,"turns":4},{"damage":0,"enemies":"3 Shapes","floor":38,"turns":4},{"damage":12,"enemies":"2 Orb Walkers","floor":39,"turns":7},{"damage":0,"enemies":"Giant Head","floor":41,"turns":6},{"damage":0,"enemies":"Reptomancer","floor":44,"turns":4},{"damage":0,"enemies":"Sphere and 2 Shapes","floor":45,"turns":3},{"damage":0,"enemies":"Transient","floor":46,"turns":5},{"damage":0,"enemies":"Nemesis","floor":47,"turns":7},{"damage":1,"enemies":"Donu and Deca","floor":50,"turns":10}],"seed_played":"7072537214753642820","potions_obtained":[{"floor":3.0,"key":"Explosive Potion"},{"floor":7.0,"key":"FearPotion"},{"floor":10.0,"key":"Ancient Potion"},{"floor":27.0,"key":"FearPotion"},{"floor":28,"key":"EssenceOfSteel"},{"floor":30,"key":"Block Potion"},{"floor":33,"key":"Explosive Potion"}],"is_trial":false,"path_per_floor":["M","M","M","?","T","R","E","R","T","E","?","E","M","?","R","B",null,"M","$","?","M","?","R","?","R","T","E","?","R","E","$","R","B",null,"M","?","$","M","?","R","E","R","T","E","M","M","E","?","R","B",null],"character_chosen":"THE_SILENT","items_purchased":["Regen Potion","Mummified Hand","Footwork","Ninja Scroll"],"campfire_rested":0,"item_purchase_floors":[19,31,31,37],"current_hp_per_floor":[58,58,56,56,56,56,44,44,44,44,44,35,28,28,28,17,49,43,43,43,43,43,43,43,43,50,63,57,57,46,46,46,46,62,62,62,62,62,50,50,50,50,50,50,50,50,50,50,50,66],"gold":635,"neow_bonus":"RANDOM_COMMON_RELIC","is_prod":false,"is_daily":false,"chose_seed":false,"campfire_upgraded":10,"win_rate":0,"timestamp":1557348491,"path_taken":["M","M","M","?","?","R","E","R","T","E","?","E","M","?","R","BOSS","M","$","?","M","?","R","?","R","T","E","?","R","E","?","R","BOSS","M","?","$","M","?","R","E","R","T","E","M","M","E","?","R","BOSS"],"build_version":"2019-01-23","purchased_purges":2,"victory":true,"max_hp_per_floor":[66,66,66,60,60,60,60,60,60,60,60,60,60,60,60,60,60,60,60,60,60,60,60,60,60,67,67,67,67,67,67,67,67,67,67,67,67,67,67,67,67,67,67,67,67,67,67,67,67,67],"card_choices":[{"not_picked":["Blade Dance","PiercingWail"],"picked":"Noxious Fumes","floor":1.0},{"not_picked":["Acrobatics","Dagger Spray"],"picked":"Predator","floor":2.0},{"not_picked":["Slice","Underhanded Strike"],"picked":"Dagger Throw","floor":3.0},{"not_picked":["Calculated Gamble","Slice"],"picked":"Glass Knife","floor":7.0},{"not_picked":["PiercingWail","Flechettes"],"picked":"Footwork","floor":10.0},{"not_picked":["Blade Dance","Underhanded Strike","Sucker Punch"],"picked":"SKIP","floor":12.0},{"not_picked":["Dagger Throw","Finisher","Heel Hook"],"picked":"SKIP","floor":13.0},{"not_picked":["After Image","Tools of the Trade"],"picked":"Malaise","floor":16.0},{"not_picked":["Poisoned Stab","Masterful Stab","Deadly Poison"],"picked":"SKIP","floor":18.0},{"not_picked":["Blade Dance","Bouncing Flask"],"picked":"Poisoned Stab","floor":21.0},{"not_picked":["Poisoned Stab","Caltrops"],"picked":"Crippling Poison","floor":27.0},{"not_picked":["Underhanded Strike","Poisoned Stab","Sucker Punch"],"picked":"SKIP","floor":30},{"not_picked":["Phantasmal Killer","Envenom"],"picked":"A Thousand Cuts","floor":33},{"not_picked":["Underhanded Strike","Bane"],"picked":"Well Laid Plans+1","floor":35},{"not_picked":["Quick Slash","Outmaneuver"],"picked":"Dodge and Roll","floor":38},{"not_picked":["Dagger Spray+1","Deflect"],"picked":"Footwork+1","floor":39},{"not_picked":["Setup","Finisher","Dagger Spray+1"],"picked":"SKIP","floor":41},{"not_picked":["Well Laid Plans","Die Die Die","Poisoned Stab"],"picked":"SKIP","floor":44},{"not_picked":["Blade Dance","Skewer","Infinite Blades","Reflex"],"picked":"SKIP","floor":45},{"not_picked":["Setup","Blade Dance","Poisoned Stab","Flying Knee"],"picked":"SKIP","floor":46},{"not_picked":["Deadly Poison","Reflex","Infinite Blades"],"picked":"PiercingWail","floor":47}],"player_experience":2598281,"relics_obtained":[{"floor":5.0,"key":"Juzu Bracelet"},{"floor":7.0,"key":"Bag of Preparation"},{"floor":9.0,"key":"Regal Pillow"},{"floor":10.0,"key":"War Paint"},{"floor":12.0,"key":"Matryoshka"},{"floor":26.0,"key":"Strawberry"},{"floor":26.0,"key":"Happy Flower"},{"floor":27.0,"key":"Lantern"},{"floor":28,"key":"Red Mask"},{"floor":30,"key":"Gremlin Horn"},{"floor":39,"key":"Dead Branch"},{"floor":41,"key":"Pen Nib"},{"floor":43,"key":"Pantograph"},{"floor":43,"key":"Bottled Lightning"},{"floor":44,"key":"Question Card"},{"floor":47,"key":"Boot"}],"event_choices":[{"damage_healed":0.0,"max_hp_gain":0.0,"max_hp_loss":6.0,"gold_gain":0.0,"event_name":"Golden Idol","player_choice":"Lose Max HP","floor":4.0,"gold_loss":0.0,"damage_taken":0.0,"relics_obtained":["Golden Idol"]},{"damage_healed":0.0,"max_hp_gain":0.0,"max_hp_loss":0.0,"gold_gain":0.0,"event_name":"The Woman in Blue","player_choice":"Bought 1 Potion","floor":11.0,"gold_loss":0.0,"damage_taken":0.0},{"damage_healed":0.0,"max_hp_gain":0.0,"max_hp_loss":0.0,"gold_gain":0.0,"event_name":"Scrap Ooze","player_choice":"Fled","floor":14.0,"gold_loss":0.0,"damage_taken":0.0},{"damage_healed":0.0,"max_hp_gain":0.0,"max_hp_loss":0.0,"gold_gain":0.0,"cards_transformed":["Strike_G","Strike_G"],"event_name":"Drug Dealer","player_choice":"Became Test Subject","floor":20.0,"gold_loss":0.0,"damage_taken":0.0,"cards_obtained":["Dodge and Roll","All Out Attack"]},{"damage_healed":0.0,"max_hp_gain":0.0,"max_hp_loss":0.0,"gold_gain":50.0,"event_name":"Nest","player_choice":"Stole From Cult","floor":22.0,"gold_loss":0.0,"damage_taken":0.0},{"damage_healed":0.0,"max_hp_gain":0.0,"max_hp_loss":0.0,"gold_gain":0.0,"event_name":"The Library","player_choice":"Read","floor":24.0,"gold_loss":0.0,"damage_taken":0.0,"cards_obtained":["Deflect"]},{"damage_healed":0,"gold_gain":0,"player_choice":"Fought Bandits","damage_taken":0,"max_hp_gain":0,"max_hp_loss":0,"event_name":"Masked Bandits","floor":28,"gold_loss":0},{"damage_healed":0,"gold_gain":333,"player_choice":"Gave Idol","damage_taken":0,"max_hp_gain":0,"max_hp_loss":0,"event_name":"The Moai Head","floor":36,"relics_lost":["Golden Idol"],"gold_loss":0},{"damage_healed":0,"gold_gain":0,"player_choice":"Fight","damage_taken":0,"max_hp_gain":0,"max_hp_loss":0,"event_name":"Mysterious Sphere","floor":39,"gold_loss":0},{"damage_healed":0,"gold_gain":222,"player_choice":"Wore Mask","damage_taken":0,"max_hp_gain":0,"max_hp_loss":0,"event_name":"Tomb of Lord Red Mask","floor":48,"gold_loss":0}],"is_beta":false,"boss_relics":[{"not_picked":["Tiny House","Black Star"],"picked":"Ring of the Serpent"},{"not_picked":["Calling Bell","Velvet Choker"],"picked":"Sozu"}],"items_purged_floors":[19,31],"is_endless":false,"potions_floor_spawned":[3,7,10,27,28,30,33,35,44,45],"ascension_level":15}