{"gold_per_floor":[99,99,99,99,99,99,99,99,99,99,99,99,99,27,27,27,27,12,12,12,12,12,12],"floor_reached":23,"playtime":601,"items_purged":[],"score":293,"play_id":"2cee6e41-8e5a-46a5-9561-80edbff9e26f","local_time":"25611216193921","is_ascension_mode":true,"campfire_choices":[{"data":"Static Discharge","floor":6,"key":"SMITH"},{"floor":10,"key":"REST"},{"floor":15,"key":"REST"}],"neow_cost":"NONE","seed_source_timestamp":26011109685039,"circlet_count":0,"master_deck":["AscendersBane","Strike_B","Strike_B","Defend_B","Defend_B","Defend_B","Zap","Dualcast","Cold Snap","Sweeping Beam","Ball Lightning","Static Discharge+1","Storm","Hologram","Loop","Echo Form","Stack+1","Hyperbeam+1","Streamline+1","Go for the Eyes+1","Tempest","RitualDagger"],"relics":["Ectoplasm","DataDisk","Thread and Needle","Sundial","Mummified Hand","Astrolabe"],"potions_floor_usage":[7,20,23,23],"damage_taken":[{"damage":0,"enemies":"Small Slimes","floor":1,"turns":3},{"damage":0,"enemies":"Cultist","floor":2,"turns":4},{"damage":2,"enemies":"Jaw Worm","floor":4,"turns":3},{"damage":5,"enemies":"Blue Slaver","floor":5,"turns":3},{"damage":17,"enemies":"Gremlin Nob","floor":7,"turns":3},{"damage":26,"enemies":"Exordium Thugs","floor":8,"turns":4},{"damage":10,"enemies":"Large Slime","floor":13,"turns":4},{"damage":44,"enemies":"The Guardian","floor":16,"turns":9},{"damage":7,"enemies":"2 Thieves","floor":18,"turns":2},{"damage":0,"enemies":"Spheric Guardian","floor":19,"turns":4},{"damage":13,"enemies":"Centurion and Healer","floor":20,"turns":4},{"damage":6,"enemies":"Snecko","floor":22,"turns":4},{"damage":40,"enemies":"Slavers","floor":23,"turns":2}],"seed_played":"1506103086851889788","potions_obtained":[{"floor":2,"key":"Weak Potion"},{"floor":4,"key":"SteroidPotion"},{"floor":18,"key":"Swift Potion"},{"floor":19,"key":"Dexterity Potion"},{"floor":20,"key":"PowerPotion"}],"is_trial":false,"path_per_floor":["M","M","?","M","M","R","E","M","T","R","?","T","M","$","R","B",null,"M","M","M","?","M","E"],"character_chosen":"DEFECT","items_purchased":["Loop"],"campfire_rested":2,"item_purchase_floors":[14],"current_hp_per_floor":[68,68,68,66,61,61,44,18,18,40,45,45,35,35,59,15,64,57,57,44,38,32,0],"gold":12,"neow_bonus":"BOSS_RELIC","is_prod":false,"is_daily":false,"chose_seed":false,"campfire_upgraded":1,"win_rate":0,"timestamp":1544963961,"path_taken":["M","M","?","?","?","R","E","M","T","R","?","?","M","$","R","BOSS","M","M","M","?","M","E"],"build_version":"2018-12-13","purchased_purges":0,"victory":false,"max_hp_per_floor":[75,75,75,75,75,75,75,75,75,75,80,80,80,80,80,80,80,80,80,80,80,80,80],"card_choices":[{"not_picked":["Rebound","Darkness"],"picked":"Cold Snap","floor":1},{"not_picked":["Hologram","Steam"],"picked":"Sweeping Beam","floor":2},{"not_picked":["Beam Cell","Redo"],"picked":"Ball Lightning","floor":4},{"not_picked":["Streamline","Redo"],"picked":"Static Discharge","floor":5},{"not_picked":["Meteor Strike","Double Energy"],"picked":"Storm","floor":7},{"not_picked":["Streamline","Sweeping Beam","Gash"],"picked":"SKIP","floor":8},{"not_picked":["Redo","Doom and Gloom"],"picked":"Hologram","floor":13},{"not_picked":["Biased Cognition","Amplify"],"picked":"Echo Form","floor":16},{"not_picked":["Stack","Steam"],"picked":"Go for the Eyes+1","floor":18},{"not_picked":["Redo+1","Barrage"],"picked":"Tempest","floor":19},{"not_picked":["Auto Shields","Static Discharge","Turbo"],"picked":"SKIP","floor":20},{"not_picked":["Leap","Compile Driver+1","Go for the Eyes"],"picked":"SKIP","floor":22}],"player_experience":211810,"relics_obtained":[{"floor":7,"key":"Thread and Needle"},{"floor":9,"key":"Sundial"},{"floor":12,"key":"Mummified Hand"}],"event_choices":[{"damage_healed":0,"gold_gain":0,"player_choice":"Gave Potion","damage_taken":0,"relics_obtained":["DataDisk"],"max_hp_gain":0,"max_hp_loss":0,"event_name":"WeMeetAgain","floor":3,"gold_loss":0},{"damage_healed":0,"gold_gain":0,"player_choice":"Donut","damage_taken":0,"max_hp_gain":5,"max_hp_loss":0,"event_name":"Big Fish","floor":11,"gold_loss":0},{"damage_healed":0,"gold_gain":0,"player_choice":"Joined the Cult","damage_taken":6,"max_hp_gain":0,"max_hp_loss":0,"event_name":"Nest","floor":21,"gold_loss":0,"cards_obtained":["RitualDagger"]}],"is_beta":false,"boss_relics":[{"not_picked":["Calling Bell","White Beast Statue"],"picked":"Astrolabe"}],"items_purged_floors":[],"is_endless":false,"potions_floor_spawned":[2,4,18,19,20],"killed_by":"Slavers","ascension_level":10}