{"gold_per_floor":[210,230,243,260,74,87,87,87,114,114,134,165,65,80,80,179,179,192,192,192,192,203,203,236,236],"floor_reached":25,"playtime":933,"items_purged":["Strike_B","Strike_B"],"score":406,"play_id":"b5003aeb-b540-4bb3-b396-ee5b5930ef73","local_time":"20190107235558","is_ascension_mode":true,"campfire_choices":[{"data":"Streamline","floor":8.0,"key":"SMITH"},{"floor":10.0,"key":"REST"},{"data":"Consume","floor":15.0,"key":"SMITH"},{"data":"Capacitor","floor":23.0,"key":"SMITH"}],"neow_cost":"NONE","seed_source_timestamp":0,"circlet_count":0,"master_deck":["AscendersBane","Strike_B","Strike_B","Defend_B+1","Defend_B","Defend_B","Defend_B","Zap+1","Dualcast","Glacier","Streamline+1","Capacitor+1","Coolheaded","Self Repair","Consume+1","Core Surge","Hologram","Rainbow","BootSequence","Chill"],"special_seed":0,"relics":["Cracked Core","Bloody Idol","War Paint","Bag of Preparation","Nuclear Battery","Red Mask"],"potions_floor_usage":[25],"damage_taken":[{"damage":1.0,"enemies":"Cultist","floor":1.0,"turns":3.0},{"damage":14.0,"enemies":"Small Slimes","floor":2.0,"turns":3.0},{"damage":7.0,"enemies":"Jaw Worm","floor":3.0,"turns":3.0},{"damage":22.0,"enemies":"3 Louse","floor":4.0,"turns":4.0},{"damage":0.0,"enemies":"Large Slime","floor":6.0,"turns":6.0},{"damage":2.0,"enemies":"Looter","floor":11.0,"turns":3.0},{"damage":20.0,"enemies":"3 Sentries","floor":12.0,"turns":10.0},{"damage":6.0,"enemies":"Exordium Wildlife","floor":14.0,"turns":2.0},{"damage":13.0,"enemies":"Slime Boss","floor":16.0,"turns":7.0},{"damage":0.0,"enemies":"Spheric Guardian","floor":18.0,"turns":4.0},{"damage":6.0,"enemies":"3 Byrds","floor":22.0,"turns":5.0},{"damage":55.0,"enemies":"Masked Bandits","floor":24.0,"turns":7.0},{"damage":30,"enemies":"Gremlin Leader","floor":25,"turns":4}],"seed_played":"1742421287316408940","potions_obtained":[{"floor":4.0,"key":"Energy Potion"},{"floor":6.0,"key":"SmokeBomb"},{"floor":11.0,"key":"AttackPotion"},{"floor":22.0,"key":"Strength Potion"}],"is_trial":false,"path_per_floor":["M","M","M","M","$","M","?","R","T","R","M","E","$","M","R","B",null,"M","?","?","?","M","R","?","E"],"character_chosen":"DEFECT","items_purchased":["Capacitor","Coolheaded"],"campfire_rested":1,"item_purchase_floors":[5,5],"current_hp_per_floor":[63,49,42,20,20,20,20,20,20,39,44,31,31,25,25,19,53,60,60,60,60,64,64,21,0],"gold":236,"neow_bonus":"HUNDRED_GOLD","is_prod":false,"is_daily":false,"chose_seed":false,"campfire_upgraded":3,"win_rate":0,"timestamp":1546876558,"path_taken":["M","M","M","?","$","?","?","R","T","R","M","E","$","M","R","BOSS","M","?","?","?","M","R","?","E"],"build_version":"2019-01-03v4","purchased_purges":2,"victory":false,"max_hp_per_floor":[71,71,71,71,71,71,64,64,64,64,64,64,64,64,64,64,64,64,64,64,64,64,64,64,64],"card_choices":[{"not_picked":["Rebound","Redo","Reprogram"],"picked":"SKIP","floor":1.0},{"not_picked":["Force Field","Go for the Eyes"],"picked":"Glacier","floor":2.0},{"not_picked":["Ball Lightning","Compile Driver"],"picked":"Streamline","floor":3.0},{"not_picked":["Gash","Steam Power","Barrage"],"picked":"SKIP","floor":4.0},{"not_picked":["Leap","Coolheaded"],"picked":"Self Repair","floor":6.0},{"not_picked":["Force Field","Go for the Eyes"],"picked":"Consume","floor":11.0},{"not_picked":["Conserve Battery","Beam Cell"],"picked":"Core Surge","floor":12.0},{"not_picked":["Conserve Battery","White Noise"],"picked":"Hologram","floor":14.0},{"not_picked":["All For One","Core Surge"],"picked":"Rainbow","floor":16.0},{"not_picked":["Leap","Sweeping Beam","Fusion"],"picked":"SKIP","floor":18.0},{"not_picked":["Ball Lightning","BootSequence","Redo"],"picked":"SKIP","floor":22.0},{"not_picked":["Ball Lightning","Redo"],"picked":"BootSequence","floor":22.0},{"not_picked":["Stack","Go for the Eyes"],"picked":"Chill","floor":24.0}],"player_experience":2508884,"relics_obtained":[{"floor":9.0,"key":"War Paint"},{"floor":12.0,"key":"Bag of Preparation"},{"floor":24.0,"key":"Red Mask"}],"event_choices":[{"damage_healed":0.0,"max_hp_gain":0.0,"max_hp_loss":7.0,"gold_gain":0.0,"event_name":"Golden Idol","player_choice":"Lose Max HP","floor":7.0,"gold_loss":0.0,"damage_taken":0.0,"relics_obtained":["Golden Idol"]},{"damage_healed":0.0,"max_hp_gain":0.0,"max_hp_loss":0.0,"gold_gain":0.0,"event_name":"Cursed Tome","player_choice":"Ignored","floor":19.0,"gold_loss":0.0,"damage_taken":0.0},{"damage_healed":0.0,"max_hp_gain":0.0,"max_hp_loss":0.0,"gold_gain":0.0,"event_name":"Vampires","player_choice":"Ignored","floor":20.0,"gold_loss":0.0,"damage_taken":0.0},{"damage_healed":0.0,"max_hp_gain":0.0,"max_hp_loss":0.0,"gold_gain":0.0,"event_name":"Forgotten Altar","player_choice":"Gave Idol","floor":21.0,"relics_lost":["Golden Idol"],"gold_loss":0.0,"damage_taken":0.0,"relics_obtained":["Bloody Idol"]},{"damage_healed":0.0,"max_hp_gain":0.0,"max_hp_loss":0.0,"gold_gain":0.0,"event_name":"Masked Bandits","player_choice":"Fought Bandits","floor":24.0,"gold_loss":0.0,"damage_taken":0.0}],"is_beta":false,"boss_relics":[{"not_picked":["Philosopher\u0027s Stone","Coffee Dripper"],"picked":"Nuclear Battery"}],"items_purged_floors":[5,13],"is_endless":false,"potions_floor_spawned":[4,6,11,14,22],"killed_by":"Gremlin Leader","ascension_level":20}