{"gold_per_floor":[111,128,139,139,64,96,96,131,180,180,200,218,229,242,242,314,314,332,332,342,132,132,166,166,179,179,190,201,201,201,214,214,214],"floor_reached":33,"playtime":1345,"items_purged":[],"score":520,"play_id":"aad03629-aa98-4565-baa2-33eb09f610b5","local_time":"20190101173018","is_ascension_mode":true,"campfire_choices":[{"data":"Flex","floor":7,"key":"SMITH"},{"data":"Bash","floor":10,"key":"SMITH"},{"data":"Perfected Strike","floor":15,"key":"SMITH"},{"data":"Metallicize","floor":24,"key":"SMITH"},{"data":"Battle Trance","floor":29,"key":"SMITH"},{"floor":32,"key":"REST"}],"neow_cost":"TEN_PERCENT_HP_LOSS","seed_source_timestamp":1001292823537825,"circlet_count":0,"master_deck":["AscendersBane","Strike_R","Strike_R","Strike_R","Strike_R","Strike_R","Defend_R","Defend_R+1","Bash+1","Armaments+1","Flex+1","Twin Strike","Fire Breathing","Flame Barrier+1","Perfected Strike+1","Ghostly Armor","Battle Trance+1","Juggernaut","Pommel Strike","Seeing Red","Metallicize+1","Flex+1","Pommel Strike","Thunderclap+1","Exhume","Headbutt"],"relics":["Burning Blood","Pocketwatch","Pantograph","War Paint","PreservedInsect","Mark of Pain","Bag of Marbles","Blue Candle","Orichalcum"],"potions_floor_usage":[6,33,33],"damage_taken":[{"damage":1,"enemies":"Small Slimes","floor":1,"turns":4},{"damage":2,"enemies":"2 Louse","floor":2,"turns":3},{"damage":4,"enemies":"Jaw Worm","floor":3,"turns":4},{"damage":8,"enemies":"Gremlin Nob","floor":6,"turns":3},{"damage":7,"enemies":"Lagavulin","floor":8,"turns":5},{"damage":0,"enemies":"2 Fungi Beasts","floor":11,"turns":3},{"damage":10,"enemies":"Red Slaver","floor":12,"turns":4},{"damage":8,"enemies":"Blue Slaver","floor":13,"turns":2},{"damage":9,"enemies":"Exordium Thugs","floor":14,"turns":5},{"damage":48,"enemies":"The Guardian","floor":16,"turns":11},{"damage":4,"enemies":"2 Thieves","floor":18,"turns":3},{"damage":11,"enemies":"Spheric Guardian","floor":20,"turns":4},{"damage":16,"enemies":"Slavers","floor":23,"turns":4},{"damage":10,"enemies":"Snake Plant","floor":25,"turns":2},{"damage":15,"enemies":"Centurion and Healer","floor":27,"turns":4},{"damage":0,"enemies":"Chosen and Byrds","floor":28,"turns":3},{"damage":34,"enemies":"Shelled Parasite and Fungi","floor":31,"turns":4},{"damage":63,"enemies":"Champ","floor":33,"turns":7}],"seed_played":"3653856430789111944","potions_obtained":[{"floor":1,"key":"BloodPotion"},{"floor":3,"key":"AttackPotion"},{"floor":8,"key":"Dexterity Potion"},{"floor":12,"key":"Fire Potion"},{"floor":23,"key":"SteroidPotion"}],"is_trial":false,"path_per_floor":["M","M","M","?","?","E","R","E","T","R","M","M","M","M","R","B",null,"M","?","M","$","?","E","R","M","T","M","M","R","?","M","R","B"],"character_chosen":"IRONCLAD","items_purchased":["Metallicize","Bag of Marbles"],"campfire_rested":1,"item_purchase_floors":[21,21],"current_hp_per_floor":[68,68,68,68,68,66,66,65,65,65,68,64,62,59,59,26,58,60,60,55,55,55,45,45,41,41,32,38,38,38,10,30,0],"gold":214,"neow_bonus":"ONE_RARE_RELIC","is_prod":false,"is_daily":false,"chose_seed":false,"campfire_upgraded":5,"win_rate":0,"timestamp":1546360218,"path_taken":["M","M","M","?","?","E","R","E","T","R","M","M","M","M","R","BOSS","M","?","M","$","?","E","R","M","T","?","M","R","?","M","R","BOSS"],"build_version":"2018-12-20","purchased_purges":0,"victory":false,"max_hp_per_floor":[68,68,68,68,68,68,68,68,68,68,68,68,68,68,68,68,68,68,68,68,68,68,68,68,68,68,68,68,68,68,68,68,68],"card_choices":[{"not_picked":["Spot Weakness","Rage"],"picked":"Armaments","floor":1},{"not_picked":["Iron Wave","Reckless Charge"],"picked":"Flex","floor":2},{"not_picked":["Thunderclap","Fire Breathing"],"picked":"Twin Strike","floor":3},{"not_picked":["Armaments","Dark Embrace"],"picked":"Fire Breathing","floor":6},{"not_picked":["Headbutt","Twin Strike"],"picked":"Flame Barrier","floor":8},{"not_picked":["Iron Wave","Twin Strike"],"picked":"Perfected Strike","floor":11},{"not_picked":["Burning Pact","Warcry","Infernal Blade"],"picked":"SKIP","floor":12},{"not_picked":["True Grit","Anger"],"picked":"Ghostly Armor","floor":13},{"not_picked":["Flex","Hemokinesis"],"picked":"Battle Trance","floor":14},{"not_picked":["Brutality","Impervious"],"picked":"Juggernaut","floor":16},{"not_picked":["Warcry","Body Slam"],"picked":"Pommel Strike","floor":18},{"not_picked":["Whirlwind","Entrench"],"picked":"Seeing Red","floor":20},{"not_picked":["Corruption","Body Slam"],"picked":"Flex+1","floor":23},{"not_picked":["Headbutt","Combust+1"],"picked":"Pommel Strike","floor":25},{"not_picked":["Body Slam","Pommel Strike"],"picked":"Thunderclap+1","floor":27},{"not_picked":["Thunderclap","Reckless Charge","Heavy Blade+1"],"picked":"SKIP","floor":28},{"not_picked":["Warcry+1","Whirlwind"],"picked":"Headbutt","floor":31}],"player_experience":392644,"relics_obtained":[{"floor":6,"key":"Pantograph"},{"floor":8,"key":"War Paint"},{"floor":9,"key":"PreservedInsect"},{"floor":23,"key":"Blue Candle"},{"floor":26,"key":"Orichalcum"}],"event_choices":[{"damage_healed":0,"gold_gain":0,"player_choice":"Grow","damage_taken":0,"max_hp_gain":0,"max_hp_loss":0,"event_name":"Living Wall","floor":4,"gold_loss":0,"cards_upgraded":["Armaments"]},{"cards_removed":["Defend_R"],"damage_healed":0,"gold_gain":0,"player_choice":"Card Removal","damage_taken":0,"max_hp_gain":0,"max_hp_loss":0,"event_name":"The Cleric","floor":5,"gold_loss":75},{"damage_healed":0,"gold_gain":0,"player_choice":"Ignored","damage_taken":0,"max_hp_gain":0,"max_hp_loss":0,"event_name":"Vampires","floor":19,"gold_loss":0},{"cards_removed":["Defend_R"],"damage_healed":0,"gold_gain":0,"player_choice":"Purged","damage_taken":0,"max_hp_gain":0,"max_hp_loss":0,"event_name":"Purifier","floor":22,"gold_loss":0},{"damage_healed":0,"gold_gain":0,"player_choice":"1 cards matched","damage_taken":0,"max_hp_gain":0,"max_hp_loss":0,"event_name":"Match and Keep!","floor":30,"gold_loss":0,"cards_obtained":["Exhume"]}],"is_beta":false,"boss_relics":[{"not_picked":["Sozu","Lizard Tail"],"picked":"Mark of Pain"}],"items_purged_floors":[],"is_endless":false,"potions_floor_spawned":[1,3,8,12,23,25,31],"killed_by":"Champ","ascension_level":17}