{"gold_per_floor":[110,70,80,80,96,121,121,141,141,161,48,48,75,75,75,173,173,190,190,190],"floor_reached":20,"playtime":1012,"items_purged":["Strike_R"],"score":262,"play_id":"0f817f10-eeff-4107-8ec8-ae201698bd49","local_time":"20190104033909","is_ascension_mode":true,"campfire_choices":[{"data":"True Grit","floor":7.0,"key":"SMITH"},{"floor":12.0,"key":"REST"},{"data":"Dual Wield","floor":15.0,"key":"SMITH"}],"neow_cost":"PERCENT_DAMAGE","seed_source_timestamp":47997623884468,"circlet_count":0,"master_deck":["Strike_R","Strike_R","Strike_R","Strike_R","Defend_R","Defend_R","Defend_R","Defend_R","Bash","True Grit+1","Cleave","Combust","Metallicize","Wild Strike","Sentinel","Infernal Blade+1","Dual Wield+1","Demon Form","True Grit","Inflame","Shrug It Off","Rupture"],"special_seed":0,"relics":["Burning Blood","Blue Candle","Shuriken","Letter Opener","Pantograph","Orrery"],"potions_floor_usage":[20,20],"damage_taken":[{"damage":5.0,"enemies":"2 Louse","floor":1.0,"turns":3.0},{"damage":7.0,"enemies":"Cultist","floor":3.0,"turns":5.0},{"damage":5.0,"enemies":"Small Slimes","floor":5.0,"turns":3.0},{"damage":20.0,"enemies":"3 Sentries","floor":6.0,"turns":4.0},{"damage":2.0,"enemies":"Exordium Wildlife","floor":8.0,"turns":3.0},{"damage":29.0,"enemies":"Exordium Thugs","floor":10.0,"turns":5.0},{"damage":26.0,"enemies":"Gremlin Nob","floor":13.0,"turns":4.0},{"damage":39.0,"enemies":"Hexaghost","floor":16.0,"turns":13.0},{"damage":47.0,"enemies":"3 Byrds","floor":18.0,"turns":6.0},{"damage":48,"enemies":"Masked Bandits","floor":20,"turns":3}],"seed_played":"-1768124669013690908","potions_obtained":[{"floor":2.0,"key":"Dexterity Potion"},{"floor":2.0,"key":"PowerPotion"},{"floor":2.0,"key":"Ancient Potion"},{"floor":10.0,"key":"Strength Potion"},{"floor":13.0,"key":"Ancient Potion"},{"floor":18.0,"key":"SteroidPotion"}],"is_trial":false,"path_per_floor":["M","?","M","?","M","E","R","M","T","M","$","R","E","?","R","B",null,"M","$","?"],"character_chosen":"IRONCLAD","items_purchased":["Infernal Blade"],"campfire_rested":1,"item_purchase_floors":[11],"current_hp_per_floor":[68,68,67,55,56,42,42,46,46,23,23,51,31,31,31,23,78,37,37,0],"gold":190,"neow_bonus":"TWENTY_PERCENT_HP_BONUS","is_prod":false,"is_daily":false,"chose_seed":false,"campfire_upgraded":2,"win_rate":0,"timestamp":1546569549,"path_taken":["M","?","?","?","M","E","R","M","T","M","$","R","E","?","R","BOSS","M","$","?"],"build_version":"2019-01-02","purchased_purges":1,"victory":false,"max_hp_per_floor":[96,96,96,96,96,96,96,96,96,96,96,96,96,96,96,96,96,96,96,96],"card_choices":[{"not_picked":["Bloodletting","Shockwave"],"picked":"True Grit","floor":1.0},{"not_picked":["Battle Trance","Sever Soul"],"picked":"Cleave","floor":3.0},{"not_picked":["Twin Strike","Pommel Strike"],"picked":"Combust","floor":5.0},{"not_picked":["Havoc","Offering"],"picked":"Metallicize","floor":6.0},{"not_picked":["Heavy Blade","Rampage"],"picked":"Wild Strike","floor":8.0},{"not_picked":["Clothesline","Pommel Strike"],"picked":"Sentinel","floor":10.0},{"not_picked":["Exhume","Ghostly Armor"],"picked":"Dual Wield","floor":13.0},{"not_picked":["Fiend Fire","Limit Break"],"picked":"Demon Form","floor":16.0},{"not_picked":["Seeing Red","Shrug It Off"],"picked":"True Grit","floor":17.0},{"not_picked":["Combust","Fire Breathing"],"picked":"Inflame","floor":17.0},{"not_picked":["Sword Boomerang","Headbutt"],"picked":"Shrug It Off","floor":17.0},{"not_picked":["True Grit","Perfected Strike"],"picked":"Rupture","floor":18.0}],"player_experience":365288,"relics_obtained":[{"floor":6.0,"key":"Shuriken"},{"floor":9.0,"key":"Letter Opener"},{"floor":13.0,"key":"Pantograph"}],"event_choices":[{"damage_healed":0.0,"max_hp_gain":0.0,"max_hp_loss":0.0,"gold_gain":0.0,"event_name":"The Woman in Blue","player_choice":"Bought 3 Potions","floor":2.0,"gold_loss":0.0,"damage_taken":0.0},{"damage_healed":0.0,"max_hp_gain":0.0,"max_hp_loss":0.0,"gold_gain":0.0,"event_name":"Scrap Ooze","player_choice":"Success","floor":4.0,"gold_loss":0.0,"damage_taken":12.0,"relics_obtained":["Blue Candle"]},{"damage_healed":0.0,"max_hp_gain":0.0,"max_hp_loss":0.0,"gold_gain":0.0,"event_name":"Living Wall","player_choice":"Grow","floor":14.0,"gold_loss":0.0,"damage_taken":0.0,"cards_upgraded":["Infernal Blade"]},{"damage_healed":0,"gold_gain":0,"player_choice":"Fought Bandits","damage_taken":0,"max_hp_gain":0,"max_hp_loss":0,"event_name":"Masked Bandits","floor":20,"gold_loss":0}],"is_beta":true,"boss_relics":[{"not_picked":["Eternal Feather","Coffee Dripper"],"picked":"Orrery"}],"items_purged_floors":[11],"is_endless":false,"potions_floor_spawned":[3,5,10,13,18],"killed_by":"Masked Bandits","ascension_level":6}