{"gold_per_floor":[12,26,26,41,41,71,90,124,124,140,140,160,160,179,179,280,280,296,76,76,88,99,99,131,141,141,141,166,176,210,86,86,86],"floor_reached":33,"playtime":1729,"items_purged":["Pain","Strike_G"],"score":344,"play_id":"baed1fa2-ad1e-414a-92ed-0828849a184d","local_time":"25610723012407","is_ascension_mode":false,"campfire_choices":[{"floor":13,"key":"REST"},{"data":"Noxious Fumes","floor":15,"key":"SMITH"},{"data":"Leg Sweep","floor":23,"key":"SMITH"},{"data":"Die Die Die","floor":27,"key":"SMITH"},{"floor":32,"key":"REST"}],"neow_cost":"NO_GOLD","seed_source_timestamp":54748080099449,"circlet_count":0,"master_deck":["Defend_G","Defend_G","Defend_G","Defend_G","Strike_G","Survivor","Neutralize","Endless Agony","Die Die Die+1","Quick Slash","Leg Sweep+1","Noxious Fumes+1","Acrobatics+1","Deadly Poison+1","Backstab","Escape Plan+1","Outmaneuver+1","Corpse Explosion+1","Doubt","Regret","Bandage Up+1","Prepared+1","Terror+1","Backflip+1","Blur+1","Outmaneuver+1"],"special_seed":0,"relics":["Ring of the Snake","Toxic Egg 2","Dodecahedron","Paper Crane","Calling Bell","Omamori","Singing Bowl","Thread and Needle","GremlinMask","Gremlin Horn","Darkstone Periapt","Boot","Potion Belt"],"potions_floor_usage":[6,8,8,22,24,28,29,33],"damage_taken":[{"damage":5.0,"enemies":"Small Slimes","floor":1.0,"turns":3.0},{"damage":6.0,"enemies":"2 Louse","floor":2.0,"turns":2.0},{"damage":0,"enemies":"Jaw Worm","floor":4,"turns":3},{"damage":20,"enemies":"Gremlin Nob","floor":6,"turns":4},{"damage":0,"enemies":"Looter","floor":7,"turns":5},{"damage":12,"enemies":"3 Sentries","floor":8,"turns":6},{"damage":1,"enemies":"Gremlin Gang","floor":10,"turns":5},{"damage":1,"enemies":"2 Fungi Beasts","floor":12,"turns":2},{"damage":0,"enemies":"Exordium Thugs","floor":14,"turns":3},{"damage":2,"enemies":"Hexaghost","floor":16,"turns":8},{"damage":15,"enemies":"3 Byrds","floor":18,"turns":3},{"damage":7,"enemies":"Chosen","floor":21,"turns":5},{"damage":10,"enemies":"Snake Plant","floor":22,"turns":4},{"damage":5,"enemies":"Slavers","floor":24,"turns":5},{"damage":5,"enemies":"Centurion and Healer","floor":25,"turns":6},{"damage":25,"enemies":"Book of Stabbing","floor":28,"turns":6},{"damage":0,"enemies":"3 Cultists","floor":29,"turns":4},{"damage":24,"enemies":"Gremlin Leader","floor":30,"turns":7},{"damage":61,"enemies":"Collector","floor":33,"turns":7}],"seed_played":"-20715934408880385","potions_obtained":[{"floor":1.0,"key":"GhostInAJar"},{"floor":4,"key":"Poison Potion"},{"floor":6,"key":"Poison Potion"},{"floor":7,"key":"SkillPotion"},{"floor":14,"key":"GamblersBrew"},{"floor":21,"key":"PowerPotion"},{"floor":28,"key":"Explosive Potion"},{"floor":30,"key":"AttackPotion"}],"is_trial":false,"path_per_floor":["M","M","?","M","?","E","M","E","T","M","?","M","R","M","R","B",null,"M","$","?","M","M","R","E","M","T","R","E","M","E","$","R"],"character_chosen":"THE_SILENT","items_purchased":["Bandage Up+1","Prepared+1","Outmaneuver+1"],"campfire_rested":2,"item_purchase_floors":[19,19,31],"current_hp_per_floor":[65,59,59,59,59,39,39,27,27,26,26,25,46,46,46,44,70,57,57,57,56,54,54,55,58,58,58,41,47,31,31,55,0],"gold":86,"neow_bonus":"TRANSFORM_TWO_CARDS","is_prod":false,"is_daily":false,"chose_seed":false,"campfire_upgraded":3,"win_rate":0,"timestamp":1532283847,"path_taken":["M","M","?","M","?","E","M","E","T","M","?","?","R","M","R","BOSS","M","$","?","M","M","R","E","?","T","R","E","M","E","$","R","BOSS"],"build_version":"2018-07-19v2","purchased_purges":2,"victory":false,"max_hp_per_floor":[70,70,70,70,70,70,70,70,70,70,70,70,70,70,70,70,70,72,72,72,72,74,74,74,76,76,76,78,78,80,80,80,80],"card_choices":[{"not_picked":["Calculated Gamble","Skewer"],"picked":"Quick Slash","floor":1.0},{"not_picked":["Dagger Throw","Tactician"],"picked":"Leg Sweep","floor":2.0},{"not_picked":["Crippling Poison","PiercingWail"],"picked":"Noxious Fumes","floor":4},{"not_picked":["Escape Plan","Riddle With Holes"],"picked":"Acrobatics","floor":6},{"not_picked":["Predator","Bane"],"picked":"Deadly Poison+1","floor":7},{"not_picked":["Underhanded Strike","Dodge and Roll+1"],"picked":"Backstab","floor":8},{"not_picked":["Acrobatics+1","Noxious Fumes","A Thousand Cuts"],"picked":"SKIP","floor":10},{"not_picked":["Dagger Throw","Quick Slash"],"picked":"Escape Plan+1","floor":12},{"not_picked":["Backflip+1","Bane"],"picked":"Outmaneuver+1","floor":14},{"not_picked":["Bullet Time+1","Doppelganger+1"],"picked":"Corpse Explosion+1","floor":16},{"not_picked":["Underhanded Strike","Leg Sweep+1","Backflip+1"],"picked":"Singing Bowl","floor":18},{"not_picked":["Infinite Blades","Endless Agony"],"picked":"Terror+1","floor":21},{"not_picked":["Caltrops","Quick Slash+1","Prepared+1"],"picked":"Singing Bowl","floor":22},{"not_picked":["Slice","A Thousand Cuts"],"picked":"Backflip+1","floor":24},{"not_picked":["PiercingWail+1","Prepared+1","Cloak And Dagger+1"],"picked":"Singing Bowl","floor":25},{"not_picked":["Caltrops","Dodge and Roll+1","Flying Knee"],"picked":"Singing Bowl","floor":28},{"not_picked":["Accuracy","Expertise+1"],"picked":"Blur+1","floor":29},{"not_picked":["Riddle With Holes+1","Dagger Spray","All Out Attack"],"picked":"Singing Bowl","floor":30}],"player_experience":118140,"relics_obtained":[{"floor":6,"key":"Toxic Egg 2"},{"floor":8,"key":"Dodecahedron"},{"floor":9,"key":"Paper Crane"},{"floor":17,"key":"Omamori"},{"floor":17,"key":"Singing Bowl"},{"floor":17,"key":"Thread and Needle"},{"floor":24,"key":"Gremlin Horn"},{"floor":26,"key":"Darkstone Periapt"},{"floor":28,"key":"Boot"},{"floor":30,"key":"Potion Belt"}],"event_choices":[{"event_name":"The Cleric","player_choice":"Leave","floor":3,"damage_taken":0},{"event_name":"Wheel of Change","player_choice":"Card Removal","floor":5,"damage_taken":0},{"event_name":"Living Wall","player_choice":"Forget","floor":11,"damage_taken":0},{"event_name":"FaceTrader","player_choice":"Trade","floor":20,"damage_taken":0}],"is_beta":false,"boss_relics":[{"not_picked":["Eternal Feather","Fusion Hammer"],"picked":"Calling Bell"}],"items_purged_floors":[19,31],"is_endless":false,"potions_floor_spawned":[1,4,6,7,14,21,28,30],"killed_by":"Collector","ascension_level":0}