{"gold_per_floor":[113,133,149,162,162,193,193,223,223,223,241,241,276,296,296,373,373,385,7,22,38,53,53,53,53,77,107,138,138,156,156,156,228,228,246,296,32,56,75,100,100,128,175,35,35,35,64,78,78,78,78,78,78,28,58,58],"floor_reached":56,"playtime":3691,"items_purged":["Defend_B","Decay","Strike_B"],"score":2181,"play_id":"e9be021b-588d-4a93-8b15-756d54f64af7","local_time":"20181212155748","is_ascension_mode":true,"campfire_choices":[{"data":"Defragment","floor":7.0,"key":"SMITH"},{"data":"Zap","floor":10.0,"key":"SMITH"},{"data":"Hologram","floor":15.0,"key":"SMITH"},{"data":"Sunder","floor":23.0,"key":"SMITH"},{"data":"Dualcast","floor":25.0,"key":"SMITH"},{"data":"Coolheaded","floor":29.0,"key":"SMITH"},{"data":"Coolheaded","floor":32.0,"key":"SMITH"},{"data":"Multi-Cast","floor":41.0,"key":"SMITH"},{"floor":46.0,"key":"REST"},{"floor":49.0,"key":"RECALL"},{"data":"Go for the Eyes","floor":53.0,"key":"SMITH"}],"neow_cost":"NONE","seed_source_timestamp":0,"circlet_count":0,"master_deck":["AscendersBane","Defend_B","Defend_B","Defend_B","Zap+1","Dualcast+1","Gash","Ball Lightning","Multi-Cast+1","Defragment+1","Coolheaded+1","Coolheaded+1","Go for the Eyes+1","Auto Shields","Echo Form","Hologram+1","All For One","BootSequence","Undo","Sunder+1","Gash+1","Steam","Core Surge","Conserve Battery+1","Gash+1","Electrodynamics","Redo+1","Echo Form","Compile Driver","Coolheaded+1","Machine Learning","Steam+1","Recycle+1","Undo+1","Capacitor","Turbo+1","Madness+1","Heatsinks+1","Stack+1"],"special_seed":0,"relics":["Cracked Core","NeowsBlessing","Letter Opener","Prayer Wheel","Gremlin Horn","Blue Candle","Eternal Feather","Bag of Preparation","Smiling Mask","Red Mask","Happy Flower","Toxic Egg 2","Empty Cage","Anchor","Blood Vial","Du-Vu Doll","Strawberry","Centennial Puzzle","Torii"],"potions_floor_usage":[56],"damage_taken":[{"damage":0.0,"enemies":"2 Louse","floor":1.0,"turns":1.0},{"damage":0.0,"enemies":"Cultist","floor":2.0,"turns":1.0},{"damage":0.0,"enemies":"Small Slimes","floor":3.0,"turns":1.0},{"damage":11.0,"enemies":"Blue Slaver","floor":4.0,"turns":3.0},{"damage":25.0,"enemies":"Lagavulin","floor":6.0,"turns":6.0},{"damage":8.0,"enemies":"Gremlin Nob","floor":8.0,"turns":3.0},{"damage":13.0,"enemies":"Exordium Wildlife","floor":11.0,"turns":4.0},{"damage":4.0,"enemies":"3 Sentries","floor":13.0,"turns":4.0},{"damage":0.0,"enemies":"Exordium Thugs","floor":14.0,"turns":2.0},{"damage":2.0,"enemies":"The Guardian","floor":16.0,"turns":11.0},{"damage":13.0,"enemies":"2 Thieves","floor":18.0,"turns":5.0},{"damage":8.0,"enemies":"Shell Parasite","floor":20.0,"turns":7.0},{"damage":0.0,"enemies":"Cultist and Chosen","floor":21.0,"turns":5.0},{"damage":21.0,"enemies":"Snake Plant","floor":22.0,"turns":4.0},{"damage":14.0,"enemies":"Masked Bandits","floor":27.0,"turns":3.0},{"damage":1.0,"enemies":"Gremlin Leader","floor":28.0,"turns":5.0},{"damage":0.0,"enemies":"Centurion and Healer","floor":30.0,"turns":4.0},{"damage":20.0,"enemies":"Collector","floor":33.0,"turns":8.0},{"damage":16.0,"enemies":"3 Darklings","floor":35.0,"turns":4.0},{"damage":11.0,"enemies":"Orb Walker","floor":39.0,"turns":3.0},{"damage":14.0,"enemies":"Reptomancer","floor":40.0,"turns":4.0},{"damage":18.0,"enemies":"Nemesis","floor":42.0,"turns":9.0},{"damage":11.0,"enemies":"Reptomancer","floor":47.0,"turns":5.0},{"damage":0.0,"enemies":"Sphere and 2 Shapes","floor":48.0,"turns":3.0},{"damage":56.0,"enemies":"Time Eater","floor":50.0,"turns":13.0},{"damage":1.0,"enemies":"Awakened One","floor":51.0,"turns":13.0},{"damage":50.0,"enemies":"Shield and Spear","floor":55.0,"turns":6.0},{"damage":31,"enemies":"The Heart","floor":56,"turns":5}],"seed_played":"300810783859810078","potions_obtained":[{"floor":1.0,"key":"Poison Potion"},{"floor":6.0,"key":"AttackPotion"},{"floor":11.0,"key":"Swift Potion"},{"floor":13.0,"key":"FearPotion"},{"floor":18.0,"key":"FearPotion"},{"floor":21.0,"key":"Explosive Potion"},{"floor":30.0,"key":"PowerPotion"},{"floor":35.0,"key":"Explosive Potion"},{"floor":40.0,"key":"PowerPotion"},{"floor":47.0,"key":"PowerPotion"},{"floor":55.0,"key":"GamblersBrew"}],"is_trial":false,"path_per_floor":["M","M","M","M","?","E","R","E","T","R","M","?","E","M","R","B",null,"M","$","M","M","M","R","?","R","T","?","E","R","M","T","R","B",null,"M","?","$","T","M","E","R","E","T","$","?","R","E","M","R","B","B",null,"R","$","E","B"],"character_chosen":"DEFECT","items_purchased":["Bag of Preparation","Sunder","PowerPotion","Coolheaded+1","Anchor","Capacitor","Turbo+1"],"campfire_rested":1,"item_purchase_floors":[19,19,19,37,37,44,44],"current_hp_per_floor":[64,64,64,53,53,28,28,20,20,20,7,7,3,3,3,1,54,41,41,33,33,12,27,27,42,42,28,27,42,42,42,60,40,63,47,40,40,40,31,19,37,28,28,28,28,72,63,65,78,22,23,64,78,78,28,0],"gold":58,"neow_bonus":"THREE_ENEMY_KILL","is_prod":false,"is_daily":false,"chose_seed":false,"campfire_upgraded":9,"win_rate":0,"timestamp":1544601468,"path_taken":["M","M","M","M","?","E","R","E","T","R","M","?","E","?","R","BOSS","M","$","M","M","?","R","?","R","T","?","E","R","?","?","R","BOSS","M","?","$","?","?","E","R","E","T","$","?","R","E","M","R","BOSS","BOSS","R","$","E","BOSS"],"build_version":"2018-12-06","purchased_purges":3,"victory":false,"max_hp_per_floor":[71,71,71,71,71,71,71,71,71,71,71,71,71,71,71,71,71,71,71,71,71,71,71,71,71,71,71,71,71,71,71,71,71,71,71,71,71,71,71,71,71,78,78,78,78,78,78,78,78,78,78,78,78,78,78,78],"card_choices":[{"not_picked":["Static Discharge","Leap"],"picked":"Gash","floor":1.0},{"not_picked":["Compile Driver","Amplify","Turbo"],"picked":"SKIP","floor":2.0},{"not_picked":["Stack","Redo"],"picked":"Ball Lightning","floor":3.0},{"not_picked":["Stack","Reprogram"],"picked":"Multi-Cast","floor":4.0},{"not_picked":["Coolheaded","Force Field"],"picked":"Defragment","floor":6.0},{"not_picked":["Beam Cell","Heatsinks"],"picked":"Coolheaded","floor":8.0},{"not_picked":["Blizzard","Turbo"],"picked":"Coolheaded","floor":11.0},{"not_picked":["Turbo","Chaos","Go for the Eyes"],"picked":"SKIP","floor":11.0},{"not_picked":["Turbo","Chaos"],"picked":"Go for the Eyes","floor":11.0},{"not_picked":["Barrage","Scrape","Ball Lightning"],"picked":"SKIP","floor":13.0},{"not_picked":["FTL","Beam Cell"],"picked":"Echo Form","floor":14.0},{"not_picked":["Genetic Algorithm","Gash"],"picked":"Hologram","floor":14.0},{"not_picked":["Amplify","Creative AI"],"picked":"All For One","floor":16.0},{"not_picked":["Streamline","Gash"],"picked":"BootSequence","floor":18.0},{"not_picked":["Coolheaded","Cold Snap+1"],"picked":"Undo","floor":18.0},{"not_picked":["Beam Cell+1","Leap"],"picked":"Gash+1","floor":20.0},{"not_picked":["Ball Lightning","Sweeping Beam","Steam"],"picked":"SKIP","floor":20.0},{"not_picked":["Ball Lightning","Sweeping Beam"],"picked":"Steam","floor":20.0},{"not_picked":["Rebound","Coolheaded"],"picked":"Core Surge","floor":21.0},{"not_picked":["Gash","Stack","Cold Snap+1"],"picked":"SKIP","floor":21.0},{"not_picked":["Barrage+1","Beam Cell","Force Field"],"picked":"SKIP","floor":22.0},{"not_picked":["Streamline","Beam Cell","Stack"],"picked":"SKIP","floor":22.0},{"not_picked":["Lockon+1","Cold Snap"],"picked":"Conserve Battery+1","floor":27.0},{"not_picked":["Lockon","Streamline"],"picked":"Gash+1","floor":28.0},{"not_picked":["Conserve Battery","Force Field"],"picked":"Electrodynamics","floor":30.0},{"not_picked":["FTL","Rebound"],"picked":"Redo+1","floor":30.0},{"not_picked":["Rainbow+1","Amplify+1"],"picked":"Echo Form","floor":33.0},{"not_picked":["Streamline+1","Ball Lightning"],"picked":"Compile Driver","floor":35.0},{"not_picked":["Steam+1","Fusion+1","Doom and Gloom"],"picked":"SKIP","floor":35.0},{"not_picked":["Ball Lightning","Static Discharge"],"picked":"Machine Learning","floor":39.0},{"not_picked":["Cold Snap","Auto Shields+1"],"picked":"Steam+1","floor":39.0},{"not_picked":["Blizzard","Ball Lightning"],"picked":"Recycle+1","floor":40.0},{"not_picked":["Cold Snap+1","Stack+1"],"picked":"Undo+1","floor":42.0},{"not_picked":["Flash of Steel","Dark Shackles+1"],"picked":"Madness+1","floor":45.0},{"not_picked":["Recycle+1","FTL"],"picked":"Heatsinks+1","floor":47.0},{"not_picked":["Undo+1","Barrage"],"picked":"Stack+1","floor":48.0},{"not_picked":["Gash","Loop","Rebound"],"picked":"SKIP","floor":48.0},{"not_picked":["Ball Lightning","Streamline","Creative AI"],"picked":"SKIP","floor":55.0},{"not_picked":["Ball Lightning","Streamline","Creative AI"],"picked":"SKIP","floor":55.0}],"player_experience":2366380,"relics_obtained":[{"floor":6.0,"key":"Letter Opener"},{"floor":8.0,"key":"Prayer Wheel"},{"floor":9.0,"key":"Gremlin Horn"},{"floor":13.0,"key":"Blue Candle"},{"floor":26.0,"key":"Smiling Mask"},{"floor":27.0,"key":"Red Mask"},{"floor":28.0,"key":"Happy Flower"},{"floor":31.0,"key":"Toxic Egg 2"},{"floor":38.0,"key":"Blood Vial"},{"floor":40.0,"key":"Du-Vu Doll"},{"floor":42.0,"key":"Strawberry"},{"floor":47.0,"key":"Centennial Puzzle"},{"floor":55.0,"key":"Torii"}],"event_choices":[{"damage_healed":0.0,"max_hp_gain":0.0,"max_hp_loss":0.0,"gold_gain":0.0,"event_name":"Liars Game","player_choice":"Ignored","floor":5.0,"gold_loss":0.0,"damage_taken":0.0},{"damage_healed":0.0,"max_hp_gain":0.0,"max_hp_loss":0.0,"gold_gain":0.0,"cards_transformed":["Strike_B"],"event_name":"Transmorgrifier","player_choice":"Transformed","floor":12.0,"gold_loss":0.0,"damage_taken":0.0,"cards_obtained":["Auto Shields"]},{"damage_healed":0.0,"max_hp_gain":0.0,"max_hp_loss":0.0,"gold_gain":0.0,"event_name":"Forgotten Altar","player_choice":"Smashed Altar","floor":24.0,"gold_loss":0.0,"damage_taken":0.0,"cards_obtained":["Decay"]},{"damage_healed":0.0,"max_hp_gain":0.0,"max_hp_loss":0.0,"gold_gain":0.0,"event_name":"Masked Bandits","player_choice":"Fought Bandits","floor":27.0,"gold_loss":0.0,"damage_taken":0.0},{"damage_healed":0.0,"max_hp_gain":0.0,"max_hp_loss":0.0,"gold_gain":50.0,"event_name":"FaceTrader","player_choice":"Touch","floor":36.0,"gold_loss":0.0,"damage_taken":7.0},{"damage_healed":0.0,"max_hp_gain":0.0,"max_hp_loss":0.0,"gold_gain":0.0,"event_name":"SensoryStone","player_choice":"Memory 1","floor":45.0,"gold_loss":0.0,"damage_taken":0.0}],"is_beta":false,"boss_relics":[{"not_picked":["Lizard Tail","Orrery"],"picked":"Eternal Feather"},{"not_picked":["Black Star","FrozenCore"],"picked":"Empty Cage"}],"items_purged_floors":[19,37,54],"is_endless":false,"potions_floor_spawned":[1,6,11,13,18,21,30,35,40,47,55],"killed_by":"The Heart","ascension_level":20}