{"gold_per_floor":[111,111,126,126,144,173,173,199,199,199,233,233,158,174,174,279,279,267,277,81,95,95,95,108,122,146,158,191,191,208,208,208,307,357,375,335,13,13,0,0,18,18,73,86,5,25,425,442,442,442],"floor_reached":51,"playtime":5696,"items_purged":["Strike_R","Strike_R"],"score":889,"play_id":"16d9323e-5625-4d25-ab84-f21b2df9b1ca","local_time":"20190414155046","is_ascension_mode":true,"campfire_choices":[{"floor":7.0,"key":"REST"},{"floor":10.0,"key":"REST"},{"floor":12.0,"key":"REST"},{"data":"Inflame","floor":15.0,"key":"SMITH"},{"data":"Metamorphosis","floor":23.0,"key":"SMITH"},{"floor":29.0,"key":"REST"},{"floor":32.0,"key":"REST"},{"data":"Bandage Up","floor":40.0,"key":"SMITH"},{"data":"Entrench","floor":42.0,"key":"SMITH"},{"data":"Carnage","floor":49.0,"key":"SMITH"}],"neow_cost":"TEN_PERCENT_HP_LOSS","seed_source_timestamp":19451916884604,"circlet_count":0,"master_deck":["Strike_R","Strike_R","Defend_R","Defend_R+1","Defend_R","Defend_R+1","Bash","Discovery+1","Madness+1","Flame Barrier+1","Inflame+1","Uppercut","Impervious","Shockwave","Barricade+1","Shrug It Off+1","Metamorphosis+1","Carnage+1","Pummel","Armaments+1","Entrench+1","Fire Breathing+1","Bandage Up+1","Violence","Flex+1","Dark Shackles"],"special_seed":0,"relics":["Burning Blood","Self Forming Clay","Bottled Lightning","Frozen Egg 2","War Paint","Busted Crown","Happy Flower","Lantern","Enchiridion","Tiny House","Juzu Bracelet","Red Mask","PreservedInsect","Old Coin"],"potions_floor_usage":[50,50,50],"damage_taken":[{"damage":2.0,"enemies":"2 Louse","floor":1.0,"turns":2.0},{"damage":5.0,"enemies":"Cultist","floor":3.0,"turns":4.0},{"damage":0.0,"enemies":"Jaw Worm","floor":5.0,"turns":1.0},{"damage":20.0,"enemies":"3 Sentries","floor":6.0,"turns":9.0},{"damage":25.0,"enemies":"Gremlin Nob","floor":8.0,"turns":4.0},{"damage":29.0,"enemies":"3 Sentries","floor":11.0,"turns":9.0},{"damage":10.0,"enemies":"2 Fungi Beasts","floor":14.0,"turns":4.0},{"damage":43.0,"enemies":"Hexaghost","floor":16.0,"turns":14.0},{"damage":7.0,"enemies":"2 Thieves","floor":18.0,"turns":4.0},{"damage":7.0,"enemies":"Chosen","floor":19.0,"turns":5.0},{"damage":11.0,"enemies":"Snake Plant","floor":21.0,"turns":3.0},{"damage":16.0,"enemies":"Cultist and Chosen","floor":24.0,"turns":5.0},{"damage":8.0,"enemies":"Shelled Parasite and Fungi","floor":25.0,"turns":4.0},{"damage":15.0,"enemies":"3 Cultists","floor":27.0,"turns":7.0},{"damage":34.0,"enemies":"Book of Stabbing","floor":28.0,"turns":7.0},{"damage":0.0,"enemies":"Snecko","floor":30.0,"turns":4.0},{"damage":23.0,"enemies":"Collector","floor":33.0,"turns":8.0},{"damage":7.0,"enemies":"3 Darklings","floor":35.0,"turns":10.0},{"damage":0.0,"enemies":"3 Shapes","floor":41.0,"turns":7.0},{"damage":0.0,"enemies":"3 Darklings","floor":44.0,"turns":4.0},{"damage":0.0,"enemies":"Spire Growth","floor":46.0,"turns":6.0},{"damage":0.0,"enemies":"Mind Bloom Boss Battle","floor":47.0,"turns":7.0},{"damage":2.0,"enemies":"Writhing Mass","floor":48.0,"turns":8.0},{"damage":78,"enemies":"Donu and Deca","floor":50,"turns":12}],"seed_played":"6924528307540651645","potions_obtained":[{"floor":3.0,"key":"Weak Potion"},{"floor":5.0,"key":"Ancient Potion"},{"floor":6.0,"key":"SpeedPotion"},{"floor":14.0,"key":"Swift Potion"},{"floor":16.0,"key":"BloodPotion"},{"floor":19.0,"key":"AttackPotion"},{"floor":21.0,"key":"AttackPotion"},{"floor":28.0,"key":"Ancient Potion"},{"floor":30.0,"key":"Strength Potion"},{"floor":34.0,"key":"SteroidPotion"},{"floor":41.0,"key":"Ancient Potion"},{"floor":46.0,"key":"Regen Potion"}],"is_trial":false,"path_per_floor":["M","?","M","?","M","E","R","E","T","R","E","R","$","M","R","B",null,"M","M","$","M","?","R","M","M","T","M","E","R","M","?","R","B",null,"M","?","$","?","?","R","M","R","T","M","$","M","?","M","R","B",null],"character_chosen":"IRONCLAD","items_purchased":["Metamorphosis","Fire Breathing+1","Juzu Bracelet","Dark Shackles"],"campfire_rested":5,"item_purchase_floors":[20,37,37,45],"current_hp_per_floor":[72,72,72,77,77,63,77,58,58,77,54,77,77,73,73,36,77,76,75,75,70,70,70,60,58,58,49,21,44,50,34,57,47,82,81,81,81,76,76,76,82,82,82,82,82,82,82,82,82,31],"gold":442,"neow_bonus":"RANDOM_COLORLESS_2","is_prod":false,"is_daily":false,"chose_seed":false,"campfire_upgraded":5,"win_rate":0,"timestamp":1555253446,"path_taken":["M","?","?","?","M","E","R","E","T","R","E","R","$","M","R","BOSS","M","M","$","M","?","R","M","M","T","M","E","R","?","?","R","BOSS","M","?","$","?","?","R","M","R","T","M","?","M","?","M","R","BOSS"],"build_version":"2019-01-23","purchased_purges":2,"victory":true,"max_hp_per_floor":[72,72,72,77,77,77,77,77,77,77,77,77,77,77,77,77,77,77,77,77,77,77,77,77,77,77,77,77,77,77,77,77,77,82,82,82,82,82,82,82,82,82,82,82,82,82,82,82,82,82],"card_choices":[{"not_picked":["Clash","Shrug It Off"],"picked":"Flame Barrier","floor":1.0},{"not_picked":["Heavy Blade","Sword Boomerang"],"picked":"Inflame","floor":3.0},{"not_picked":["Warcry","Clash","Twin Strike"],"picked":"SKIP","floor":5.0},{"not_picked":["Cleave","Sword Boomerang"],"picked":"Uppercut","floor":6.0},{"not_picked":["Cleave","Twin Strike","Searing Blow"],"picked":"SKIP","floor":8.0},{"not_picked":["Body Slam","Iron Wave"],"picked":"Impervious","floor":11.0},{"not_picked":["Burning Pact","Clash"],"picked":"Shockwave","floor":14.0},{"not_picked":["Fiend Fire","Bludgeon"],"picked":"Barricade+1","floor":16.0},{"not_picked":["Headbutt"],"picked":"SKIP","floor":18.0},{"not_picked":[],"picked":"Shrug It Off+1","floor":19.0},{"not_picked":[],"picked":"Carnage","floor":21.0},{"not_picked":["Twin Strike"],"picked":"SKIP","floor":24.0},{"not_picked":[],"picked":"Pummel","floor":25.0},{"not_picked":[],"picked":"Armaments+1","floor":27.0},{"not_picked":["Clothesline"],"picked":"SKIP","floor":28.0},{"not_picked":[],"picked":"Entrench","floor":30.0},{"not_picked":["Searing Blow+1"],"picked":"SKIP","floor":35.0},{"not_picked":[],"picked":"Bandage Up","floor":38.0},{"not_picked":[],"picked":"Violence","floor":38.0},{"not_picked":[],"picked":"Flex+1","floor":41.0},{"not_picked":["Warcry+1"],"picked":"SKIP","floor":44.0},{"not_picked":["Havoc"],"picked":"SKIP","floor":46.0},{"not_picked":["Sentinel"],"picked":"SKIP","floor":48.0}],"player_experience":626360,"relics_obtained":[{"floor":6.0,"key":"Self Forming Clay"},{"floor":8.0,"key":"Bottled Lightning"},{"floor":9.0,"key":"Frozen Egg 2"},{"floor":11.0,"key":"War Paint"},{"floor":26.0,"key":"Happy Flower"},{"floor":28.0,"key":"Lantern"},{"floor":31.0,"key":"Enchiridion"},{"floor":43.0,"key":"PreservedInsect"},{"floor":47.0,"key":"Old Coin"}],"event_choices":[{"damage_healed":0.0,"max_hp_gain":0.0,"max_hp_loss":0.0,"gold_gain":0.0,"event_name":"Upgrade Shrine","player_choice":"Upgraded","floor":2.0,"gold_loss":0.0,"damage_taken":0.0,"cards_upgraded":["Flame Barrier"]},{"damage_healed":0.0,"max_hp_gain":5.0,"max_hp_loss":0.0,"gold_gain":0.0,"event_name":"Big Fish","player_choice":"Donut","floor":4.0,"gold_loss":0.0,"damage_taken":0.0},{"cards_removed":["Strike_R"],"damage_healed":0.0,"max_hp_gain":0.0,"max_hp_loss":0.0,"gold_gain":0.0,"event_name":"Purifier","player_choice":"Purged","floor":22.0,"gold_loss":0.0,"damage_taken":0.0},{"damage_healed":0.0,"max_hp_gain":0.0,"max_hp_loss":0.0,"gold_gain":0.0,"event_name":"Cursed Tome","player_choice":"Obtained Book","floor":31.0,"gold_loss":0.0,"damage_taken":16.0},{"damage_healed":0.0,"max_hp_gain":0.0,"max_hp_loss":0.0,"gold_gain":0.0,"event_name":"Designer","player_choice":"Upgrade","floor":36.0,"gold_loss":40.0,"damage_taken":0.0,"cards_upgraded":["Madness"]},{"damage_healed":0.0,"max_hp_gain":0.0,"max_hp_loss":0.0,"gold_gain":0.0,"event_name":"SensoryStone","player_choice":"Memory 2","floor":38.0,"gold_loss":0.0,"damage_taken":5.0},{"damage_healed":0.0,"max_hp_gain":0.0,"max_hp_loss":0.0,"gold_gain":0.0,"event_name":"Tomb of Lord Red Mask","player_choice":"Paid","floor":39.0,"gold_loss":13.0,"damage_taken":0.0,"relics_obtained":["Red Mask"]},{"damage_healed":0.0,"max_hp_gain":0.0,"max_hp_loss":0.0,"gold_gain":0.0,"event_name":"MindBloom","player_choice":"Fight","floor":47.0,"gold_loss":0.0,"damage_taken":0.0}],"is_beta":false,"boss_relics":[{"not_picked":["Coffee Dripper","Snecko Eye"],"picked":"Busted Crown"},{"not_picked":["Astrolabe","Pandora\u0027s Box"],"picked":"Tiny House"}],"items_purged_floors":[13,37],"is_endless":false,"potions_floor_spawned":[3,5,6,14,16,19,21,28,30,41,44,46],"ascension_level":4}