{"gold_per_floor":[113,124,124,49,49,49,74,86,122,149,178,216,247,272,284,373,385,412,42,59,59,158,158,193,193,193,222,222,276,304,17,17,95,95,106,106,121,131,131,159,17,35,62,90,119,119,151,166,166,166],"floor_reached":51,"playtime":2535,"items_purged":["Regret"],"score":1555,"play_id":"58efd63f-a70a-49fd-9868-7652fb672ca4","local_time":"20190129015247","is_ascension_mode":true,"campfire_choices":[{"data":"Noxious Fumes","floor":6.0,"key":"SMITH"},{"data":"Blur","floor":8.0,"key":"SMITH"},{"data":"Noxious Fumes","floor":15.0,"key":"SMITH"},{"data":"Noxious Fumes","floor":23.0,"key":"SMITH"},{"data":"PiercingWail","floor":25.0,"key":"SMITH"},{"data":"Neutralize","floor":28.0,"key":"SMITH"},{"data":"Catalyst","floor":32.0,"key":"SMITH"},{"floor":46,"key":"REST"},{"floor":49,"key":"REST"}],"neow_cost":"NONE","seed_source_timestamp":0,"circlet_count":0,"master_deck":["AscendersBane","Defend_G+1","Defend_G+1","Defend_G+1","Defend_G+1","Defend_G+1","Strike_G+1","Strike_G+1","Strike_G+1","Strike_G+1","Strike_G+1","Survivor","Neutralize+1","Cloak And Dagger","Noxious Fumes+1","Blur+1","PiercingWail+1","Noxious Fumes+1","Escape Plan","Adrenaline","Noxious Fumes+1","PiercingWail","Catalyst+1","Blur+1","Burst","Deadly Poison","Blur+1","Expertise+1","Deadly Poison+1","Footwork","Night Terror","Escape Plan","Prepared+1"],"special_seed":0,"relics":["Ring of the Snake","NeowsBlessing","Darkstone Periapt","PreservedInsect","MawBank","Happy Flower","WingedGreaves","Sozu","Bag of Preparation","Blood Vial","Orichalcum","Meat on the Bone","Bottled Flame","Tiny Chest","Regal Pillow","DollysMirror","Black Star","Bronze Scales","Strawberry","Tough Bandages","Ancient Tea Set","Mummified Hand","Dream Catcher","Centennial Puzzle","Omamori","Snake Skull","Pen Nib"],"potions_floor_usage":[45],"damage_taken":[{"damage":0.0,"enemies":"Small Slimes","floor":1.0,"turns":1.0},{"damage":0.0,"enemies":"Cultist","floor":2.0,"turns":1.0},{"damage":0.0,"enemies":"Gremlin Nob","floor":7.0,"turns":1.0},{"damage":1.0,"enemies":"Jaw Worm","floor":10.0,"turns":4.0},{"damage":0.0,"enemies":"Blue Slaver","floor":11.0,"turns":5.0},{"damage":5.0,"enemies":"Lagavulin","floor":12.0,"turns":6.0},{"damage":9.0,"enemies":"Gremlin Gang","floor":13.0,"turns":4.0},{"damage":0.0,"enemies":"Large Slime","floor":14.0,"turns":6.0},{"damage":21.0,"enemies":"The Guardian","floor":16.0,"turns":10.0},{"damage":4.0,"enemies":"Shell Parasite","floor":18.0,"turns":8.0},{"damage":4.0,"enemies":"3 Byrds","floor":20.0,"turns":5.0},{"damage":0.0,"enemies":"Book of Stabbing","floor":24.0,"turns":5.0},{"damage":12.0,"enemies":"Gremlin Leader","floor":27.0,"turns":6.0},{"damage":8.0,"enemies":"Book of Stabbing","floor":30.0,"turns":6.0},{"damage":11.0,"enemies":"Collector","floor":33.0,"turns":8.0},{"damage":3.0,"enemies":"3 Darklings","floor":35.0,"turns":6.0},{"damage":16.0,"enemies":"Orb Walker","floor":37.0,"turns":5.0},{"damage":0.0,"enemies":"Maw","floor":38.0,"turns":7.0},{"damage":1.0,"enemies":"Reptomancer","floor":40.0,"turns":5.0},{"damage":0.0,"enemies":"3 Darklings","floor":42.0,"turns":6.0},{"damage":29.0,"enemies":"Giant Head","floor":44.0,"turns":9.0},{"damage":40,"enemies":"Reptomancer","floor":45,"turns":5},{"damage":20,"enemies":"Nemesis","floor":47,"turns":5},{"damage":6,"enemies":"Sphere and 2 Shapes","floor":48,"turns":5},{"damage":7,"enemies":"Donu and Deca","floor":50,"turns":9}],"seed_played":"5033358388798773106","potions_obtained":[{"floor":1.0,"key":"GamblersBrew"},{"floor":2.0,"key":"SteroidPotion"},{"floor":7.0,"key":"PowerPotion"},{"floor":10.0,"key":"Strength Potion"}],"is_trial":false,"path_per_floor":["M","M","?","$","?","R","E","R","T","M","M","E","M","M","R","B",null,"M","$","M","?","?","R","E","R","T","E","R","T","E","$","R","B",null,"M","?","M","M","?","E","$","M","T","E","E","R","E","M","R","B",null],"character_chosen":"THE_SILENT","items_purchased":["Noxious Fumes","Bag of Preparation","Blood Vial","Catalyst","DollysMirror","Footwork","Night Terror"],"campfire_rested":2,"item_purchase_floors":[19,19,19,31,31,41,41],"current_hp_per_floor":[59,59,65,65,65,65,65,65,65,64,64,59,50,50,50,29,61,57,57,55,55,55,55,57,57,57,47,47,47,41,41,41,44,65,64,64,50,52,52,60,60,62,62,47,21,59,41,49,79,72],"gold":166,"neow_bonus":"THREE_ENEMY_KILL","is_prod":false,"is_daily":false,"chose_seed":false,"campfire_upgraded":7,"win_rate":0,"timestamp":1548723167,"path_taken":["M","M","?","$","?","R","E","R","T","M","M","E","M","?","R","BOSS","M","$","M","?","?","R","E","R","T","E","R","?","E","$","R","BOSS","M","?","?","M","?","E","$","?","T","E","E","R","E","M","R","BOSS"],"build_version":"2019-01-23","purchased_purges":1,"victory":true,"max_hp_per_floor":[66,66,72,72,72,72,72,72,72,72,72,72,72,72,72,72,72,72,72,72,72,72,72,72,72,72,72,72,72,72,72,72,72,72,72,72,72,72,72,79,79,79,79,79,79,79,79,79,79,79],"card_choices":[{"not_picked":["Backstab","Dash"],"picked":"Cloak And Dagger","floor":1.0},{"not_picked":["Concentrate","Escape Plan"],"picked":"Noxious Fumes","floor":2.0},{"not_picked":["Distraction","Dodge and Roll"],"picked":"Blur","floor":7.0},{"not_picked":["Tactician","Masterful Stab","Deflect"],"picked":"SKIP","floor":10.0},{"not_picked":["Bane","Leg Sweep"],"picked":"PiercingWail","floor":11.0},{"not_picked":["Deflect","Slice","Blade Dance"],"picked":"SKIP","floor":12.0},{"not_picked":["Backflip","Dagger Throw"],"picked":"Noxious Fumes","floor":13.0},{"not_picked":["Distraction","Slice"],"picked":"Escape Plan","floor":14.0},{"not_picked":["Venomology","Grand Finale"],"picked":"Adrenaline","floor":16.0},{"not_picked":["Accuracy","Underhanded Strike","Sucker Punch"],"picked":"SKIP","floor":18.0},{"not_picked":["Dagger Spray","Backflip","Sucker Punch"],"picked":"SKIP","floor":20.0},{"not_picked":["Cloak And Dagger","Sucker Punch"],"picked":"PiercingWail","floor":24.0},{"not_picked":["Accuracy","Flying Knee","Deflect"],"picked":"SKIP","floor":27.0},{"not_picked":["Tactician","Slice","Flying Knee"],"picked":"SKIP","floor":30.0},{"not_picked":["Bullet Time","Glass Knife"],"picked":"Burst","floor":33.0},{"not_picked":["Prepared","Calculated Gamble"],"picked":"Deadly Poison","floor":35.0},{"not_picked":["Prepared","Predator+1"],"picked":"Blur+1","floor":37.0},{"not_picked":["Deadly Poison","Backstab"],"picked":"Expertise+1","floor":38.0},{"not_picked":["Dagger Spray","Dodge and Roll"],"picked":"Deadly Poison+1","floor":40.0},{"not_picked":["Riddle With Holes","Slice+1","Choke"],"picked":"SKIP","floor":42.0},{"not_picked":["Noxious Fumes","Slice","Tactician"],"picked":"SKIP","floor":44.0},{"not_picked":["Quick Slash+1","Venomology","Deadly Poison"],"picked":"SKIP","floor":45},{"not_picked":["Deadly Poison","Masterful Stab+1"],"picked":"Escape Plan","floor":47},{"not_picked":["Reflex","Sucker Punch+1","Quick Slash"],"picked":"SKIP","floor":48},{"not_picked":["After Image","Eviscerate+1"],"picked":"Prepared+1","floor":49}],"player_experience":489653,"relics_obtained":[{"floor":7.0,"key":"MawBank"},{"floor":9.0,"key":"Happy Flower"},{"floor":12.0,"key":"WingedGreaves"},{"floor":24.0,"key":"Orichalcum"},{"floor":26.0,"key":"Meat on the Bone"},{"floor":27.0,"key":"Bottled Flame"},{"floor":29.0,"key":"Tiny Chest"},{"floor":30.0,"key":"Regal Pillow"},{"floor":36.0,"key":"Bronze Scales"},{"floor":40.0,"key":"Strawberry"},{"floor":40.0,"key":"Tough Bandages"},{"floor":43.0,"key":"Ancient Tea Set"},{"floor":44.0,"key":"Mummified Hand"},{"floor":44.0,"key":"Dream Catcher"},{"floor":45,"key":"Centennial Puzzle"},{"floor":45,"key":"Omamori"},{"floor":47,"key":"Snake Skull"},{"floor":47,"key":"Pen Nib"}],"event_choices":[{"damage_healed":0.0,"max_hp_gain":0.0,"max_hp_loss":0.0,"gold_gain":0.0,"event_name":"Big Fish","player_choice":"Box","floor":3.0,"gold_loss":0.0,"damage_taken":0.0,"relics_obtained":["Darkstone Periapt"],"cards_obtained":["Regret"]},{"damage_healed":0.0,"max_hp_gain":0.0,"max_hp_loss":0.0,"gold_gain":0.0,"event_name":"WeMeetAgain","player_choice":"Gave Potion","floor":5.0,"gold_loss":0.0,"damage_taken":0.0,"relics_obtained":["PreservedInsect"]},{"damage_healed":0.0,"max_hp_gain":0.0,"max_hp_loss":0.0,"gold_gain":0.0,"event_name":"Back to Basics","player_choice":"Simplicity","floor":21.0,"gold_loss":0.0,"damage_taken":0.0,"cards_upgraded":["Defend_G","Defend_G","Defend_G","Defend_G","Defend_G","Strike_G","Strike_G","Strike_G","Strike_G","Strike_G"]},{"damage_healed":0.0,"max_hp_gain":0.0,"max_hp_loss":0.0,"gold_gain":99.0,"event_name":"Nest","player_choice":"Stole From Cult","floor":22.0,"gold_loss":0.0,"damage_taken":0.0},{"damage_healed":0.0,"max_hp_gain":0.0,"max_hp_loss":0.0,"gold_gain":0.0,"event_name":"Wheel of Change","player_choice":"Relic","floor":36.0,"gold_loss":0.0,"damage_taken":0.0},{"damage_healed":0.0,"max_hp_gain":0.0,"max_hp_loss":0.0,"gold_gain":0.0,"event_name":"The Woman in Blue","player_choice":"Bought 0 Potions","floor":39.0,"gold_loss":0.0,"damage_taken":0.0}],"is_beta":false,"boss_relics":[{"not_picked":["HoveringKite","Calling Bell"],"picked":"Sozu"},{"not_picked":["Orrery","Cursed Key"],"picked":"Black Star"}],"items_purged_floors":[4],"is_endless":false,"potions_floor_spawned":[1,2,7,10,18,27,30,35,42,45,48],"ascension_level":14}