{"gold_per_floor":[110,125,125,50,50,77,97,97,120,131,462,462,475,488,488,586,586,604,300,314,122,141,141,152,163,209,10,37,47,75,90,90,194,194,214,232,94,94,108,141,141,166,166,166,193,70,90,110,110,110],"floor_reached":51,"playtime":2040,"items_purged":["Defend_G","Strike_G","Doubt"],"score":982,"play_id":"e2863f96-2c0f-47dc-9a01-847d1d4a6bfb","local_time":"25610725211910","is_ascension_mode":true,"campfire_choices":[{"data":"Leg Sweep","floor":8.0,"key":"SMITH"},{"floor":12.0,"key":"REST"},{"data":"Crippling Poison","floor":15.0,"key":"SMITH"},{"data":"Burst","floor":23.0,"key":"SMITH"},{"floor":32.0,"key":"REST"},{"floor":41.0,"key":"REST"},{"data":"Well Laid Plans","floor":44.0,"key":"SMITH"},{"floor":49,"key":"REST"}],"neow_cost":"NONE","seed_source_timestamp":29694784772112,"circlet_count":0,"master_deck":["Defend_G","Defend_G","Defend_G","Defend_G","Strike_G","Strike_G","Strike_G","Strike_G","Survivor","Neutralize","Leg Sweep+1","Terror+1","PiercingWail","Acrobatics","Crippling Poison+1","Burst+1","Sucker Punch","Poisoned Stab","Die Die Die","Deadly Poison","Sadistic Nature","Deadly Poison+1","Catalyst","Blur+1","Deadly Poison+1","Backflip+1","After Image","Backflip+1","Noxious Fumes","Finesse","Quick Slash+1","Acrobatics","Well Laid Plans+1","Writhe","Backstab+1","Infinite Blades","Quick Slash","Skewer+1","Deadly Poison+1"],"special_seed":0,"relics":["Ring of the Snake","NeowsBlessing","Snake Skull","Ancient Tea Set","Anchor","Old Coin","Cursed Key","Happy Flower","Pen Nib","Oddly Smooth Stone","Bottled Tornado","HoveringKite","War Paint","Boot","Paper Crane","Thread and Needle"],"potions_floor_usage":[48,50,50],"damage_taken":[{"damage":0.0,"enemies":"Jaw Worm","floor":1.0,"turns":1.0},{"damage":0.0,"enemies":"Cultist","floor":2.0,"turns":1.0},{"damage":0.0,"enemies":"Gremlin Nob","floor":6.0,"turns":1.0},{"damage":6.0,"enemies":"Small Slimes","floor":7.0,"turns":4.0},{"damage":5.0,"enemies":"2 Fungi Beasts","floor":10.0,"turns":6.0},{"damage":18.0,"enemies":"Lagavulin","floor":11.0,"turns":7.0},{"damage":0.0,"enemies":"Large Slime","floor":13.0,"turns":5.0},{"damage":0.0,"enemies":"Red Slaver","floor":14.0,"turns":3.0},{"damage":10.0,"enemies":"Hexaghost","floor":16.0,"turns":9.0},{"damage":0.0,"enemies":"Chosen","floor":18.0,"turns":5.0},{"damage":3.0,"enemies":"Shell Parasite","floor":20.0,"turns":4.0},{"damage":9.0,"enemies":"Chosen and Byrds","floor":22.0,"turns":3.0},{"damage":0.0,"enemies":"Cultist and Chosen","floor":24.0,"turns":3.0},{"damage":0.0,"enemies":"Snecko","floor":25.0,"turns":4.0},{"damage":9.0,"enemies":"Slavers","floor":28.0,"turns":4.0},{"damage":20.0,"enemies":"Sentry and Sphere","floor":29.0,"turns":4.0},{"damage":0.0,"enemies":"Gremlin Leader","floor":30.0,"turns":4.0},{"damage":0.0,"enemies":"Centurion and Healer","floor":31.0,"turns":5.0},{"damage":16.0,"enemies":"Champ","floor":33.0,"turns":6.0},{"damage":0.0,"enemies":"3 Shapes","floor":35.0,"turns":3.0},{"damage":0.0,"enemies":"3 Darklings","floor":36.0,"turns":5.0},{"damage":2.0,"enemies":"Transient","floor":39.0,"turns":5.0},{"damage":30.0,"enemies":"Giant Head","floor":40.0,"turns":7.0},{"damage":13.0,"enemies":"Nemesis","floor":42.0,"turns":5.0},{"damage":12,"enemies":"2 Orb Walkers","floor":45,"turns":4},{"damage":3,"enemies":"Spire Growth","floor":47,"turns":5},{"damage":0,"enemies":"Sphere and 2 Shapes","floor":48,"turns":3},{"damage":1,"enemies":"Donu and Deca","floor":50,"turns":10}],"seed_played":"-2348543466607165999","potions_obtained":[{"floor":6.0,"key":"Block Potion"},{"floor":7.0,"key":"SpeedPotion"},{"floor":11.0,"key":"EssenceOfSteel"},{"floor":13.0,"key":"AttackPotion"},{"floor":14.0,"key":"PowerPotion"},{"floor":20.0,"key":"Swift Potion"},{"floor":22.0,"key":"EssenceOfSteel"},{"floor":28.0,"key":"AttackPotion"},{"floor":30.0,"key":"SpeedPotion"},{"floor":35.0,"key":"PowerPotion"},{"floor":40.0,"key":"AttackPotion"},{"floor":45,"key":"Swift Potion"},{"floor":47,"key":"EssenceOfSteel"}],"is_trial":false,"path_per_floor":["M","M","?","$","?","E","M","R","T","M","E","R","M","M","R","B",null,"M","$","M","$","M","R","M","M","T","$","E","M","E","M","R","B",null,"M","M","$","?","M","E","R","E","T","R","E","$","M","M","R","B"],"character_chosen":"THE_SILENT","items_purchased":["Sadistic Nature","Catalyst","Happy Flower","Regen Potion","Noxious Fumes","Finesse","Infinite Blades","Quick Slash"],"campfire_rested":4,"item_purchase_floors":[19,21,21,27,37,37,46,46],"current_hp_per_floor":[70,70,70,70,52,52,46,46,46,41,23,44,44,44,44,34,70,70,70,67,67,58,58,58,58,58,58,63,43,43,43,64,48,70,70,70,70,70,68,38,59,46,46,46,34,34,31,31,52,51],"gold":110,"neow_bonus":"THREE_ENEMY_KILL","is_prod":false,"is_daily":false,"chose_seed":false,"campfire_upgraded":4,"win_rate":0,"timestamp":1532528350,"path_taken":["M","M","?","$","?","E","M","R","T","M","E","R","?","M","R","BOSS","M","$","M","$","M","R","M","M","T","$","E","M","E","M","R","BOSS","M","M","$","?","M","E","R","E","T","R","E","$","M","M","R","BOSS"],"build_version":"2018-07-19v2","purchased_purges":3,"victory":true,"max_hp_per_floor":[70,70,70,70,70,70,70,70,70,70,70,70,70,70,70,70,70,70,70,70,70,70,70,70,70,70,70,70,70,70,70,70,70,70,70,70,70,70,70,70,70,70,70,70,70,70,70,70,70,70],"card_choices":[{"not_picked":["Dodge and Roll","Concentrate"],"picked":"Predator","floor":1.0},{"not_picked":["Flying Knee","Bouncing Flask"],"picked":"Leg Sweep","floor":2.0},{"not_picked":["Dodge and Roll","Predator"],"picked":"PiercingWail","floor":6.0},{"not_picked":["Slice","Flying Knee"],"picked":"Acrobatics","floor":7.0},{"not_picked":["Expertise","Dash"],"picked":"Crippling Poison","floor":10.0},{"not_picked":["Dagger Throw","Footwork"],"picked":"Burst","floor":11.0},{"not_picked":["Outmaneuver","Cloak And Dagger"],"picked":"Sucker Punch","floor":13.0},{"not_picked":["Dodge and Roll","Caltrops"],"picked":"Poisoned Stab","floor":14.0},{"not_picked":["Storm of Steel","Adrenaline"],"picked":"Die Die Die","floor":16.0},{"not_picked":["Tactician","Prepared"],"picked":"Deadly Poison","floor":18.0},{"not_picked":["Masterful Stab","Dash"],"picked":"Deadly Poison+1","floor":20.0},{"not_picked":["Dagger Spray","Backflip","Acrobatics+1"],"picked":"SKIP","floor":22.0},{"not_picked":["Cloak And Dagger","Dagger Throw","Underhanded Strike"],"picked":"SKIP","floor":24.0},{"not_picked":["Calculated Gamble","Blur","Blade Dance"],"picked":"SKIP","floor":25.0},{"not_picked":["Endless Agony","Cloak And Dagger","Tactician"],"picked":"SKIP","floor":28.0},{"not_picked":["Sucker Punch","Outmaneuver"],"picked":"Blur","floor":29.0},{"not_picked":["Glass Knife","Dagger Throw"],"picked":"Deadly Poison+1","floor":30.0},{"not_picked":["Backstab","Footwork+1"],"picked":"Backflip+1","floor":31.0},{"not_picked":["Burst","Phantasmal Killer"],"picked":"After Image","floor":33.0},{"not_picked":["Dash+1","Outmaneuver+1"],"picked":"Underhanded Strike","floor":35.0},{"not_picked":["Flying Knee","Sucker Punch+1"],"picked":"Backflip+1","floor":36.0},{"not_picked":["Concentrate+1","Masterful Stab+1"],"picked":"Quick Slash+1","floor":39.0},{"not_picked":["Sucker Punch+1","Dagger Spray+1"],"picked":"Acrobatics","floor":40.0},{"not_picked":["Venomology","Accuracy+1"],"picked":"Well Laid Plans","floor":42.0},{"not_picked":["Footwork","Deflect+1"],"picked":"Backstab+1","floor":45},{"not_picked":["Dagger Throw","Poisoned Stab"],"picked":"Skewer+1","floor":47},{"not_picked":["Flying Knee","Dagger Spray"],"picked":"Deadly Poison+1","floor":48}],"player_experience":156417,"relics_obtained":[{"floor":6.0,"key":"Ancient Tea Set"},{"floor":9.0,"key":"Anchor"},{"floor":11.0,"key":"Old Coin"},{"floor":26.0,"key":"Pen Nib"},{"floor":28.0,"key":"Oddly Smooth Stone"},{"floor":30.0,"key":"Bottled Tornado"},{"floor":40.0,"key":"War Paint"},{"floor":42.0,"key":"Boot"},{"floor":43.0,"key":"Paper Crane"},{"floor":45,"key":"Thread and Needle"}],"event_choices":[{"event_name":"Transmorgrifier","player_choice":"Transform","floor":3.0,"damage_taken":0.0},{"event_name":"Scrap Ooze","player_choice":"success","floor":5.0,"damage_taken":18.0},{"event_name":"Falling","player_choice":"Removed Attack","floor":38.0,"damage_taken":0.0}],"is_beta":false,"boss_relics":[{"not_picked":["Snecko Eye","Runic Pyramid"],"picked":"Cursed Key"},{"not_picked":["Astrolabe","White Beast Statue"],"picked":"HoveringKite"}],"items_purged_floors":[4,19,27],"is_endless":false,"potions_floor_spawned":[6,7,11,13,14,20,22,28,30,35,40,45,47],"ascension_level":1}