{"gold_per_floor":[115,115,127,127,137,137,137,166,215,239,251,283,321,352,364,448,460,485,512,381,401,413,413,413,413,413,447,58,58,69,94,94,173,173,188,206,428,480,480,480,508,452,452,452,468,481,498,3,3,3],"floor_reached":51,"playtime":2531,"items_purged":["Strike_B","Decay","Strike_B"],"score":1294,"play_id":"2d7b60f8-dd32-4b1b-97c0-05045cac5855","local_time":"20181209160155","is_ascension_mode":true,"campfire_choices":[{"data":"Zap","floor":6,"key":"SMITH"},{"data":"Dualcast","floor":11,"key":"SMITH"},{"data":"Defragment","floor":15,"key":"SMITH"},{"data":"Capacitor","floor":23,"key":"SMITH"},{"data":"Conserve Battery","floor":25,"key":"SMITH"},{"floor":29,"key":"REST"},{"data":"Coolheaded","floor":32,"key":"SMITH"},{"floor":40,"key":"REST"},{"floor":44,"key":"REST"},{"floor":49,"key":"REST"}],"neow_cost":"NONE","seed_source_timestamp":119597688777893,"circlet_count":0,"master_deck":["AscendersBane","Strike_B","Strike_B","Defend_B","Defend_B","Defend_B","Defend_B","Zap+1","Dualcast+1","Sweeping Beam","Cold Snap","Leap","Cold Snap+1","Echo Form","Self Repair","Defragment+1","Conserve Battery+1","Meteor Strike","Turbo","Capacitor+1","Ball Lightning+1","Chill","Coolheaded+1","Electrodynamics+1","Conserve Battery","Steam Power+1","Go for the Eyes+1","Writhe","Coolheaded","Parasite","Compile Driver+1","Darkness","Capacitor+1","Stack","Cold Snap+1"],"relics":["Cracked Core","CultistMask","Dream Catcher","MawBank","Mercury Hourglass","Sozu","Frozen Egg 2","Red Mask","Ice Cream","Matryoshka","Snecko Eye","Turnip","Molten Egg 2","Unceasing Top","Whetstone","Ornamental Fan","Bottled Flame"],"potions_floor_usage":[3,8,27,31],"damage_taken":[{"damage":4,"enemies":"Jaw Worm","floor":1,"turns":4},{"damage":1,"enemies":"Cultist","floor":3,"turns":3},{"damage":4,"enemies":"2 Louse","floor":5,"turns":2},{"damage":2,"enemies":"3 Sentries","floor":8,"turns":7},{"damage":0,"enemies":"Looter","floor":10,"turns":3},{"damage":10,"enemies":"Lots of Slimes","floor":12,"turns":2},{"damage":17,"enemies":"Gremlin Nob","floor":13,"turns":5},{"damage":1,"enemies":"2 Fungi Beasts","floor":14,"turns":3},{"damage":24,"enemies":"The Guardian","floor":16,"turns":12},{"damage":2,"enemies":"3 Byrds","floor":18,"turns":4},{"damage":0,"enemies":"Chosen","floor":19,"turns":4},{"damage":6,"enemies":"Centurion and Healer","floor":21,"turns":8},{"damage":25,"enemies":"Snake Plant","floor":22,"turns":5},{"damage":21,"enemies":"Masked Bandits","floor":27,"turns":4},{"damage":14,"enemies":"Shelled Parasite and Fungi","floor":30,"turns":9},{"damage":0,"enemies":"Gremlin Leader","floor":31,"turns":9},{"damage":37,"enemies":"Collector","floor":33,"turns":11},{"damage":36,"enemies":"3 Darklings","floor":35,"turns":4},{"damage":0,"enemies":"Orb Walker","floor":36,"turns":3},{"damage":29,"enemies":"2 Orb Walkers","floor":38,"turns":4},{"damage":40,"enemies":"Nemesis","floor":41,"turns":7},{"damage":9,"enemies":"4 Shapes","floor":45,"turns":3},{"damage":4,"enemies":"Writhing Mass","floor":46,"turns":6},{"damage":10,"enemies":"Spire Growth","floor":47,"turns":5},{"damage":51,"enemies":"Donu and Deca","floor":50,"turns":14}],"seed_played":"-2481451637814745289","potions_obtained":[{"floor":2,"key":"Fruit Juice"},{"floor":2,"key":"PowerPotion"},{"floor":3,"key":"GamblersBrew"},{"floor":10,"key":"Swift Potion"}],"is_trial":false,"path_per_floor":["M","?","M","?","M","R","?","E","T","M","R","M","E","M","R","B",null,"M","M","$","M","M","R","?","R","T","?","$","R","M","E","R","B",null,"M","M","?","?","?","R","E","?","T","R","M","M","M","$","R","B",null],"character_chosen":"DEFECT","items_purchased":["Capacitor","Ice Cream","Capacitor+1","Bottled Flame","Stack"],"campfire_rested":4,"item_purchase_floors":[20,28,48,48,48],"current_hp_per_floor":[67,67,71,76,72,72,72,70,70,70,70,60,57,56,56,46,78,83,88,88,88,70,70,70,70,70,49,49,75,75,88,88,58,81,59,59,59,37,55,81,55,55,55,81,72,75,65,65,88,44],"gold":3,"neow_bonus":"TEN_PERCENT_HP_BONUS","is_prod":false,"is_daily":false,"chose_seed":false,"campfire_upgraded":6,"win_rate":0,"timestamp":1544400115,"path_taken":["M","?","?","?","M","R","?","E","T","M","R","M","E","M","R","BOSS","M","M","$","M","?","R","?","R","T","?","$","R","M","E","R","BOSS","M","M","?","?","?","R","E","?","T","R","M","M","?","$","R","BOSS"],"build_version":"2018-12-06","purchased_purges":3,"victory":true,"max_hp_per_floor":[78,78,83,88,88,88,88,88,88,88,88,88,88,88,88,88,88,88,88,88,88,88,88,88,88,88,88,88,88,88,88,88,88,88,88,88,88,88,88,88,88,88,88,88,88,88,88,88,88,88],"card_choices":[{"not_picked":["Rebound","Storm"],"picked":"Sweeping Beam","floor":1},{"not_picked":["Lockon","Gash"],"picked":"Cold Snap","floor":3},{"not_picked":["Turbo","Gash"],"picked":"Leap","floor":5},{"not_picked":["Compile Driver","Turbo"],"picked":"Cold Snap","floor":8},{"not_picked":["Auto Shields","Doom and Gloom"],"picked":"Echo Form","floor":10},{"not_picked":["Streamline","Beam Cell"],"picked":"Self Repair","floor":12},{"not_picked":["Coolheaded","Leap"],"picked":"Defragment","floor":13},{"not_picked":["Coolheaded","Go for the Eyes"],"picked":"Conserve Battery","floor":14},{"not_picked":["Creative AI","Machine Learning"],"picked":"Meteor Strike","floor":16},{"not_picked":["Static Discharge","Hologram","Turbo"],"picked":"SKIP","floor":18},{"not_picked":["Static Discharge","Hologram"],"picked":"Turbo","floor":18},{"not_picked":["Conserve Battery","Sweeping Beam","Leap"],"picked":"SKIP","floor":19},{"not_picked":["Leap","Turbo","Redo"],"picked":"SKIP","floor":21},{"not_picked":["Steam","Tempest"],"picked":"Ball Lightning","floor":22},{"not_picked":["Turbo","Compile Driver"],"picked":"Chill","floor":30},{"not_picked":["Gash","Steam"],"picked":"Coolheaded","floor":31},{"not_picked":["Amplify","Biased Cognition+1"],"picked":"Electrodynamics+1","floor":33},{"not_picked":["Steam","Ball Lightning"],"picked":"Conserve Battery","floor":35},{"not_picked":["Redo","Genetic Algorithm"],"picked":"Steam Power+1","floor":36},{"not_picked":["Blizzard","Conserve Battery"],"picked":"Go for the Eyes+1","floor":38},{"not_picked":["Gash","Genetic Algorithm"],"picked":"Coolheaded","floor":40},{"not_picked":["Melter","Redo","Barrage"],"picked":"SKIP","floor":41},{"not_picked":["Melter+1","Sweeping Beam+1","FTL+1"],"picked":"SKIP","floor":45},{"not_picked":["Coolheaded","Hologram"],"picked":"Compile Driver+1","floor":46},{"not_picked":["Seek","Leap+1"],"picked":"Darkness","floor":47},{"not_picked":["Ball Lightning+1","Barrage+1"],"picked":"Cold Snap+1","floor":49}],"player_experience":1765622,"relics_obtained":[{"floor":8,"key":"Dream Catcher"},{"floor":9,"key":"MawBank"},{"floor":13,"key":"Mercury Hourglass"},{"floor":26,"key":"Frozen Egg 2"},{"floor":27,"key":"Red Mask"},{"floor":31,"key":"Matryoshka"},{"floor":38,"key":"Turnip"},{"floor":41,"key":"Molten Egg 2"},{"floor":43,"key":"Whetstone"},{"floor":43,"key":"Ornamental Fan"}],"event_choices":[{"damage_healed":0,"gold_gain":0,"player_choice":"Got Potions","damage_taken":0,"max_hp_gain":0,"max_hp_loss":0,"event_name":"Lab","floor":2,"gold_loss":0},{"damage_healed":0,"gold_gain":0,"player_choice":"Donut","damage_taken":0,"max_hp_gain":5,"max_hp_loss":0,"event_name":"Big Fish","floor":4,"gold_loss":0},{"damage_healed":0,"gold_gain":0,"player_choice":"Trade","damage_taken":0,"relics_obtained":["CultistMask"],"max_hp_gain":0,"max_hp_loss":0,"event_name":"FaceTrader","floor":7,"gold_loss":0},{"damage_healed":0,"gold_gain":0,"player_choice":"Smashed Altar","damage_taken":0,"max_hp_gain":0,"max_hp_loss":0,"event_name":"Forgotten Altar","floor":24,"gold_loss":0,"cards_obtained":["Decay"]},{"damage_healed":0,"gold_gain":0,"player_choice":"Fought Bandits","damage_taken":0,"max_hp_gain":0,"max_hp_loss":0,"event_name":"Masked Bandits","floor":27,"gold_loss":0},{"damage_healed":0,"gold_gain":222,"player_choice":"Wore Mask","damage_taken":0,"max_hp_gain":0,"max_hp_loss":0,"event_name":"Tomb of Lord Red Mask","floor":37,"gold_loss":0},{"damage_healed":0,"gold_gain":0,"player_choice":"Fight","damage_taken":0,"max_hp_gain":0,"max_hp_loss":0,"event_name":"Mysterious Sphere","floor":38,"gold_loss":0},{"damage_healed":18,"gold_gain":0,"player_choice":"Writhe","damage_taken":0,"max_hp_gain":0,"max_hp_loss":0,"event_name":"Winding Halls","floor":39,"gold_loss":0,"cards_obtained":["Writhe"]},{"damage_healed":0,"gold_gain":0,"player_choice":"Paid Gold","damage_taken":0,"relics_obtained":["Unceasing Top"],"max_hp_gain":0,"max_hp_loss":0,"event_name":"WeMeetAgain","floor":42,"gold_loss":56}],"is_beta":false,"boss_relics":[{"not_picked":["Busted Crown","Coffee Dripper"],"picked":"Sozu"},{"not_picked":["Inserter","White Beast Statue"],"picked":"Snecko Eye"}],"items_purged_floors":[20,28,48],"is_endless":false,"potions_floor_spawned":[3,10,13,16,18,27,30,31,35,38,46,47],"ascension_level":15}