{"gold_per_floor":[110,110,125,125,142,177,177,204,204,221,233,247,277,295,295,372,372,388,400,418,437,457,457,104,134,204,220,220,247,247,247,247,325,325,335,225,239,252,5,32,32,65,65,65,90,90,90,141,141,141],"floor_reached":51,"playtime":2611,"items_purged":["Strike_B","Strike_B"],"score":1489,"play_id":"f13df2bb-43e6-41cb-82e5-7af1accb8347","local_time":"20181031105836","is_ascension_mode":true,"campfire_choices":[{"data":"Barrage","floor":7.0,"key":"SMITH"},{"data":"Glacier","floor":15.0,"key":"SMITH"},{"data":"Fission","floor":23.0,"key":"SMITH"},{"data":"Capacitor","floor":32.0,"key":"SMITH"},{"data":"Defragment","floor":41.0,"key":"SMITH"},{"floor":44.0,"key":"REST"},{"data":"Hologram","floor":46.0,"key":"SMITH"},{"data":"Seek","floor":49.0,"key":"SMITH"}],"neow_cost":"NONE","seed_source_timestamp":168984957882559,"circlet_count":0,"master_deck":["Defend_B","Defend_B","Defend_B+1","Defend_B","Zap+1","Dualcast","AscendersBane","Leap","Glacier+1","Barrage+1","Ball Lightning","Ball Lightning","Cold Snap","Conserve Battery+1","Fission+1","Chill","Hologram+1","Leap+1","Electrodynamics","Compile Driver+1","Defragment+1","Biased Cognition+1","Capacitor+1","Core Surge","Hello World","Seek+1","Coolheaded+1","Cold Snap+1","Steam+1","Stack"],"special_seed":0,"relics":["Cracked Core","Letter Opener","Pocketwatch","Kunai","Prayer Wheel","Potion Belt","Nuclear Battery","Lee\u0027s Waffle","War Paint","Blue Candle","Strawberry","Lizard Tail","Anchor","Happy Flower","Orichalcum","Dodecahedron","Vajra","Blood Vial"],"potions_floor_usage":[50,50,50],"damage_taken":[{"damage":7.0,"enemies":"Jaw Worm","floor":1.0,"turns":2.0},{"damage":1.0,"enemies":"Cultist","floor":3.0,"turns":3.0},{"damage":0.0,"enemies":"2 Louse","floor":5.0,"turns":3.0},{"damage":1.0,"enemies":"Lagavulin","floor":6.0,"turns":9.0},{"damage":7.0,"enemies":"Gremlin Nob","floor":8.0,"turns":5.0},{"damage":0.0,"enemies":"Blue Slaver","floor":10.0,"turns":3.0},{"damage":6.0,"enemies":"Looter","floor":11.0,"turns":3.0},{"damage":6.0,"enemies":"Gremlin Gang","floor":12.0,"turns":3.0},{"damage":3.0,"enemies":"Lagavulin","floor":13.0,"turns":5.0},{"damage":8.0,"enemies":"Lots of Slimes","floor":14.0,"turns":3.0},{"damage":0.0,"enemies":"Slime Boss","floor":16.0,"turns":11.0},{"damage":7.0,"enemies":"Shell Parasite","floor":18.0,"turns":5.0},{"damage":1.0,"enemies":"3 Byrds","floor":19.0,"turns":4.0},{"damage":10.0,"enemies":"Snecko","floor":20.0,"turns":6.0},{"damage":0.0,"enemies":"Cultist and Chosen","floor":21.0,"turns":4.0},{"damage":3.0,"enemies":"Snake Plant","floor":22.0,"turns":4.0},{"damage":3.0,"enemies":"Slavers","floor":25.0,"turns":4.0},{"damage":0.0,"enemies":"Centurion and Healer","floor":27.0,"turns":3.0},{"damage":11.0,"enemies":"Book of Stabbing","floor":29.0,"turns":5.0},{"damage":33.0,"enemies":"Collector","floor":33.0,"turns":12.0},{"damage":14.0,"enemies":"Orb Walker","floor":35.0,"turns":4.0},{"damage":0.0,"enemies":"3 Darklings","floor":37.0,"turns":4.0},{"damage":6.0,"enemies":"Sphere and 2 Shapes","floor":38.0,"turns":5.0},{"damage":3.0,"enemies":"Giant Head","floor":40.0,"turns":9.0},{"damage":4.0,"enemies":"Reptomancer","floor":42.0,"turns":6.0},{"damage":0.0,"enemies":"Nemesis","floor":45.0,"turns":9.0},{"damage":6,"enemies":"Time Eater","floor":50,"turns":14}],"seed_played":"-7160948015695273643","potions_obtained":[{"floor":1.0,"key":"Swift Potion"},{"floor":11.0,"key":"Fire Potion"},{"floor":12.0,"key":"Dexterity Potion"},{"floor":13.0,"key":"Regen Potion"},{"floor":16.0,"key":"PowerPotion"},{"floor":18.0,"key":"Weak Potion"},{"floor":19.0,"key":"Fire Potion"},{"floor":22.0,"key":"Explosive Potion"},{"floor":37.0,"key":"Weak Potion"},{"floor":38.0,"key":"Block Potion"}],"is_trial":false,"path_per_floor":["M","?","M","?","M","E","R","E","T","M","M","M","E","M","R","B",null,"M","M","M","M","M","R","$","E","T","M","?","E","$","?","R","B",null,"M","?","M","M","$","E","R","E","T","R","E","R","?","T","R","B"],"character_chosen":"DEFECT","items_purchased":["Defragment","Lee\u0027s Waffle","Anchor"],"campfire_rested":1,"item_purchase_floors":[24,24,39],"current_hp_per_floor":[57,57,56,51,51,50,50,43,43,43,37,31,28,20,20,35,62,55,54,44,44,41,41,78,75,75,75,75,71,71,71,71,38,73,59,59,59,53,53,50,50,46,46,71,71,71,76,76,76,72],"gold":141,"neow_bonus":"UPGRADE_CARD","is_prod":false,"is_daily":false,"chose_seed":false,"campfire_upgraded":7,"win_rate":0,"timestamp":1541008716,"path_taken":["M","?","M","?","M","E","R","E","T","M","M","M","E","M","R","BOSS","M","M","?","M","?","R","$","E","T","M","?","E","$","?","R","BOSS","M","?","?","M","$","E","R","E","T","R","E","R","?","?","R","BOSS"],"build_version":"2018-10-25v2","purchased_purges":2,"victory":true,"max_hp_per_floor":[71,71,71,71,71,71,71,71,71,71,71,71,71,71,71,71,71,71,71,71,71,71,71,78,78,78,78,78,85,85,85,85,85,85,85,85,85,85,85,85,85,85,85,85,85,85,85,85,85,85],"card_choices":[{"not_picked":["Hello World","Redo"],"picked":"Leap","floor":1.0},{"not_picked":["Double Energy","Melter"],"picked":"Glacier","floor":3.0},{"not_picked":["Coolheaded","Hologram"],"picked":"Barrage","floor":5.0},{"not_picked":["Multi-Cast","Storm","Redo"],"picked":"SKIP","floor":6.0},{"not_picked":["Static Discharge","Conserve Battery","Stack"],"picked":"SKIP","floor":8.0},{"not_picked":["Go for the Eyes","Leap"],"picked":"Ball Lightning","floor":10.0},{"not_picked":["Rebound","Reprogram"],"picked":"Sweeping Beam","floor":10.0},{"not_picked":["Blizzard","Go for the Eyes"],"picked":"Ball Lightning","floor":11.0},{"not_picked":["Leap","Consume","Fission"],"picked":"SKIP","floor":11.0},{"not_picked":["Double Energy","Gash","Loop"],"picked":"SKIP","floor":12.0},{"not_picked":["Reprogram","Hello World","Turbo"],"picked":"SKIP","floor":12.0},{"not_picked":["Cold Snap","Fusion","Ball Lightning"],"picked":"SKIP","floor":13.0},{"not_picked":["Fusion","Ball Lightning"],"picked":"Cold Snap","floor":13.0},{"not_picked":["Multi-Cast","Turbo"],"picked":"Conserve Battery","floor":14.0},{"not_picked":["Storm","Fusion","Barrage"],"picked":"SKIP","floor":14.0},{"not_picked":["Amplify","Creative AI"],"picked":"Fission","floor":16.0},{"not_picked":["Conserve Battery","Fusion"],"picked":"Chill","floor":18.0},{"not_picked":["Steam","Chill"],"picked":"Hologram","floor":18.0},{"not_picked":["Stack","Redo"],"picked":"Leap+1","floor":19.0},{"not_picked":["Storm","Barrage","Beam Cell"],"picked":"SKIP","floor":19.0},{"not_picked":["Sweeping Beam","Streamline"],"picked":"Electrodynamics","floor":20.0},{"not_picked":["Go for the Eyes","Rip and Tear"],"picked":"Compile Driver+1","floor":20.0},{"not_picked":["Rip and Tear","Stack","Steam Power"],"picked":"SKIP","floor":21.0},{"not_picked":["Stack","Leap","Redo"],"picked":"SKIP","floor":21.0},{"not_picked":["Chaos","Hologram","Double Energy"],"picked":"SKIP","floor":22.0},{"not_picked":["Gash","Conserve Battery","Melter"],"picked":"SKIP","floor":22.0},{"not_picked":["Hologram","Stack"],"picked":"Biased Cognition","floor":25.0},{"not_picked":["Compile Driver+1","Ball Lightning"],"picked":"Capacitor","floor":27.0},{"not_picked":["Turbo","Barrage+1","Steam"],"picked":"SKIP","floor":27.0},{"not_picked":["Compile Driver","Defragment","Beam Cell"],"picked":"SKIP","floor":29.0},{"not_picked":["Creative AI","Electrodynamics"],"picked":"Seek","floor":33.0},{"not_picked":["Barrage","Blizzard+1"],"picked":"Coolheaded+1","floor":35.0},{"not_picked":["Turbo","Rebound"],"picked":"Cold Snap+1","floor":35.0},{"not_picked":["Barrage+1","Auto Shields"],"picked":"Steam+1","floor":37.0},{"not_picked":["Genetic Algorithm+1","Go for the Eyes","Static Discharge"],"picked":"SKIP","floor":37.0},{"not_picked":["Seek","Turbo"],"picked":"Stack","floor":38.0},{"not_picked":["Stack","Gash","Sunder"],"picked":"SKIP","floor":38.0},{"not_picked":["Barrage","Ball Lightning","Static Discharge"],"picked":"SKIP","floor":40.0},{"not_picked":["Barrage","Amplify","Steam"],"picked":"SKIP","floor":42.0},{"not_picked":["Sweeping Beam","Redo","Streamline"],"picked":"SKIP","floor":45.0},{"not_picked":["Sweeping Beam","Redo","Streamline"],"picked":"SKIP","floor":45.0}],"player_experience":1528898,"relics_obtained":[{"floor":6.0,"key":"Pocketwatch"},{"floor":8.0,"key":"Kunai"},{"floor":9.0,"key":"Prayer Wheel"},{"floor":13.0,"key":"Potion Belt"},{"floor":25.0,"key":"War Paint"},{"floor":26.0,"key":"Blue Candle"},{"floor":29.0,"key":"Strawberry"},{"floor":40.0,"key":"Happy Flower"},{"floor":42.0,"key":"Orichalcum"},{"floor":43.0,"key":"Dodecahedron"},{"floor":45.0,"key":"Vajra"},{"floor":48.0,"key":"Blood Vial"}],"event_choices":[{"damage_healed":0.0,"max_hp_gain":0.0,"max_hp_loss":0.0,"gold_gain":0.0,"event_name":"Golden Wing","player_choice":"Ignored","floor":2.0,"gold_loss":0.0,"damage_taken":0.0},{"damage_healed":0.0,"max_hp_gain":0.0,"max_hp_loss":0.0,"gold_gain":0.0,"event_name":"Scrap Ooze","player_choice":"Success","floor":4.0,"gold_loss":0.0,"damage_taken":5.0,"relics_obtained":["Letter Opener"]},{"damage_healed":0.0,"max_hp_gain":0.0,"max_hp_loss":0.0,"gold_gain":0.0,"cards_transformed":["Strike_B","Strike_B"],"event_name":"Drug Dealer","player_choice":"Became Test Subject","floor":28.0,"gold_loss":0.0,"damage_taken":0.0,"cards_obtained":["Core Surge","Hello World"]},{"damage_healed":0.0,"max_hp_gain":0.0,"max_hp_loss":0.0,"gold_gain":0.0,"event_name":"Forgotten Altar","player_choice":"Smashed Altar","floor":31.0,"gold_loss":0.0,"damage_taken":0.0,"cards_obtained":["Decay"]},{"cards_removed":["Decay"],"damage_healed":0.0,"max_hp_gain":0.0,"max_hp_loss":0.0,"gold_gain":0.0,"event_name":"Designer","player_choice":"Upgrade and Remove","floor":36.0,"gold_loss":110.0,"damage_taken":0.0,"cards_upgraded":["Biased Cognition"]},{"cards_removed":["Sweeping Beam"],"damage_healed":5.0,"max_hp_gain":0.0,"max_hp_loss":0.0,"gold_gain":0.0,"event_name":"Bonfire Elementals","player_choice":"Offered Common","floor":47.0,"gold_loss":0.0,"damage_taken":0.0},{"cards_removed":["Sweeping Beam"],"damage_healed":5.0,"max_hp_gain":0.0,"max_hp_loss":0.0,"gold_gain":0.0,"event_name":"Bonfire Elementals","player_choice":"Offered Special","floor":47.0,"gold_loss":0.0,"damage_taken":0.0}],"is_beta":false,"boss_relics":[{"not_picked":["Busted Crown","Tiny House"],"picked":"Nuclear Battery"},{"not_picked":["Orrery","Runic Pyramid"],"picked":"Lizard Tail"}],"items_purged_floors":[24,39],"is_endless":false,"potions_floor_spawned":[1,11,12,13,16,18,19,22,37,38],"ascension_level":15}