{"gold_per_floor":[218,4,20,20,30,30,48,74,127,138,37,83,83,96,96,172,172,185,185,13,23,43,43,74,74,99,99,128,162,179,179,179,253,253,272,290,310,320,320,320,347,569,569,586,586,614,614,625,625,625,625,625,32,62,62],"floor_reached":56,"playtime":3485,"items_purged":["Strike_B","Strike_B"],"score":2307,"play_id":"efdb7836-9d44-4253-808f-97277cedcaf7","local_time":"20190331002705","is_ascension_mode":true,"campfire_choices":[{"data":"Gash","floor":6,"key":"SMITH"},{"data":"Buffer","floor":15,"key":"SMITH"},{"data":"Heatsinks","floor":23,"key":"SMITH"},{"data":"Defragment","floor":25,"key":"SMITH"},{"floor":27,"key":"REST"},{"data":"Seek","floor":32,"key":"SMITH"},{"data":"Turbo","floor":40,"key":"SMITH"},{"floor":49,"key":"RECALL"},{"data":"Fission","floor":52,"key":"SMITH"}],"neow_cost":"NONE","seed_source_timestamp":0,"circlet_count":0,"master_deck":["AscendersBane","Zap","Dualcast","Trip","Beam Cell","Core Surge","Gash","Defragment+1","Buffer+1","Hologram","Coolheaded","Glacier","Biased Cognition","Decay","Coolheaded+1","Seek+1","Heatsinks+1","BootSequence","White Noise","Self Repair","Seek","Compile Driver","FTL","Thunder Strike","Beam Cell","Multi-Cast","Turbo+1","Turbo","Go for the Eyes+1","Fission+1","Stack","Jack Of All Trades","Hologram+1"],"relics":["Cracked Core","Symbiotic Virus","Omamori","Anchor","Calling Bell","Orichalcum","Cables","Dead Branch","Bottled Lightning","Ancient Tea Set","DataDisk","Kunai","Red Mask","Matryoshka","Pandora\u0027s Box","Bag of Preparation","Blue Candle","Pen Nib","PreservedInsect","Question Card","Medical Kit","Gremlin Horn","Unceasing Top"],"potions_floor_usage":[8,10,16,24,28,55,55],"damage_taken":[{"damage":1,"enemies":"Cultist","floor":1,"turns":3},{"damage":1,"enemies":"Small Slimes","floor":3,"turns":3},{"damage":0,"enemies":"2 Louse","floor":5,"turns":1},{"damage":8,"enemies":"Blue Slaver","floor":7,"turns":2},{"damage":10,"enemies":"Lagavulin","floor":8,"turns":7},{"damage":10,"enemies":"Gremlin Gang","floor":10,"turns":5},{"damage":5,"enemies":"3 Louse","floor":14,"turns":3},{"damage":0,"enemies":"Slime Boss","floor":16,"turns":8},{"damage":0,"enemies":"Shell Parasite","floor":18,"turns":5},{"damage":4,"enemies":"3 Byrds","floor":21,"turns":3},{"damage":11,"enemies":"Snake Plant","floor":22,"turns":6},{"damage":16,"enemies":"Gremlin Leader","floor":24,"turns":6},{"damage":0,"enemies":"Slavers","floor":28,"turns":10},{"damage":0,"enemies":"Masked Bandits","floor":29,"turns":5},{"damage":0,"enemies":"Shelled Parasite and Fungi","floor":30,"turns":7},{"damage":11,"enemies":"Champ","floor":33,"turns":12},{"damage":0,"enemies":"3 Darklings","floor":35,"turns":4},{"damage":0,"enemies":"3 Shapes","floor":36,"turns":3},{"damage":0,"enemies":"Transient","floor":37,"turns":5},{"damage":0,"enemies":"Jaw Worm Horde","floor":38,"turns":2},{"damage":0,"enemies":"Nemesis","floor":41,"turns":3},{"damage":0,"enemies":"Sphere and 2 Shapes","floor":44,"turns":2},{"damage":1,"enemies":"Giant Head","floor":46,"turns":6},{"damage":1,"enemies":"3 Darklings","floor":48,"turns":3},{"damage":1,"enemies":"Donu and Deca","floor":50,"turns":4},{"damage":1,"enemies":"Shield and Spear","floor":54,"turns":4},{"damage":30,"enemies":"The Heart","floor":55,"turns":14}],"seed_played":"3852283556983606265","potions_obtained":[{"floor":3,"key":"PowerPotion"},{"floor":14,"key":"SteroidPotion"},{"floor":16,"key":"SneckoOil"},{"floor":21,"key":"Energy Potion"},{"floor":24,"key":"SkillPotion"},{"floor":28,"key":"EssenceOfSteel"},{"floor":33,"key":"SkillPotion"}],"is_trial":false,"path_per_floor":["M","$","M","?","M","R","M","E","T","M","$","T","?","M","R","B",null,"M","T","$","M","M","R","E","R","T","R","E","?","M","T","R","B",null,"M","M","M","M","?","R","E","?","T","M","?","E","T","M","R","B",null,"R","$","E","B",null],"character_chosen":"DEFECT","items_purchased":["Trip","Strength Potion","Strength Potion","AttackPotion","Seek","Medical Kit","Swift Potion","Stack","Jack Of All Trades","Gremlin Horn"],"campfire_rested":1,"item_purchase_floors":[2,2,11,11,20,53,53,53,53,53],"current_hp_per_floor":[63,63,62,62,62,62,54,44,44,34,34,34,34,29,29,29,61,61,61,61,57,46,46,30,30,30,51,51,51,58,58,58,54,67,71,71,71,71,71,71,71,71,71,71,67,67,67,67,67,67,67,67,67,67,44],"gold":62,"neow_bonus":"HUNDRED_GOLD","is_prod":false,"is_daily":false,"chose_seed":true,"campfire_upgraded":7,"win_rate":0,"timestamp":1553963225,"path_taken":["M","$","M","?","M","R","M","E","T","M","$","?","?","M","R","BOSS","M","?","$","M","M","R","E","R","T","R","E","?","M","?","R","BOSS","M","M","?","M","?","R","E","?","T","M","?","E","?","M","R","BOSS","R","$","E","BOSS"],"build_version":"2019-01-23","purchased_purges":2,"victory":true,"max_hp_per_floor":[71,71,71,71,71,71,71,71,71,71,71,71,71,71,71,71,71,71,71,71,71,71,71,71,71,71,71,71,71,71,71,71,71,71,71,71,71,71,71,71,71,71,71,71,67,67,67,67,67,67,67,67,67,67,67],"card_choices":[{"not_picked":["Rebound","Streamline"],"picked":"Gash","floor":1},{"not_picked":["Barrage","Reprogram"],"picked":"Beam Cell","floor":3},{"not_picked":["Sweeping Beam","Compile Driver"],"picked":"Gash","floor":5},{"not_picked":["Scrape","Rip and Tear"],"picked":"Defragment","floor":7},{"not_picked":["Chaos","Force Field"],"picked":"Buffer","floor":8},{"not_picked":["Beam Cell","Conserve Battery"],"picked":"Hologram","floor":10},{"not_picked":["Auto Shields","Turbo"],"picked":"Glacier","floor":14},{"not_picked":["Seek","Amplify"],"picked":"Biased Cognition","floor":16},{"not_picked":["Steam","Conserve Battery"],"picked":"Coolheaded+1","floor":18},{"not_picked":["Fusion","Reinforced Body+1"],"picked":"Heatsinks","floor":21},{"not_picked":["Redo","Scrape"],"picked":"BootSequence","floor":22},{"not_picked":["Defragment","Hello World"],"picked":"White Noise","floor":24},{"not_picked":["Sweeping Beam","Thunder Strike","Static Discharge"],"picked":"SKIP","floor":28},{"not_picked":["Conserve Battery","Streamline"],"picked":"Self Repair","floor":29},{"not_picked":["Steam Power","Genetic Algorithm","Steam"],"picked":"SKIP","floor":30},{"not_picked":["Buffer","Machine Learning"],"picked":"Seek","floor":33},{"not_picked":["Beam Cell","Reprogram","Hello World+1"],"picked":"SKIP","floor":35},{"not_picked":["Steam","Hello World"],"picked":"Turbo","floor":36},{"not_picked":["Scrape+1","Lockon","Sunder+1"],"picked":"SKIP","floor":37},{"not_picked":["Ball Lightning","Sweeping Beam+1","Leap+1"],"picked":"SKIP","floor":38},{"not_picked":["Ball Lightning","White Noise"],"picked":"Turbo","floor":41},{"not_picked":["Steam","Gash"],"picked":"Go for the Eyes+1","floor":44},{"not_picked":["Turbo","Glacier"],"picked":"Fission","floor":46},{"not_picked":["Gash","Hello World+1","Turbo","Go for the Eyes"],"picked":"SKIP","floor":48},{"not_picked":["Glacier","Ball Lightning","Melter"],"picked":"Hologram+1","floor":54}],"player_experience":2903184,"relics_obtained":[{"floor":8,"key":"Symbiotic Virus"},{"floor":9,"key":"Omamori"},{"floor":12,"key":"Anchor"},{"floor":17,"key":"Orichalcum"},{"floor":17,"key":"Cables"},{"floor":17,"key":"Dead Branch"},{"floor":19,"key":"Bottled Lightning"},{"floor":24,"key":"Ancient Tea Set"},{"floor":26,"key":"DataDisk"},{"floor":28,"key":"Kunai"},{"floor":29,"key":"Red Mask"},{"floor":31,"key":"Matryoshka"},{"floor":41,"key":"Bag of Preparation"},{"floor":43,"key":"Blue Candle"},{"floor":46,"key":"Pen Nib"},{"floor":47,"key":"PreservedInsect"},{"floor":47,"key":"Question Card"},{"floor":54,"key":"Unceasing Top"}],"event_choices":[{"damage_healed":0,"gold_gain":0,"player_choice":"1 cards matched","damage_taken":0,"max_hp_gain":0,"max_hp_loss":0,"event_name":"Match and Keep!","floor":4,"gold_loss":0,"cards_obtained":["Core Surge"]},{"damage_healed":0,"gold_gain":0,"cards_transformed":["Strike_B"],"player_choice":"Transformed","damage_taken":0,"max_hp_gain":0,"max_hp_loss":0,"event_name":"Transmorgrifier","floor":13,"gold_loss":0,"cards_obtained":["Coolheaded"]},{"damage_healed":0,"gold_gain":0,"player_choice":"Fought Bandits","damage_taken":0,"max_hp_gain":0,"max_hp_loss":0,"event_name":"Masked Bandits","floor":29,"gold_loss":0},{"cards_removed":["Gash"],"damage_healed":0,"gold_gain":0,"player_choice":"Removed Attack","damage_taken":0,"max_hp_gain":0,"max_hp_loss":0,"event_name":"Falling","floor":39,"gold_loss":0},{"damage_healed":0,"gold_gain":222,"player_choice":"Wore Mask","damage_taken":0,"max_hp_gain":0,"max_hp_loss":0,"event_name":"Tomb of Lord Red Mask","floor":42,"gold_loss":0},{"damage_healed":0,"gold_gain":0,"player_choice":"Max HP","damage_taken":0,"max_hp_gain":0,"max_hp_loss":4,"event_name":"Winding Halls","floor":45,"gold_loss":0}],"is_beta":false,"boss_relics":[{"not_picked":["Eternal Feather","Velvet Choker"],"picked":"Calling Bell"},{"not_picked":["Cursed Key","FrozenCore"],"picked":"Pandora\u0027s Box"}],"items_purged_floors":[2,20],"is_endless":false,"potions_floor_spawned":[3,7,14,16,21,24,28,30,33,36,44,46,54],"ascension_level":15}