{"gold_per_floor":[13,30,44,58,58,90,90,118,118,118,138,138,152,152,152,272,272,292,391,410,410,425,425,438,438],"floor_reached":25,"playtime":1501,"items_purged":[],"score":262,"play_id":"86426d07-1d04-4f79-ba9d-7cd059542875","local_time":"20180630020740","is_ascension_mode":true,"campfire_choices":[{"floor":7,"key":"DIG"},{"floor":10,"key":"REST"},{"floor":12,"key":"DIG"},{"floor":15,"key":"DIG"},{"floor":23,"key":"DIG"}],"neow_cost":"NO_GOLD","seed_source_timestamp":1061144670582653,"circlet_count":0,"master_deck":["Defend_G","Defend_G","Defend_G","Defend_G","Defend_G","Strike_G","Strike_G","Strike_G","Strike_G","Strike_G","Survivor","Neutralize","Poisoned Stab","Footwork","Poisoned Stab","Escape Plan","Backflip","After Image","Catalyst","Dodge and Roll","Deflect","Crippling Poison","Leg Sweep","Catalyst+1","Bouncing Flask"],"relics":["Ring of the Snake","Shovel","Gremlin Horn","The Courier","Kunai","Lantern","Bottled Tornado","Mango","Golden Idol","Matryoshka","Orrery","Anchor"],"potions_floor_usage":[11,16,20,22,22,24],"damage_taken":[{"damage":0,"enemies":"Cultist","floor":1,"turns":4},{"damage":3,"enemies":"2 Louse","floor":2,"turns":3},{"damage":1,"enemies":"Small Slimes","floor":3,"turns":4},{"damage":0,"enemies":"Exordium Wildlife","floor":4,"turns":3},{"damage":26,"enemies":"Lagavulin","floor":6,"turns":10},{"damage":21,"enemies":"Gremlin Nob","floor":8,"turns":5},{"damage":2,"enemies":"Exordium Thugs","floor":11,"turns":4},{"damage":0,"enemies":"Red Slaver","floor":13,"turns":5},{"damage":21,"enemies":"The Guardian","floor":16,"turns":15},{"damage":7,"enemies":"Spheric Guardian","floor":18,"turns":6},{"damage":0,"enemies":"3 Byrds","floor":20,"turns":7},{"damage":17,"enemies":"Slaver and Parasite","floor":22,"turns":12},{"damage":9,"enemies":"Sentry and Sphere","floor":24,"turns":9},{"damage":66,"enemies":"Gremlin Leader","floor":25,"turns":6}],"seed_played":"5839270663022364570","potions_obtained":[{"floor":3,"key":"Ancient Potion"},{"floor":8,"key":"Fruit Juice"},{"floor":11,"key":"GhostInAJar"},{"floor":13,"key":"Weak Potion"},{"floor":16,"key":"Weak Potion"},{"floor":18,"key":"Dexterity Potion"},{"floor":22,"key":"Explosive Potion"}],"is_trial":false,"path_per_floor":["M","M","M","M","T","E","R","E","T","R","M","R","M","?","R","B",null,"M","?","M","?","M","R","M"],"character_chosen":"THE_SILENT","items_purchased":[],"campfire_rested":1,"item_purchase_floors":[],"current_hp_per_floor":[70,67,66,66,66,40,40,19,19,40,43,57,57,35,35,14,89,82,82,82,82,65,65,56,0],"gold":438,"neow_bonus":"ONE_RARE_RELIC","is_prod":false,"is_daily":false,"chose_seed":false,"campfire_upgraded":0,"win_rate":0,"timestamp":1530317260,"path_taken":["M","M","M","?","?","E","R","E","T","R","?","R","M","?","R","BOSS","M","?","?","?","M","R","M","E"],"build_version":"2018-06-28","purchased_purges":0,"victory":false,"max_hp_per_floor":[70,70,70,70,70,70,70,70,70,70,75,89,89,89,89,89,89,89,89,89,89,89,89,89,89],"card_choices":[{"not_picked":["Sucker Punch","Acrobatics"],"picked":"Poisoned Stab","floor":1},{"not_picked":["Backflip","Dagger Spray","Reflex"],"picked":"SKIP","floor":2},{"not_picked":["Underhanded Strike","Malaise","Dodge and Roll"],"picked":"SKIP","floor":3},{"not_picked":["Escape Plan","Prepared"],"picked":"Footwork","floor":4},{"not_picked":["Backflip","Malaise"],"picked":"Poisoned Stab","floor":6},{"not_picked":["Dagger Spray","Dodge and Roll"],"picked":"Escape Plan","floor":8},{"not_picked":["Dagger Throw","Sucker Punch","Underhanded Strike"],"picked":"SKIP","floor":11},{"not_picked":["Sucker Punch","Outmaneuver"],"picked":"Backflip","floor":13},{"not_picked":["Burst","Venomology"],"picked":"After Image","floor":16},{"not_picked":["Quick Slash","Flying Knee"],"picked":"Catalyst","floor":17},{"not_picked":["Blade Dance","Infinite Blades"],"picked":"Dodge and Roll","floor":17},{"not_picked":["Underhanded Strike","Bane"],"picked":"Deflect","floor":17},{"not_picked":["Distraction","Malaise"],"picked":"Crippling Poison","floor":17},{"not_picked":["Underhanded Strike","Acrobatics"],"picked":"Leg Sweep","floor":17},{"not_picked":["Wraith Form v2","Blur"],"picked":"Catalyst+1","floor":18},{"not_picked":["PiercingWail+1","Acrobatics"],"picked":"Bouncing Flask","floor":20},{"not_picked":["Flying Knee","Endless Agony","Backflip"],"picked":"SKIP","floor":22},{"not_picked":["Underhanded Strike","Bane","Slice"],"picked":"SKIP","floor":24}],"player_experience":105424,"relics_obtained":[{"floor":5,"key":"Gremlin Horn"},{"floor":6,"key":"The Courier"},{"floor":7,"key":"Kunai"},{"floor":8,"key":"Lantern"},{"floor":9,"key":"Bottled Tornado"},{"floor":12,"key":"Mango"},{"floor":15,"key":"Matryoshka"},{"floor":23,"key":"Anchor"}],"event_choices":[{"event_name":"Golden Idol","player_choice":"Take Damage","floor":14,"damage_taken":0},{"event_name":"Nest","player_choice":"Stole From Cult","floor":19,"damage_taken":0},{"event_name":"Ghosts","player_choice":"Ignored","floor":21,"damage_taken":0}],"boss_relics":[{"not_picked":["Lizard Tail","Snecko Eye"],"picked":"Orrery"}],"items_purged_floors":[],"is_endless":false,"potions_floor_spawned":[3,8,11,13,16,18,22],"killed_by":"Gremlin Leader","ascension_level":2}