{"gold_per_floor":[117,128,128,145,145,145,472,472,472,486,505,518,518,532,532,629,629,649,649,649,669,484,544,544,562,562,562,581,581,597,66,66,171,171,187,198,98,152,172,202,212,280,304,320,320,346,363,363,363,363],"floor_reached":51,"playtime":2851,"items_purged":["Redo","Chaos"],"score":1026,"play_id":"a936756f-3efe-49d4-ae75-4db434ea251e","local_time":"20190125111113","is_ascension_mode":false,"campfire_choices":[{"data":"Darkness","floor":6.0,"key":"SMITH"},{"data":"Buffer","floor":8.0,"key":"SMITH"},{"data":"Redo","floor":13.0,"key":"SMITH"},{"data":"Conserve Battery","floor":15.0,"key":"SMITH"},{"floor":24,"key":"REST"},{"data":"Seek","floor":27,"key":"SMITH"},{"data":"Defragment","floor":29,"key":"SMITH"},{"floor":32,"key":"REST"},{"data":"Coolheaded","floor":45,"key":"SMITH"},{"data":"Multi-Cast","floor":49,"key":"SMITH"}],"neow_cost":"PERCENT_DAMAGE","seed_source_timestamp":0,"circlet_count":0,"master_deck":["Zap+1","Dualcast","Darkness+1","Conserve Battery+1","Ball Lightning+1","Buffer+1","Reinforced Body","Redo+1","Multi-Cast+1","Seek+1","Turbo","BootSequence","Capacitor","Amplify","Lockon+1","Defragment+1","Skim+1","Double Energy+1","Reprogram+1","Fission+1","Force Field+1","Creative AI+1","Coolheaded+1","Undo+1","Thinking Ahead+1"],"special_seed":0,"relics":["Cracked Core","Old Coin","Dodecahedron","Pandora\u0027s Box","Kunai","Shovel","theJungle:Creamberry","Tiny Chest","Whetstone","Chemical X","Meat on the Bone","Busted Crown","FossilizedHelix","Bag of Preparation","Pantograph","Smiling Mask","Boot"],"potions_floor_usage":[33,33,33,40,50],"damage_taken":[{"damage":1.0,"enemies":"Jaw Worm","floor":1.0,"turns":3.0},{"damage":1.0,"enemies":"Cultist","floor":2.0,"turns":4.0},{"damage":0.0,"enemies":"Small Slimes","floor":4.0,"turns":3.0},{"damage":15.0,"enemies":"3 Sentries","floor":7.0,"turns":6.0},{"damage":5.0,"enemies":"Looter","floor":10.0,"turns":3.0},{"damage":1.0,"enemies":"2 Fungi Beasts","floor":11.0,"turns":4.0},{"damage":12.0,"enemies":"Exordium Wildlife","floor":12.0,"turns":3.0},{"damage":0.0,"enemies":"Blue Slaver","floor":14.0,"turns":3.0},{"damage":0.0,"enemies":"The Guardian","floor":16.0,"turns":11.0},{"damage":0.0,"enemies":"theJungle:MUSHROOMGANG","floor":18.0,"turns":4.0},{"damage":46.0,"enemies":"JungleHuntersEvent","floor":19.0,"turns":7.0},{"damage":0.0,"enemies":"Shell Parasite","floor":21.0,"turns":3.0},{"damage":13,"enemies":"theJungle:Cassacara","floor":23,"turns":5},{"damage":1,"enemies":"theJungle:SlimyTreeVines","floor":25,"turns":7},{"damage":14,"enemies":"Snake Plant","floor":28,"turns":3},{"damage":0,"enemies":"theJungle:2_Snecko_Cultists","floor":30,"turns":2},{"damage":0,"enemies":"theJungle:FunGuy","floor":33,"turns":9},{"damage":0,"enemies":"3 Darklings","floor":35,"turns":6},{"damage":0,"enemies":"Orb Walker","floor":36,"turns":3},{"damage":0,"enemies":"2 Orb Walkers","floor":38,"turns":2},{"damage":0,"enemies":"Maw","floor":39,"turns":5},{"damage":9,"enemies":"Reptomancer","floor":40,"turns":7},{"damage":0,"enemies":"Jaw Worm Horde","floor":41,"turns":4},{"damage":0,"enemies":"Spire Growth","floor":44,"turns":2},{"damage":0,"enemies":"Writhing Mass","floor":47,"turns":3},{"damage":0,"enemies":"Awakened One","floor":50,"turns":9}],"seed_played":"-4537442020420790480","potions_obtained":[{"floor":1.0,"key":"LiquidBronze"},{"floor":10.0,"key":"Swift Potion"},{"floor":11.0,"key":"SneckoOil"},{"floor":12.0,"key":"Regen Potion"},{"floor":14.0,"key":"Dexterity Potion"},{"floor":23,"key":"EssenceOfSteel"},{"floor":28,"key":"SkillPotion"},{"floor":33,"key":"Energy Potion"},{"floor":38,"key":"SkillPotion"},{"floor":40,"key":"SkillPotion"},{"floor":41,"key":"SpeedPotion"}],"is_trial":false,"path_per_floor":["M","M","?","M","?","R","E","R","T","M","M","M","R","M","R","B",null,"M","?","?","M","?","E","R","M","T","R","M","R","M","$","R","B",null,"M","M","$","?","M","E","M","T","T","M","R","T","M","?","R","B",null],"character_chosen":"DEFECT","items_purchased":["Chemical X","Meat on the Bone"],"campfire_rested":2,"item_purchase_floors":[31,31],"current_hp_per_floor":[67,66,48,48,53,53,38,38,38,33,32,20,20,29,29,29,94,94,48,38,38,38,25,53,58,58,58,44,44,44,44,72,72,94,94,94,94,94,94,85,85,85,85,85,85,85,85,75,75,94],"gold":363,"neow_bonus":"TWENTY_PERCENT_HP_BONUS","is_prod":false,"is_daily":false,"chose_seed":false,"campfire_upgraded":8,"win_rate":0,"timestamp":1548385873,"path_taken":["M","M","?","M","?","R","E","R","T","M","M","?","R","?","R","BOSS","M","?","?","M","?","E","R","M","T","R","M","R","M","$","R","BOSS","M","M","$","?","M","E","M","?","T","M","R","?","?","?","R","BOSS"],"build_version":"2019-01-23","purchased_purges":2,"victory":true,"max_hp_per_floor":[89,89,89,89,94,94,94,94,94,94,94,94,94,94,94,94,94,94,94,94,94,94,94,94,94,94,94,94,94,94,94,94,94,94,94,94,94,94,94,94,94,94,94,94,94,94,94,94,94,94],"card_choices":[{"not_picked":["White Noise","Undo"],"picked":"Darkness","floor":1.0},{"not_picked":["Capacitor","FTL"],"picked":"Conserve Battery","floor":2.0},{"not_picked":["Aggregate","Streamline"],"picked":"Ball Lightning","floor":4.0},{"not_picked":["Steam","Genetic Algorithm"],"picked":"Buffer","floor":7.0},{"not_picked":["Genetic Algorithm","Scrape","Hologram"],"picked":"SKIP","floor":10.0},{"not_picked":["Conserve Battery","FTL"],"picked":"Reinforced Body","floor":11.0},{"not_picked":["Genetic Algorithm","Sweeping Beam"],"picked":"Redo","floor":12.0},{"not_picked":["Redo","Coolheaded","Steam"],"picked":"SKIP","floor":14.0},{"not_picked":["Biased Cognition","Creative AI"],"picked":"Multi-Cast","floor":16.0},{"not_picked":["Genetic Algorithm","Compile Driver"],"picked":"Defragment","floor":18.0},{"not_picked":["Barrage","Beam Cell+1"],"picked":"Skim+1","floor":21.0},{"not_picked":["Conserve Battery","Cold Snap"],"picked":"Double Energy+1","floor":23},{"not_picked":["Rebound+1","Turbo"],"picked":"Reprogram+1","floor":25},{"not_picked":["Ball Lightning","Sunder+1"],"picked":"Fission+1","floor":28},{"not_picked":["Ball Lightning+1","Stack"],"picked":"Force Field+1","floor":30},{"not_picked":["All For One+1","Core Surge+1"],"picked":"Creative AI+1","floor":33},{"not_picked":["Aggregate+1"],"picked":"SKIP","floor":35},{"not_picked":["Gash"],"picked":"SKIP","floor":36},{"not_picked":[],"picked":"Coolheaded","floor":39},{"not_picked":[],"picked":"Undo+1","floor":40},{"not_picked":["Rip and Tear+1"],"picked":"SKIP","floor":41},{"not_picked":["Doom and Gloom+1"],"picked":"SKIP","floor":44},{"not_picked":["Tempest+1"],"picked":"SKIP","floor":47},{"not_picked":[],"picked":"Thinking Ahead+1","floor":48}],"player_experience":2593702,"relics_obtained":[{"floor":7.0,"key":"Old Coin"},{"floor":9.0,"key":"Dodecahedron"},{"floor":19.0,"key":"Kunai"},{"floor":23,"key":"Tiny Chest"},{"floor":26,"key":"Whetstone"},{"floor":38,"key":"FossilizedHelix"},{"floor":40,"key":"Bag of Preparation"},{"floor":42,"key":"Pantograph"},{"floor":43,"key":"Smiling Mask"},{"floor":46,"key":"Boot"}],"event_choices":[{"damage_healed":0.0,"max_hp_gain":0.0,"max_hp_loss":0.0,"gold_gain":0.0,"event_name":"Shining Light","player_choice":"Entered Light","floor":3.0,"gold_loss":0.0,"damage_taken":18.0,"cards_upgraded":["Strike_B","Zap"]},{"damage_healed":0.0,"max_hp_gain":5.0,"max_hp_loss":0.0,"gold_gain":0.0,"event_name":"Big Fish","player_choice":"Donut","floor":5.0,"gold_loss":0.0,"damage_taken":0.0},{"damage_healed":0,"gold_gain":0,"player_choice":"Fight","damage_taken":0,"max_hp_gain":0,"max_hp_loss":0,"event_name":"Mysterious Sphere","floor":38,"gold_loss":0},{"damage_healed":0,"gold_gain":0,"player_choice":"Memory 3","damage_taken":10,"max_hp_gain":0,"max_hp_loss":0,"event_name":"SensoryStone","floor":48,"gold_loss":0}],"is_beta":false,"boss_relics":[{"not_picked":["Eternal Feather","Astrolabe"],"picked":"Pandora\u0027s Box"},{"not_picked":["Tiny House","Orrery"],"picked":"Busted Crown"}],"items_purged_floors":[31,37],"is_endless":false,"potions_floor_spawned":[1,10,11,12,14,23,28,30,33,38,40,41,47],"ascension_level":0}