{"gold_per_floor":[213,225,225,244,259,290,290,320,368,368],"floor_reached":10,"playtime":498,"items_purged":[],"score":137,"play_id":"9f2102ec-4dad-490a-ba56-5f96f4b5127b","local_time":"20181220183724","is_ascension_mode":true,"campfire_choices":[],"neow_cost":"NONE","seed_source_timestamp":35740120097014,"circlet_count":0,"master_deck":["AscendersBane","Strike_B","Strike_B","Strike_B","Defend_B","Defend_B","Defend_B","Defend_B","Zap","Dualcast","Cold Snap","Leap","Sweeping Beam","Compile Driver","Conserve Battery","Coolheaded"],"special_seed":0,"relics":["Cracked Core","Oddly Smooth Stone","The Courier","Anchor"],"potions_floor_usage":[],"damage_taken":[{"damage":0.0,"enemies":"Cultist","floor":1.0,"turns":3.0},{"damage":5.0,"enemies":"Small Slimes","floor":2.0,"turns":5.0},{"damage":0.0,"enemies":"Jaw Worm","floor":4.0,"turns":5.0},{"damage":8.0,"enemies":"3 Louse","floor":5.0,"turns":3.0},{"damage":5.0,"enemies":"3 Sentries","floor":6.0,"turns":6.0},{"damage":16.0,"enemies":"Gremlin Nob","floor":8.0,"turns":4.0},{"damage":30,"enemies":"3 Sentries","floor":10,"turns":10}],"seed_played":"900565774221076516","potions_obtained":[{"floor":2.0,"key":"AttackPotion"},{"floor":4.0,"key":"Weak Potion"},{"floor":5.0,"key":"Dexterity Potion"}],"is_trial":false,"path_per_floor":["M","M","?","M","M","E","?","E","T","E"],"character_chosen":"DEFECT","items_purchased":[],"campfire_rested":0,"item_purchase_floors":[],"current_hp_per_floor":[64,59,59,59,51,46,46,30,30,0],"gold":368,"neow_bonus":"HUNDRED_GOLD","is_prod":false,"is_daily":false,"chose_seed":false,"campfire_upgraded":0,"win_rate":0,"timestamp":1545359844,"path_taken":["M","M","?","?","M","E","?","E","T","E"],"build_version":"2018-12-20","purchased_purges":0,"victory":false,"max_hp_per_floor":[71,71,71,71,71,71,71,71,71,71],"card_choices":[{"not_picked":["Auto Shields","FTL"],"picked":"Cold Snap","floor":1.0},{"not_picked":["Beam Cell","Hologram"],"picked":"Leap","floor":2.0},{"not_picked":["Redo","Heatsinks"],"picked":"Sweeping Beam","floor":4.0},{"not_picked":["Auto Shields","Gash"],"picked":"Compile Driver","floor":5.0},{"not_picked":["Leap","Machine Learning"],"picked":"Conserve Battery","floor":6.0},{"not_picked":["Gash","Blizzard"],"picked":"Coolheaded","floor":8.0}],"player_experience":1844559,"relics_obtained":[{"floor":6.0,"key":"Oddly Smooth Stone"},{"floor":8.0,"key":"The Courier"},{"floor":9.0,"key":"Anchor"}],"event_choices":[{"cards_removed":["Strike_B"],"damage_healed":0.0,"max_hp_gain":0.0,"max_hp_loss":0.0,"gold_gain":0.0,"event_name":"Purifier","player_choice":"Purged","floor":3.0,"gold_loss":0.0,"damage_taken":0.0},{"damage_healed":0.0,"max_hp_gain":0.0,"max_hp_loss":0.0,"gold_gain":0.0,"event_name":"Liars Game","player_choice":"Ignored","floor":7.0,"gold_loss":0.0,"damage_taken":0.0}],"is_beta":false,"boss_relics":[],"items_purged_floors":[],"is_endless":false,"potions_floor_spawned":[2,4,5],"killed_by":"3 Sentries","ascension_level":15}