{"gold_per_floor":[118,10,10,185,205,205,226,226,283,324,324,47,47,47,47,138,138,161,212,311,311,33,33,62,62,110,110,110,110,110,110,110,184,184,204,204,219,184,0,0,27,39,39,86,97,97,111,125,125,125],"floor_reached":50,"playtime":2365,"items_purged":["Doubt"],"score":884,"play_id":"af04ecc2-39e7-47c0-9ab2-c519c50da850","local_time":"20190126211839","is_ascension_mode":true,"campfire_choices":[{"data":"Footwork","floor":6,"key":"SMITH"},{"data":"Caltrops","floor":8,"key":"SMITH"},{"data":"Neutralize","floor":11,"key":"SMITH"},{"floor":13,"key":"REST"},{"data":"Noxious Fumes","floor":15,"key":"SMITH"},{"data":"Night Terror","floor":23,"key":"SMITH"},{"data":"Dodge and Roll","floor":25,"key":"SMITH"},{"floor":27,"key":"REST"},{"data":"Bouncing Flask","floor":32,"key":"SMITH"},{"data":"Corpse Explosion","floor":40,"key":"SMITH"},{"data":"Survivor","floor":46,"key":"SMITH"},{"data":"Defend_G","floor":49,"key":"SMITH"}],"neow_cost":"NONE","seed_source_timestamp":525233533254953,"circlet_count":0,"master_deck":["AscendersBane","Defend_G+1","Defend_G","Defend_G","Defend_G","Survivor+1","Neutralize+1","Caltrops+1","Footwork+1","Flying Knee","Dagger Throw","Well Laid Plans+1","Noxious Fumes+1","Dodge and Roll+1","Night Terror+1","Prepared+1","Bouncing Flask+1","Necronomicurse","Bite","Bite","Bite","Bite","Corpse Explosion+1","Escape Plan","Dodge and Roll+1","Blur+1","Dodge and Roll+1"],"relics":["Ring of the Snake","Bloody Idol","Tiny Chest","Ancient Tea Set","Oddly Smooth Stone","Matryoshka","Snecko Eye","Bag of Preparation","Bag of Marbles","TwistedFunnel","Question Card","Juzu Bracelet","Necronomicon","Busted Crown","Red Mask","Molten Egg 2","Mummified Hand","Peace Pipe"],"potions_floor_usage":[10,18,33,44,50,50],"damage_taken":[{"damage":0,"enemies":"Small Slimes","floor":1,"turns":3},{"damage":4,"enemies":"Jaw Worm","floor":5,"turns":6},{"damage":0,"enemies":"Cultist","floor":7,"turns":4},{"damage":34,"enemies":"3 Sentries","floor":10,"turns":10},{"damage":3,"enemies":"Slime Boss","floor":16,"turns":12},{"damage":17,"enemies":"Spheric Guardian","floor":18,"turns":6},{"damage":19,"enemies":"Slavers","floor":24,"turns":8},{"damage":16,"enemies":"Champ","floor":33,"turns":14},{"damage":13,"enemies":"Orb Walker","floor":35,"turns":3},{"damage":17,"enemies":"3 Darklings","floor":37,"turns":2},{"damage":42,"enemies":"Giant Head","floor":41,"turns":7},{"damage":11,"enemies":"Sphere and 2 Shapes","floor":42,"turns":4},{"damage":23,"enemies":"2 Orb Walkers","floor":44,"turns":3},{"damage":0,"enemies":"4 Shapes","floor":45,"turns":4},{"damage":8,"enemies":"Spire Growth","floor":47,"turns":5},{"damage":0,"enemies":"Jaw Worm Horde","floor":48,"turns":2},{"damage":85,"enemies":"Awakened One","floor":50,"turns":13}],"seed_played":"-2869976161436323432","potions_obtained":[{"floor":1,"key":"FearPotion"},{"floor":5,"key":"SpeedPotion"},{"floor":18,"key":"LiquidBronze"},{"floor":24,"key":"SneckoOil"},{"floor":41,"key":"AttackPotion"},{"floor":45,"key":"SmokeBomb"},{"floor":47,"key":"Explosive Potion"},{"floor":48,"key":"Weak Potion"}],"is_trial":false,"path_per_floor":["M","$","?","?","M","R","M","R","T","E","R","$","R","T","R","B",null,"M","T","?","?","$","R","E","R","T","R","?","?","?","?","R","B",null,"M","?","M","$","?","R","E","M","T","?","M","R","M","M","R","B"],"character_chosen":"THE_SILENT","items_purchased":["Footwork","Flying Knee","Oddly Smooth Stone","Noxious Fumes","Dodge and Roll","TwistedFunnel","Escape Plan"],"campfire_rested":2,"item_purchase_floors":[2,2,12,12,12,22,38],"current_hp_per_floor":[59,59,43,43,39,39,39,39,39,5,5,5,24,24,24,21,55,38,38,38,38,38,38,24,24,29,48,48,48,32,32,32,63,65,60,60,60,60,60,60,37,43,43,35,46,46,53,64,64,0],"gold":125,"neow_bonus":"REMOVE_CARD","is_prod":false,"is_daily":false,"chose_seed":false,"campfire_upgraded":10,"win_rate":0,"timestamp":1548533919,"path_taken":["M","$","?","?","M","R","M","R","T","E","R","$","R","?","R","BOSS","M","?","?","?","$","R","E","R","T","R","?","?","?","?","R","BOSS","M","?","M","$","?","R","E","M","T","?","M","R","M","M","R","BOSS"],"build_version":"2019-01-23","purchased_purges":1,"victory":false,"max_hp_per_floor":[66,66,66,66,66,66,66,66,66,66,66,66,66,66,66,66,66,66,66,66,66,66,66,66,66,66,66,66,66,66,66,66,66,66,66,66,66,66,66,66,66,66,66,66,66,66,66,66,66,66],"card_choices":[{"not_picked":["Choke","Endless Agony"],"picked":"Caltrops","floor":1},{"not_picked":["Acrobatics","Expertise","Outmaneuver"],"picked":"SKIP","floor":5},{"not_picked":["Quick Slash","Flying Knee"],"picked":"Dagger Throw","floor":7},{"not_picked":["Phantasmal Killer","All Out Attack"],"picked":"Well Laid Plans","floor":10},{"not_picked":["A Thousand Cuts","Doppelganger"],"picked":"Night Terror","floor":16},{"not_picked":["Backflip","Concentrate"],"picked":"Prepared+1","floor":18},{"not_picked":["Blade Dance","Eviscerate","Bane"],"picked":"SKIP","floor":24},{"not_picked":["Malaise","Bullet Time","Die Die Die"],"picked":"Corpse Explosion","floor":33},{"not_picked":["Flechettes","Underhanded Strike"],"picked":"SKIP","floor":35},{"not_picked":["Cloak And Dagger+1","Choke"],"picked":"SKIP","floor":37},{"not_picked":["Grand Finale"],"picked":"Dodge and Roll+1","floor":41},{"not_picked":["Eviscerate+1","Slice+1"],"picked":"SKIP","floor":42},{"not_picked":["Prepared"],"picked":"Blur+1","floor":45},{"not_picked":["Bouncing Flask"],"picked":"Dodge and Roll+1","floor":47},{"not_picked":["Prepared","Distraction"],"picked":"SKIP","floor":48}],"player_experience":478699,"relics_obtained":[{"floor":9,"key":"Tiny Chest"},{"floor":10,"key":"Ancient Tea Set"},{"floor":14,"key":"Matryoshka"},{"floor":19,"key":"Bag of Preparation"},{"floor":19,"key":"Bag of Marbles"},{"floor":24,"key":"Question Card"},{"floor":26,"key":"Juzu Bracelet"},{"floor":26,"key":"Blood Vial"},{"floor":30,"key":"Necronomicon"},{"floor":41,"key":"Molten Egg 2"},{"floor":43,"key":"Mummified Hand"},{"floor":44,"key":"Peace Pipe"}],"event_choices":[{"damage_healed":0,"gold_gain":0,"player_choice":"Take Damage","damage_taken":16,"relics_obtained":["Golden Idol"],"max_hp_gain":0,"max_hp_loss":0,"event_name":"Golden Idol","floor":3,"gold_loss":0},{"damage_healed":0,"gold_gain":175,"player_choice":"AGREE","damage_taken":0,"max_hp_gain":0,"max_hp_loss":0,"event_name":"Liars Game","floor":4,"gold_loss":0,"cards_obtained":["Doubt"]},{"damage_healed":0,"gold_gain":99,"player_choice":"Stole From Cult","damage_taken":0,"max_hp_gain":0,"max_hp_loss":0,"event_name":"Nest","floor":20,"gold_loss":0},{"damage_healed":0,"gold_gain":0,"player_choice":"Gave Idol","damage_taken":0,"relics_obtained":["Bloody Idol"],"max_hp_gain":0,"max_hp_loss":0,"event_name":"Forgotten Altar","floor":21,"relics_lost":["Golden Idol"],"gold_loss":0},{"damage_healed":0,"gold_gain":0,"player_choice":"Upgraded","damage_taken":0,"max_hp_gain":0,"max_hp_loss":0,"event_name":"Upgrade Shrine","floor":28,"gold_loss":0,"cards_upgraded":["Well Laid Plans"]},{"damage_healed":0,"gold_gain":0,"player_choice":"Read","damage_taken":0,"max_hp_gain":0,"max_hp_loss":0,"event_name":"The Library","floor":29,"gold_loss":0,"cards_obtained":["Bouncing Flask"]},{"damage_healed":0,"gold_gain":0,"player_choice":"Obtained Book","damage_taken":16,"max_hp_gain":0,"max_hp_loss":0,"event_name":"Cursed Tome","floor":30,"gold_loss":0},{"damage_healed":0,"gold_gain":0,"player_choice":"Became a vampire (Vial)","damage_taken":0,"max_hp_gain":0,"max_hp_loss":0,"event_name":"Vampires","floor":31,"relics_lost":["Blood Vial"],"gold_loss":0,"cards_obtained":["Bite","Bite","Bite","Bite","Bite"]},{"cards_removed":["Bite"],"damage_healed":0,"gold_gain":0,"player_choice":"Removed Attack","damage_taken":0,"max_hp_gain":0,"max_hp_loss":0,"event_name":"Falling","floor":36,"gold_loss":0},{"damage_healed":0,"gold_gain":0,"player_choice":"Paid","damage_taken":0,"relics_obtained":["Red Mask"],"max_hp_gain":0,"max_hp_loss":0,"event_name":"Tomb of Lord Red Mask","floor":39,"gold_loss":184},{"damage_healed":0,"gold_gain":0,"player_choice":"Fight","damage_taken":0,"max_hp_gain":0,"max_hp_loss":0,"event_name":"Mysterious Sphere","floor":44,"gold_loss":0}],"is_beta":false,"boss_relics":[{"not_picked":["White Beast Statue","Black Star"],"picked":"Snecko Eye"},{"not_picked":["Velvet Choker","Orrery"],"picked":"Busted Crown"}],"items_purged_floors":[22],"is_endless":false,"potions_floor_spawned":[1,5,18,24,41,45,47,48],"killed_by":"Awakened One","ascension_level":14}