{"gold_per_floor":[109,125,125,125,125,158,158,178,205,205,15,48,48,48,48,174,174,189,208,233,233,233,233,246,286,368,392,491,491,171,184,184,305,305,330,330,351,366,366,366,384,384,384,384,407,154,154,194,194,194],"floor_reached":50,"playtime":3074,"items_purged":["Decay"],"score":673,"play_id":"9a5f95a0-03c1-4fad-b260-1d25d2e4d8aa","local_time":"20181126212959","is_ascension_mode":true,"campfire_choices":[{"data":"Perfected Strike","floor":7,"key":"SMITH"},{"data":"Dual Wield","floor":13,"key":"SMITH"},{"data":"Body Slam","floor":15,"key":"SMITH"},{"floor":23,"key":"REST"},{"floor":29,"key":"REST"},{"data":"Spot Weakness","floor":32,"key":"SMITH"},{"floor":40,"key":"REST"},{"floor":42,"key":"REST"},{"data":"Uppercut","floor":44,"key":"SMITH"},{"floor":49,"key":"REST"}],"neow_cost":"NONE","seed_source_timestamp":174031041348759,"circlet_count":0,"master_deck":["Strike_R+1","Strike_R+1","Strike_R+1","Strike_R+1","Strike_R+1","Defend_R+1","Defend_R+1","Defend_R+1","Defend_R+1","Bash+1","Cleave","Dual Wield+1","Perfected Strike+1","Body Slam+1","Evolve","Barricade","Perfected Strike+1","Headbutt+1","Flex","Ghostly","Ghostly","Ghostly","Ghostly","Ghostly","Spot Weakness+1","Inflame","Reaper","Uppercut+1","Headbutt+1","Dropkick+1","Shrug It Off"],"relics":["Burning Blood","Golden Idol","War Paint","Lantern","Lee\u0027s Waffle","Pear","Sozu","Strawberry","Pantograph","Self Forming Clay","Cursed Key","FaceOfCleric","Sundial","Whetstone","Bronze Scales"],"potions_floor_usage":[1,6,8,12,16,16],"damage_taken":[{"damage":15,"enemies":"2 Louse","floor":1,"turns":2},{"damage":15,"enemies":"Small Slimes","floor":2,"turns":3},{"damage":40,"enemies":"Lagavulin","floor":6,"turns":4},{"damage":0,"enemies":"Cultist","floor":8,"turns":2},{"damage":18,"enemies":"Gremlin Nob","floor":12,"turns":3},{"damage":44,"enemies":"Slime Boss","floor":16,"turns":11},{"damage":9,"enemies":"3 Byrds","floor":18,"turns":6},{"damage":38,"enemies":"2 Thieves","floor":19,"turns":4},{"damage":38,"enemies":"3 Cultists","floor":20,"turns":5},{"damage":12,"enemies":"Chosen and Byrds","floor":24,"turns":5},{"damage":13,"enemies":"Gremlin Leader","floor":25,"turns":6},{"damage":5,"enemies":"Centurion and Healer","floor":27,"turns":7},{"damage":3,"enemies":"Snake Plant","floor":31,"turns":4},{"damage":45,"enemies":"Collector","floor":33,"turns":10},{"damage":24,"enemies":"3 Darklings","floor":35,"turns":4},{"damage":1,"enemies":"Orb Walker","floor":37,"turns":3},{"damage":45,"enemies":"Spire Growth","floor":38,"turns":5},{"damage":8,"enemies":"Sphere and 2 Shapes","floor":41,"turns":5},{"damage":2,"enemies":"Jaw Worm Horde","floor":45,"turns":5},{"damage":30,"enemies":"Reptomancer","floor":48,"turns":6},{"damage":108,"enemies":"Donu and Deca","floor":50,"turns":10}],"seed_played":"-1745000319938866205","potions_obtained":[{"floor":0,"key":"LiquidBronze"},{"floor":0,"key":"FairyPotion"},{"floor":0,"key":"PowerPotion"},{"floor":2,"key":"Explosive Potion"},{"floor":6,"key":"Fire Potion"},{"floor":8,"key":"SteroidPotion"},{"floor":12,"key":"Poison Potion"}],"is_trial":false,"path_per_floor":["M","M","?","?","?","E","R","M","T","?","$","E","R","?","R","B",null,"M","M","M","?","?","R","M","E","T","M","?","R","$","M","R","B",null,"M","?","M","M","?","R","M","R","T","R","M","$","?","E","R","B"],"character_chosen":"IRONCLAD","items_purchased":["Lee\u0027s Waffle","Inflame","Self Forming Clay","Whetstone","Shrug It Off"],"campfire_rested":5,"item_purchase_floors":[11,30,30,46,46],"current_hp_per_floor":[71,62,62,62,62,28,28,34,34,34,87,85,85,76,76,38,82,79,47,15,15,15,29,23,23,23,24,24,40,40,43,43,16,45,39,39,45,13,13,30,29,46,46,46,51,51,51,36,54,0],"gold":194,"neow_bonus":"THREE_SMALL_POTIONS","is_prod":false,"is_daily":false,"chose_seed":false,"campfire_upgraded":5,"win_rate":0,"timestamp":1543285799,"path_taken":["M","M","?","?","?","E","R","?","T","?","?","E","R","?","R","BOSS","M","M","?","?","?","R","M","E","T","M","?","R","$","M","R","BOSS","M","?","M","?","?","R","M","R","T","R","M","$","?","E","R","BOSS"],"build_version":"2018-11-15","purchased_purges":1,"victory":false,"max_hp_per_floor":[80,80,80,80,80,80,80,80,80,80,87,97,97,97,97,97,97,97,97,97,97,48,48,48,55,55,55,55,55,55,55,55,55,55,55,55,56,57,57,57,58,58,58,58,59,59,59,60,60,60],"card_choices":[{"not_picked":["Flex","Iron Wave"],"picked":"Cleave","floor":1},{"not_picked":["Power Through","Evolve"],"picked":"Dual Wield","floor":2},{"not_picked":["Cleave","Anger"],"picked":"Perfected Strike","floor":6},{"not_picked":["Power Through","Whirlwind"],"picked":"Body Slam","floor":8},{"not_picked":["Reckless Charge","Body Slam"],"picked":"Evolve","floor":12},{"not_picked":["Bludgeon","Feed"],"picked":"Barricade","floor":16},{"not_picked":["Armaments","Rampage+1"],"picked":"Perfected Strike","floor":18},{"not_picked":["Armaments","Clash"],"picked":"Headbutt+1","floor":19},{"not_picked":["Sever Soul","Feel No Pain+1"],"picked":"Flex","floor":20},{"not_picked":["Warcry","Fire Breathing","Thunderclap"],"picked":"SKIP","floor":24},{"not_picked":["Body Slam","Armaments"],"picked":"Infernal Blade+1","floor":25},{"not_picked":["Wild Strike","Pommel Strike"],"picked":"Spot Weakness","floor":27},{"not_picked":["Warcry","Havoc+1","Clothesline"],"picked":"SKIP","floor":31},{"not_picked":["Limit Break","Dark Embrace"],"picked":"Reaper","floor":33},{"not_picked":["Clothesline+1","Metallicize"],"picked":"Uppercut","floor":35},{"not_picked":["Cleave","Evolve+1"],"picked":"Headbutt+1","floor":37},{"not_picked":["Warcry+1","Corruption+1"],"picked":"Dropkick+1","floor":38},{"not_picked":["Body Slam+1","Headbutt","Metallicize"],"picked":"SKIP","floor":41},{"not_picked":["Pummel","Body Slam+1","Bloodletting+1"],"picked":"SKIP","floor":45},{"not_picked":["Anger","Intimidate","Evolve+1"],"picked":"SKIP","floor":48}],"player_experience":176151,"relics_obtained":[{"floor":6,"key":"War Paint"},{"floor":9,"key":"Lantern"},{"floor":12,"key":"Pear"},{"floor":25,"key":"Strawberry"},{"floor":26,"key":"Pantograph"},{"floor":43,"key":"Sundial"},{"floor":48,"key":"Bronze Scales"}],"event_choices":[{"damage_healed":0,"gold_gain":0,"player_choice":"Ignored","damage_taken":0,"max_hp_gain":0,"max_hp_loss":0,"event_name":"Golden Wing","floor":3,"gold_loss":0},{"damage_healed":0,"gold_gain":0,"player_choice":"Take Wound","damage_taken":0,"relics_obtained":["Golden Idol"],"max_hp_gain":0,"max_hp_loss":0,"event_name":"Golden Idol","floor":4,"gold_loss":0,"cards_obtained":["Injury"]},{"damage_healed":0,"gold_gain":0,"player_choice":"0 cards matched","damage_taken":0,"max_hp_gain":0,"max_hp_loss":0,"event_name":"Match and Keep!","floor":5,"gold_loss":0,"cards_obtained":[]},{"cards_removed":["Injury"],"damage_healed":0,"gold_gain":0,"player_choice":"Removed Curses","damage_taken":0,"max_hp_gain":0,"max_hp_loss":0,"event_name":"Fountain of Cleansing","floor":10,"gold_loss":0},{"damage_healed":0,"gold_gain":0,"player_choice":"Damaged","damage_taken":9,"max_hp_gain":0,"max_hp_loss":0,"event_name":"Wheel of Change","floor":14,"gold_loss":0},{"damage_healed":0,"gold_gain":0,"player_choice":"Simplicity","damage_taken":0,"max_hp_gain":0,"max_hp_loss":0,"event_name":"Back to Basics","floor":21,"gold_loss":0,"cards_upgraded":["Strike_R","Strike_R","Strike_R","Strike_R","Strike_R","Defend_R","Defend_R"]},{"damage_healed":0,"gold_gain":0,"player_choice":"Became a Ghost","damage_taken":0,"max_hp_gain":0,"max_hp_loss":49,"event_name":"Ghosts","floor":22,"gold_loss":0,"cards_obtained":["Ghostly","Ghostly","Ghostly","Ghostly","Ghostly"]},{"damage_healed":0,"gold_gain":99,"player_choice":"Stole From Cult","damage_taken":0,"max_hp_gain":0,"max_hp_loss":0,"event_name":"Nest","floor":28,"gold_loss":0},{"damage_healed":0,"gold_gain":0,"player_choice":"Trade","damage_taken":0,"relics_obtained":["FaceOfCleric"],"max_hp_gain":0,"max_hp_loss":0,"event_name":"FaceTrader","floor":36,"gold_loss":0},{"damage_healed":0,"gold_gain":0,"player_choice":"Ignored","damage_taken":0,"max_hp_gain":0,"max_hp_loss":0,"event_name":"Tomb of Lord Red Mask","floor":39,"gold_loss":0},{"cards_removed":["Infernal Blade"],"damage_healed":0,"gold_gain":0,"player_choice":"Removed Skill","damage_taken":0,"max_hp_gain":0,"max_hp_loss":0,"event_name":"Falling","floor":47,"gold_loss":0}],"is_beta":false,"boss_relics":[{"not_picked":["Eternal Feather","Lizard Tail"],"picked":"Sozu"},{"not_picked":["Orrery","White Beast Statue"],"picked":"Cursed Key"}],"items_purged_floors":[46],"is_endless":false,"potions_floor_spawned":[2,6,8,12,20,24,27,33,37,38,41,48],"killed_by":"Donu and Deca","ascension_level":5}