{"gold_per_floor":[116,391,97,97,109,109,109,109,109,147,18,39,52,65,65,191,191,207,207],"floor_reached":19,"playtime":676,"items_purged":["Regret"],"score":296,"play_id":"3a5bd9e6-1bfe-41e0-af0c-a50ba967f0b1","local_time":"20180822225032","is_ascension_mode":true,"campfire_choices":[{"data":"Zap","floor":6,"key":"SMITH"},{"data":"Storm","floor":8,"key":"SMITH"},{"data":"Defragment","floor":15,"key":"SMITH"}],"neow_cost":"NONE","seed_source_timestamp":276532471373497,"circlet_count":0,"master_deck":["Strike_B","Strike_B","Strike_B","Strike_B","Defend_B","Defend_B","Defend_B","Defend_B","Zap+1","Dualcast","Storm+1","Hello World","Steam","Defragment+1","Capacitor","Discovery","Loop","Steam","Creative AI","Steam"],"relics":["Cracked Core","Ancient Tea Set","Oddly Smooth Stone","FaceOfCleric","Golden Idol","Pantograph","Mango","Philosopher\u0027s Stone"],"potions_floor_usage":[10,18,18],"damage_taken":[{"damage":7,"enemies":"Jaw Worm","floor":1,"turns":4},{"damage":0,"enemies":"Cultist","floor":5,"turns":3},{"damage":8,"enemies":"3 Sentries","floor":10,"turns":5},{"damage":0,"enemies":"Small Slimes","floor":12,"turns":4},{"damage":1,"enemies":"3 Louse","floor":13,"turns":3},{"damage":7,"enemies":"Blue Slaver","floor":14,"turns":3},{"damage":0,"enemies":"The Guardian","floor":16,"turns":7},{"damage":89,"enemies":"3 Byrds","floor":18,"turns":3},{"damage":10,"floor":19,"turns":1}],"seed_played":"7609040901827375949","potions_obtained":[{"floor":1,"key":"PowerPotion"},{"floor":13,"key":"Energy Potion"},{"floor":14,"key":"AttackPotion"}],"is_trial":false,"path_per_floor":["M","?","$","?","M","R","?","R","T","E","$","M","M","M","R","B",null,"M"],"character_chosen":"DEFECT","items_purchased":["Hello World","Oddly Smooth Stone","Capacitor","Discovery"],"campfire_rested":0,"item_purchase_floors":[3,3,11,11],"current_hp_per_floor":[68,68,68,68,69,69,50,50,50,57,57,58,58,52,52,78,91,3,0],"gold":207,"neow_bonus":"RANDOM_COMMON_RELIC","is_prod":false,"is_daily":false,"chose_seed":false,"campfire_upgraded":3,"win_rate":0,"timestamp":1534971032,"path_taken":["M","?","$","?","M","R","?","R","T","E","?","M","M","M","R","BOSS","M","?"],"build_version":"2018-08-16","purchased_purges":1,"victory":false,"max_hp_per_floor":[75,75,75,75,76,76,76,76,76,91,91,92,93,94,94,95,95,96,96],"card_choices":[{"not_picked":["Doom and Gloom","Melter"],"picked":"Storm","floor":1},{"not_picked":["Rip and Tear","Leap"],"picked":"Steam","floor":5},{"not_picked":["Capacitor","Reinforced Body"],"picked":"Defragment","floor":10},{"not_picked":["Streamline","Recycle","Compile Driver"],"picked":"SKIP","floor":12},{"not_picked":["Gash","Glacier"],"picked":"Loop","floor":13},{"not_picked":["Gash","Cold Snap"],"picked":"Steam","floor":14},{"not_picked":["Core Surge","Reboot"],"picked":"Creative AI","floor":16},{"not_picked":["Hologram","Chaos+1"],"picked":"Steam","floor":18}],"player_experience":251835,"relics_obtained":[{"floor":9,"key":"Pantograph"},{"floor":10,"key":"Mango"}],"event_choices":[{"event_name":"Golden Shrine","player_choice":"Desecrate","floor":2,"damage_taken":0},{"event_name":"FaceTrader","player_choice":"Trade","floor":4,"damage_taken":0},{"event_name":"Golden Idol","player_choice":"Take Damage","floor":7,"damage_taken":0},{"event_name":"Masked Bandits","player_choice":"Fought Bandits","floor":19,"damage_taken":0}],"is_beta":false,"boss_relics":[{"not_picked":["White Beast Statue","Empty Cage"],"picked":"Philosopher\u0027s Stone"}],"items_purged_floors":[3],"is_endless":false,"potions_floor_spawned":[1,13,14],"ascension_level":5}