{"gold_per_floor":[14,27,27,27,37,37,37,37,60,60,78,97,117,117,117,193,193,208,226,240,258,173,173,173,21,21,21,41,54,54,69,69,143,143,163,163,1162,1162,1181,1181,770,68,68,83,108,126,161,181,181,181,181],"floor_reached":52,"playtime":2504,"items_purged":["Decay","Normality","Normality"],"score":2187,"play_id":"a7ddace5-e3b9-4664-8215-0a1a41a37a66","local_time":"20190310003953","is_ascension_mode":true,"campfire_choices":[{"data":"Auto Shields","floor":6.0,"key":"SMITH"},{"floor":8.0,"key":"REST"},{"data":"Cold Snap","floor":10.0,"key":"SMITH"},{"data":"Conserve Battery","floor":15.0,"key":"SMITH"},{"floor":23.0,"key":"REST"},{"data":"Biased Cognition","floor":30.0,"key":"SMITH"},{"data":"Biased Cognition","floor":32.0,"key":"SMITH"},{"data":"Discovery","floor":40.0,"key":"SMITH"},{"data":"Amplify","floor":49.0,"key":"SMITH"}],"neow_cost":"NO_GOLD","seed_source_timestamp":0,"circlet_count":0,"master_deck":["AscendersBane","Strike_B","Strike_B","Strike_B","Defend_B","Defend_B","Defend_B","Defend_B","Zap+1","Dualcast+1","Electrodynamics+1","Auto Shields+1","Cold Snap+1","Barrage","Conserve Battery+1","Biased Cognition+1","Hello World","Skim","Biased Cognition+1","Self Repair","Go for the Eyes+1","White Noise","Amplify+1","Recycle+1","Discovery+1","Impatience","Defragment","Double Energy","Glacier","Chill","White Noise"],"special_seed":0,"relics":["Cracked Core","Boot","Cursed Key","Lantern","Nuclear Battery","Runic Capacitor","Cables","Toolbox","Letter Opener","Mummified Hand"],"potions_floor_usage":[51],"damage_taken":[{"damage":6.0,"enemies":"Cultist","floor":1.0,"turns":3.0},{"damage":8.0,"enemies":"Small Slimes","floor":2.0,"turns":3.0},{"damage":0.0,"enemies":"Jaw Worm","floor":5.0,"turns":3.0},{"damage":20.0,"enemies":"Gremlin Gang","floor":11.0,"turns":2.0},{"damage":9.0,"enemies":"3 Louse","floor":12.0,"turns":2.0},{"damage":5.0,"enemies":"Exordium Wildlife","floor":13.0,"turns":3.0},{"damage":0.0,"enemies":"The Guardian","floor":16.0,"turns":13.0},{"damage":17.0,"enemies":"Shell Parasite","floor":18.0,"turns":5.0},{"damage":4.0,"enemies":"Spheric Guardian","floor":19.0,"turns":4.0},{"damage":17.0,"enemies":"Centurion and Healer","floor":20.0,"turns":6.0},{"damage":13.0,"enemies":"Snake Plant","floor":21.0,"turns":4.0},{"damage":12.0,"enemies":"3 Cultists","floor":28.0,"turns":4.0},{"damage":5.0,"enemies":"Centurion and Healer","floor":29.0,"turns":4.0},{"damage":13.0,"enemies":"Cultist and Chosen","floor":31.0,"turns":4.0},{"damage":16.0,"enemies":"Automaton","floor":33.0,"turns":6.0},{"damage":2.0,"enemies":"3 Shapes","floor":35.0,"turns":4.0},{"damage":7.0,"enemies":"Orb Walker","floor":39.0,"turns":3.0},{"damage":19.0,"enemies":"Jaw Worm Horde","floor":44.0,"turns":2.0},{"damage":9.0,"enemies":"Nemesis","floor":45.0,"turns":5.0},{"damage":3.0,"enemies":"Writhing Mass","floor":46.0,"turns":3.0},{"damage":18.0,"enemies":"Reptomancer","floor":47.0,"turns":7.0},{"damage":18.0,"enemies":"Maw","floor":48.0,"turns":6.0},{"damage":0.0,"enemies":"Donu and Deca","floor":50.0,"turns":5.0},{"damage":0,"enemies":"Awakened One","floor":51,"turns":5}],"seed_played":"8753901870340028661","potions_obtained":[{"floor":1.0,"key":"Fruit Juice"},{"floor":12.0,"key":"GamblersBrew"},{"floor":13.0,"key":"LiquidBronze"},{"floor":14.0,"key":"PowerPotion"},{"floor":18.0,"key":"Block Potion"},{"floor":20.0,"key":"Fire Potion"},{"floor":28.0,"key":"PowerPotion"},{"floor":39.0,"key":"Strength Potion"},{"floor":46.0,"key":"FearPotion"}],"is_trial":false,"path_per_floor":["M","M","?","$","M","R","?","R","T","R","M","M","M","?","R","B",null,"M","M","M","M","?","R","?","$","T","?","M","M","R","M","R","B",null,"M","?","?","?","M","R","$","$","T","M","E","M","E","M","R","B","B",null],"character_chosen":"DEFECT","items_purchased":["Biased Cognition","Runic Capacitor","Defragment","Cables","Double Energy","Toolbox"],"campfire_rested":2,"item_purchase_floors":[25,41,41,42,42,42],"current_hp_per_floor":[63,55,32,32,32,32,32,54,54,54,34,25,20,20,20,20,62,45,41,24,11,11,33,33,33,33,33,28,30,30,24,24,15,61,73,63,63,63,63,63,63,63,63,58,56,60,49,51,51,58,65],"gold":181,"neow_bonus":"THREE_RARE_CARDS","is_prod":false,"is_daily":false,"chose_seed":true,"campfire_upgraded":7,"win_rate":0,"timestamp":1552149593,"path_taken":["M","?","?","$","M","R","?","R","T","R","M","M","?","?","R","BOSS","M","?","M","M","?","R","?","$","T","?","M","M","R","M","R","BOSS","M","?","?","?","M","R","?","$","T","M","E","?","E","M","R","BOSS","BOSS"],"build_version":"2019-01-23","purchased_purges":3,"victory":true,"max_hp_per_floor":[76,76,76,76,76,76,76,76,76,76,76,76,76,76,76,76,76,76,76,76,76,76,76,76,76,76,76,76,76,76,76,76,76,76,76,76,76,76,76,76,76,76,76,76,76,76,76,76,76,76,76],"card_choices":[{"not_picked":["All For One","Hyperbeam"],"picked":"Electrodynamics","floor":0.0},{"not_picked":["Skim","Blizzard"],"picked":"Auto Shields","floor":1.0},{"not_picked":["Hologram","Leap","Stack"],"picked":"SKIP","floor":2.0},{"not_picked":["FTL","Steam"],"picked":"Cold Snap","floor":5.0},{"not_picked":["Force Field","Hologram"],"picked":"Barrage","floor":11.0},{"not_picked":["Sunder","Redo"],"picked":"Conserve Battery","floor":12.0},{"not_picked":["Reprogram","Darkness","Beam Cell"],"picked":"SKIP","floor":13.0},{"not_picked":["Seek","Fission"],"picked":"Biased Cognition","floor":16.0},{"not_picked":["Go for the Eyes","Gash"],"picked":"Hello World","floor":18.0},{"not_picked":["Redo","Genetic Algorithm","Beam Cell"],"picked":"SKIP","floor":19.0},{"not_picked":["Tempest+1","Leap+1"],"picked":"Skim","floor":20.0},{"not_picked":["Beam Cell","Redo+1","Hologram"],"picked":"SKIP","floor":21.0},{"not_picked":["Compile Driver+1","Beam Cell"],"picked":"Go for the Eyes+1","floor":28.0},{"not_picked":["Stack","Compile Driver","Conserve Battery"],"picked":"SKIP","floor":29.0},{"not_picked":["Gash","Sweeping Beam"],"picked":"White Noise","floor":31.0},{"not_picked":["Biased Cognition","Hyperbeam"],"picked":"Amplify","floor":33.0},{"not_picked":["Rip and Tear","Gash"],"picked":"Recycle+1","floor":35.0},{"not_picked":["Mind Blast","Sadistic Nature"],"picked":"Discovery","floor":36.0},{"not_picked":["Secret Weapon","Dramatic Entrance"],"picked":"Impatience","floor":36.0},{"not_picked":["FTL+1","Conserve Battery+1","Rebound"],"picked":"SKIP","floor":39.0},{"not_picked":["Consume","Beam Cell"],"picked":"Glacier","floor":44.0},{"not_picked":["Machine Learning","Beam Cell"],"picked":"Chill","floor":45.0},{"not_picked":["Go for the Eyes","Auto Shields","Coolheaded"],"picked":"SKIP","floor":46.0},{"not_picked":["Coolheaded","Electrodynamics","Sweeping Beam"],"picked":"SKIP","floor":47.0},{"not_picked":["Coolheaded","Electrodynamics","Sweeping Beam"],"picked":"SKIP","floor":47.0},{"not_picked":["Coolheaded","Tempest+1"],"picked":"White Noise","floor":48.0}],"player_experience":2773610,"relics_obtained":[{"floor":9.0,"key":"Boot"},{"floor":45.0,"key":"Letter Opener"},{"floor":47.0,"key":"Mummified Hand"}],"event_choices":[{"damage_healed":0.0,"max_hp_gain":0.0,"max_hp_loss":0.0,"gold_gain":0.0,"event_name":"Shining Light","player_choice":"Entered Light","floor":3.0,"gold_loss":0.0,"damage_taken":23.0,"cards_upgraded":["Electrodynamics","Dualcast"]},{"damage_healed":0.0,"max_hp_gain":0.0,"max_hp_loss":0.0,"gold_gain":0.0,"event_name":"Upgrade Shrine","player_choice":"Upgraded","floor":7.0,"gold_loss":0.0,"damage_taken":0.0,"cards_upgraded":["Zap"]},{"damage_healed":0.0,"max_hp_gain":0.0,"max_hp_loss":0.0,"gold_gain":0.0,"event_name":"Lab","player_choice":"Got Potions","floor":14.0,"gold_loss":0.0,"damage_taken":0.0},{"damage_healed":0.0,"max_hp_gain":0.0,"max_hp_loss":0.0,"gold_gain":0.0,"event_name":"Addict","player_choice":"Obtained Relic","floor":22.0,"gold_loss":85.0,"damage_taken":0.0,"relics_obtained":["Lantern"]},{"damage_healed":0.0,"max_hp_gain":0.0,"max_hp_loss":0.0,"gold_gain":0.0,"event_name":"Forgotten Altar","player_choice":"Smashed Altar","floor":24.0,"gold_loss":0.0,"damage_taken":0.0,"cards_obtained":["Decay"]},{"damage_healed":0.0,"max_hp_gain":0.0,"max_hp_loss":0.0,"gold_gain":0.0,"event_name":"The Library","player_choice":"Read","floor":27.0,"gold_loss":0.0,"damage_taken":0.0,"cards_obtained":["Self Repair"]},{"damage_healed":0.0,"max_hp_gain":0.0,"max_hp_loss":0.0,"gold_gain":0.0,"event_name":"SensoryStone","player_choice":"Memory 3","floor":36.0,"gold_loss":0.0,"damage_taken":10.0},{"damage_healed":0.0,"max_hp_gain":0.0,"max_hp_loss":0.0,"gold_gain":999.0,"event_name":"MindBloom","player_choice":"Gold","floor":37.0,"gold_loss":0.0,"damage_taken":0.0,"cards_obtained":["Normality","Normality"]},{"cards_removed":["Strike_B"],"damage_healed":0.0,"max_hp_gain":0.0,"max_hp_loss":0.0,"gold_gain":0.0,"event_name":"Falling","player_choice":"Removed Attack","floor":38.0,"gold_loss":0.0,"damage_taken":0.0}],"is_beta":false,"boss_relics":[{"not_picked":["Black Star","Velvet Choker"],"picked":"Cursed Key"},{"not_picked":["Inserter","Tiny House"],"picked":"Nuclear Battery"}],"items_purged_floors":[25,41,42],"is_endless":false,"potions_floor_spawned":[1,12,13,18,20,28,31,39,46,48],"ascension_level":20}