{"gold_per_floor":[15,15,40,40,59,93,93,129,129,172,187,206,221,58,58,157,157,140,160,160,160,3,36,36,72,125,149,190,203,238,288,288,381,381,404,418,418,491,491,491,526,526,598,613,613,647,666,716,716,716,716,716,716,42,73,73],"floor_reached":56,"playtime":3582,"items_purged":[],"score":2231,"play_id":"8d38db33-bf75-4ab5-ab66-e731aee2cc16","local_time":"20190407202517","is_ascension_mode":true,"campfire_choices":[{"data":"Deadly Poison","floor":7.0,"key":"SMITH"},{"data":"Neutralize","floor":15.0,"key":"SMITH"},{"data":"Burst","floor":24.0,"key":"SMITH"},{"data":"Terror","floor":32.0,"key":"SMITH"},{"data":"Envenom","floor":40.0,"key":"SMITH"},{"data":"Tactician","floor":42.0,"key":"SMITH"},{"data":"Well Laid Plans","floor":45.0,"key":"SMITH"},{"floor":49.0,"key":"RECALL"},{"data":"Backflip","floor":53.0,"key":"SMITH"}],"neow_cost":"NO_GOLD","seed_source_timestamp":27445049015500,"circlet_count":0,"master_deck":["AscendersBane","Defend_G","Defend_G","Defend_G","Defend_G","Defend_G","Strike_G","Strike_G","Strike_G","Strike_G","Survivor","Neutralize+1","Deadly Poison+1","Heel Hook","Leg Sweep","Tactician+1","Dash","Burst+1","Backflip+1","Infinite Blades","Terror+1","Blade Dance+1","Envenom+1","Acrobatics+1","Concentrate+1","After Image","Well Laid Plans+1"],"special_seed":0,"relics":["Ring of the Snake","Unceasing Top","Golden Idol","Pocketwatch","Kunai","Torii","PreservedInsect","Sozu","Bag of Preparation","Meat on the Bone","Snake Skull","Tiny Chest","Molten Egg 2","Vajra","Orrery","Darkstone Periapt","Bronze Scales","Question Card","Art of War","Calipers","FossilizedHelix","Lantern"],"potions_floor_usage":[],"damage_taken":[{"damage":0.0,"enemies":"2 Louse","floor":1.0,"turns":5.0},{"damage":1.0,"enemies":"Jaw Worm","floor":3.0,"turns":6.0},{"damage":1.0,"enemies":"Cultist","floor":5.0,"turns":4.0},{"damage":8.0,"enemies":"Lagavulin","floor":6.0,"turns":9.0},{"damage":44.0,"enemies":"Gremlin Nob","floor":8.0,"turns":5.0},{"damage":0.0,"enemies":"3 Sentries","floor":10.0,"turns":10.0},{"damage":0.0,"enemies":"Gremlin Gang","floor":11.0,"turns":3.0},{"damage":0.0,"enemies":"Blue Slaver","floor":12.0,"turns":3.0},{"damage":1.0,"enemies":"Red Slaver","floor":13.0,"turns":4.0},{"damage":0.0,"enemies":"Hexaghost","floor":16.0,"turns":9.0},{"damage":1.0,"enemies":"2 Thieves","floor":18.0,"turns":4.0},{"damage":0.0,"enemies":"Chosen","floor":19.0,"turns":7.0},{"damage":3.0,"enemies":"Book of Stabbing","floor":23.0,"turns":5.0},{"damage":28.0,"enemies":"Slavers","floor":25.0,"turns":7.0},{"damage":0.0,"enemies":"Sentry and Sphere","floor":27.0,"turns":4.0},{"damage":4.0,"enemies":"Book of Stabbing","floor":28.0,"turns":6.0},{"damage":2.0,"enemies":"Snecko","floor":29.0,"turns":5.0},{"damage":0.0,"enemies":"Gremlin Leader","floor":30.0,"turns":6.0},{"damage":23.0,"enemies":"Champ","floor":33.0,"turns":19.0},{"damage":21.0,"enemies":"3 Darklings","floor":35.0,"turns":9.0},{"damage":9.0,"enemies":"Orb Walker","floor":36.0,"turns":3.0},{"damage":17.0,"enemies":"Giant Head","floor":41.0,"turns":7.0},{"damage":9.0,"enemies":"Sphere and 2 Shapes","floor":44.0,"turns":7.0},{"damage":3.0,"enemies":"Reptomancer","floor":46.0,"turns":7.0},{"damage":0.0,"enemies":"Transient","floor":47.0,"turns":6.0},{"damage":13.0,"enemies":"Awakened One","floor":50.0,"turns":14.0},{"damage":2.0,"enemies":"Donu and Deca","floor":51.0,"turns":14.0},{"damage":48.0,"enemies":"Shield and Spear","floor":55.0,"turns":6.0},{"damage":12,"enemies":"The Heart","floor":56,"turns":3}],"seed_played":"969698031645349604","potions_obtained":[{"floor":5.0,"key":"Energy Potion"},{"floor":10.0,"key":"AttackPotion"},{"floor":11.0,"key":"Weak Potion"},{"floor":12.0,"key":"Strength Potion"}],"is_trial":false,"path_per_floor":["M","?","M","?","M","E","R","E","T","E","M","M","M","$","R","B",null,"M","M","?","?","$","E","R","E","T","M","E","M","E","?","R","B",null,"M","M","?","T","?","R","E","R","T","M","R","E","M","?","R","B","B",null,"R","$","E","B"],"character_chosen":"THE_SILENT","items_purchased":["PreservedInsect","Bag of Preparation","Calipers","FossilizedHelix"],"campfire_rested":0,"item_purchase_floors":[14,22,54,54],"current_hp_per_floor":[59,59,58,58,57,49,49,5,5,5,5,5,4,4,4,4,46,45,45,45,70,70,67,67,39,39,39,47,45,45,45,45,34,61,40,43,43,43,43,43,38,38,38,41,41,38,38,31,31,30,40,63,63,63,27,15],"gold":73,"neow_bonus":"ONE_RARE_RELIC","is_prod":false,"is_daily":false,"chose_seed":false,"campfire_upgraded":8,"win_rate":0,"timestamp":1554639917,"path_taken":["M","?","M","?","M","E","R","E","T","E","M","?","?","$","R","BOSS","M","M","?","?","$","E","R","E","T","?","E","M","E","?","R","BOSS","M","?","?","?","?","R","E","R","T","M","R","E","?","?","R","BOSS","BOSS","R","$","E","BOSS"],"build_version":"2019-04-04","purchased_purges":0,"victory":false,"max_hp_per_floor":[66,60,60,60,60,60,60,60,60,60,60,60,60,60,60,60,60,60,60,60,70,70,70,70,70,70,70,70,70,70,70,70,70,70,70,70,70,70,70,70,70,70,70,70,70,70,70,70,70,70,70,70,70,70,70,70],"card_choices":[{"not_picked":["Prepared","Sucker Punch","Eviscerate"],"picked":"SKIP","floor":1.0},{"not_picked":["Heel Hook","Well Laid Plans"],"picked":"Deadly Poison","floor":3.0},{"not_picked":["Prepared","Backflip"],"picked":"Leg Sweep","floor":5.0},{"not_picked":["Expertise","Underhanded Strike"],"picked":"Tactician","floor":6.0},{"not_picked":["Backflip","Wraith Form v2"],"picked":"Dash","floor":8.0},{"not_picked":["Deadly Poison","Blade Dance"],"picked":"Burst","floor":10.0},{"not_picked":["Distraction","Tactician"],"picked":"Backflip","floor":11.0},{"not_picked":["Deflect","Underhanded Strike","Backflip"],"picked":"SKIP","floor":12.0},{"not_picked":["Deflect","Underhanded Strike","Backflip"],"picked":"SKIP","floor":12.0},{"not_picked":["Prepared","Accuracy"],"picked":"Infinite Blades","floor":13.0},{"not_picked":["Storm of Steel","Doppelganger"],"picked":"A Thousand Cuts","floor":16.0},{"not_picked":["All Out Attack","Outmaneuver","Dodge and Roll"],"picked":"SKIP","floor":18.0},{"not_picked":["Underhanded Strike+1","Prepared","Riddle With Holes"],"picked":"SKIP","floor":19.0},{"not_picked":["Predator","Slice+1"],"picked":"Terror","floor":23.0},{"not_picked":["Bane","Eviscerate","Prepared"],"picked":"SKIP","floor":25.0},{"not_picked":["Slice","Dodge and Roll","Backflip"],"picked":"SKIP","floor":27.0},{"not_picked":["Slice","Dodge and Roll","Backflip"],"picked":"SKIP","floor":27.0},{"not_picked":["Endless Agony","Deflect","Bouncing Flask"],"picked":"SKIP","floor":28.0},{"not_picked":["Endless Agony","Deflect","Bouncing Flask"],"picked":"SKIP","floor":28.0},{"not_picked":["Leg Sweep","Backflip"],"picked":"Blade Dance+1","floor":29.0},{"not_picked":["Underhanded Strike+1","Slice+1","Glass Knife+1"],"picked":"SKIP","floor":30.0},{"not_picked":["Bullet Time","Tools of the Trade"],"picked":"Envenom","floor":33.0},{"not_picked":["Deflect","Expertise"],"picked":"Acrobatics+1","floor":34.0},{"not_picked":["Burst","Blade Dance"],"picked":"Concentrate+1","floor":34.0},{"not_picked":["Sucker Punch+1","Slice+1","Skewer+1"],"picked":"SKIP","floor":35.0},{"not_picked":["Poisoned Stab+1","Deadly Poison+1","Bane+1"],"picked":"SKIP","floor":36.0},{"not_picked":["Escape Plan","Accuracy"],"picked":"After Image","floor":41.0},{"not_picked":["Blade Dance","Terror","Skewer+1"],"picked":"Well Laid Plans","floor":44.0},{"not_picked":["Outmaneuver","Sucker Punch+1","Acrobatics","Prepared"],"picked":"SKIP","floor":46.0},{"not_picked":["Bane+1","Caltrops","Poisoned Stab+1","Outmaneuver"],"picked":"SKIP","floor":47.0},{"not_picked":["Cloak And Dagger","Poisoned Stab+1","Dagger Spray+1","Slice+1"],"picked":"SKIP","floor":55.0}],"player_experience":1344626,"relics_obtained":[{"floor":6.0,"key":"Pocketwatch"},{"floor":8.0,"key":"Kunai"},{"floor":10.0,"key":"Torii"},{"floor":23.0,"key":"Meat on the Bone"},{"floor":25.0,"key":"Snake Skull"},{"floor":26.0,"key":"Tiny Chest"},{"floor":28.0,"key":"Molten Egg 2"},{"floor":30.0,"key":"Vajra"},{"floor":38.0,"key":"Darkstone Periapt"},{"floor":41.0,"key":"Bronze Scales"},{"floor":43.0,"key":"Question Card"},{"floor":46.0,"key":"Art of War"},{"floor":55.0,"key":"Lantern"}],"event_choices":[{"damage_healed":0.0,"max_hp_gain":0.0,"max_hp_loss":6.0,"gold_gain":0.0,"event_name":"Golden Idol","player_choice":"Lose Max HP","floor":2.0,"gold_loss":0.0,"damage_taken":0.0,"relics_obtained":["Golden Idol"]},{"damage_healed":0.0,"max_hp_gain":0.0,"max_hp_loss":0.0,"gold_gain":0.0,"cards_transformed":["Strike_G"],"event_name":"Transmorgrifier","player_choice":"Transformed","floor":4.0,"gold_loss":0.0,"damage_taken":0.0,"cards_obtained":["Heel Hook"]},{"damage_healed":0.0,"max_hp_gain":0.0,"max_hp_loss":0.0,"gold_gain":0.0,"event_name":"Vampires","player_choice":"Ignored","floor":20.0,"gold_loss":0.0,"damage_taken":0.0},{"cards_removed":["A Thousand Cuts"],"damage_healed":15.0,"max_hp_gain":10.0,"max_hp_loss":0.0,"gold_gain":0.0,"event_name":"Bonfire Elementals","player_choice":"Offered Rare","floor":21.0,"gold_loss":0.0,"damage_taken":0.0},{"damage_healed":0.0,"max_hp_gain":0.0,"max_hp_loss":0.0,"gold_gain":50.0,"event_name":"Golden Shrine","player_choice":"Pray","floor":31.0,"gold_loss":0.0,"damage_taken":0.0},{"damage_healed":0.0,"max_hp_gain":0.0,"max_hp_loss":0.0,"gold_gain":0.0,"event_name":"Tomb of Lord Red Mask","player_choice":"Ignored","floor":37.0,"gold_loss":0.0,"damage_taken":0.0},{"damage_healed":0.0,"max_hp_gain":0.0,"max_hp_loss":0.0,"gold_gain":0.0,"event_name":"SecretPortal","player_choice":"Ignored","floor":39.0,"gold_loss":0.0,"damage_taken":0.0},{"damage_healed":0.0,"max_hp_gain":0.0,"max_hp_loss":0.0,"gold_gain":50.0,"event_name":"FaceTrader","player_choice":"Touch","floor":48.0,"gold_loss":0.0,"damage_taken":7.0}],"is_beta":true,"boss_relics":[{"not_picked":["Velvet Choker","Philosopher\u0027s Stone"],"picked":"Sozu"},{"not_picked":["Busted Crown","Runic Dome"],"picked":"Orrery"}],"items_purged_floors":[],"is_endless":false,"potions_floor_spawned":[5,10,11,12,23,25,27,29,35,44,46,47],"killed_by":"The Heart","ascension_level":20}