{"gold_per_floor":[112,132,146,221,240,240,265,329,341,381,393,425,462,488,500,583,595,595,595,510,248,233,233,233,233,233,233,0,0,0,0,0,0,0,0,0,0,0,0,0,0,0,0,0,0,0,0,0,0,0],"floor_reached":51,"playtime":2481,"items_purged":["Strike_G","Strike_G"],"score":1617,"play_id":"2fd2b481-9ee2-4dbc-b57e-b3c098748ce6","local_time":"20181220143737","is_ascension_mode":true,"campfire_choices":[{"data":"Neutralize","floor":6.0,"key":"SMITH"},{"floor":15.0,"key":"REST"},{"data":"Cloak And Dagger","floor":23,"key":"SMITH"},{"floor":25,"key":"REST"},{"data":"Footwork","floor":32,"key":"SMITH"},{"data":"Infinite Blades","floor":49,"key":"SMITH"}],"neow_cost":"NONE","seed_source_timestamp":19440961238592,"circlet_count":0,"master_deck":["AscendersBane","Defend_G+1","Defend_G+1","Defend_G+1","Defend_G+1","Defend_G+1","Strike_G+1","Strike_G+1","Strike_G+1","Survivor","Neutralize+1","All Out Attack","Deflect","Cloak And Dagger+1","Dagger Spray","Endless Agony","Blade Dance+1","PiercingWail+1","Venomology+1","Footwork+1","Leg Sweep+1","Blind+1","Crippling Poison+1","Blade Dance+1","Backflip+1","Blur+1","Infinite Blades+1","Doppelganger+1","Backflip+1","Deflect+1","Blade Dance+1","Dodge and Roll+1","Phantasmal Killer+1","Parasite","Prepared+1","Finisher","Blur+1"],"special_seed":0,"relics":["Ring of the Snake","Bag of Marbles","MawBank","Shuriken","Odd Mushroom","Toxic Egg 2","Ectoplasm","Juzu Bracelet","Prayer Wheel","Unceasing Top","Sundial","Mango","Cursed Key","Red Mask","Bag of Preparation","Blue Candle","Frozen Egg 2","Pocketwatch"],"potions_floor_usage":[22,24,27,27,29,33,35,39,40,40,40,40,41,42,44,44,50,50,50],"damage_taken":[{"damage":1.0,"enemies":"Cultist","floor":1.0,"turns":4.0},{"damage":0.0,"enemies":"Small Slimes","floor":2.0,"turns":1.0},{"damage":3.0,"enemies":"Jaw Worm","floor":3.0,"turns":3.0},{"damage":1.0,"enemies":"Looter","floor":5.0,"turns":3.0},{"damage":17.0,"enemies":"Gremlin Nob","floor":7.0,"turns":4.0},{"damage":7.0,"enemies":"The Mushroom Lair","floor":10.0,"turns":3.0},{"damage":1.0,"enemies":"3 Louse","floor":12.0,"turns":2.0},{"damage":9.0,"enemies":"Lagavulin","floor":13.0,"turns":6.0},{"damage":6.0,"enemies":"Large Slime","floor":14.0,"turns":4.0},{"damage":6.0,"enemies":"The Guardian","floor":16.0,"turns":13.0},{"damage":16.0,"enemies":"Shell Parasite","floor":18.0,"turns":6.0},{"damage":0.0,"enemies":"Colosseum Slavers","floor":19.0,"turns":4.0},{"damage":3,"enemies":"2 Thieves","floor":22,"turns":2},{"damage":0,"enemies":"Gremlin Leader","floor":24,"turns":6},{"damage":0,"enemies":"Slavers","floor":27,"turns":5},{"damage":13,"enemies":"Book of Stabbing","floor":29,"turns":5},{"damage":1,"enemies":"Snake Plant","floor":30,"turns":5},{"damage":45,"enemies":"Automaton","floor":33,"turns":11},{"damage":0,"enemies":"3 Shapes","floor":35,"turns":9},{"damage":0,"enemies":"3 Darklings","floor":38,"turns":4},{"damage":0,"enemies":"Spire Growth","floor":39,"turns":5},{"damage":3,"enemies":"Reptomancer","floor":40,"turns":6},{"damage":2,"enemies":"Writhing Mass","floor":41,"turns":7},{"damage":0,"enemies":"Giant Head","floor":42,"turns":6},{"damage":3,"enemies":"Reptomancer","floor":44,"turns":6},{"damage":1,"enemies":"Giant Head","floor":46,"turns":6},{"damage":7,"enemies":"Donu and Deca","floor":50,"turns":8}],"seed_played":"7202969061660286310","potions_obtained":[{"floor":1.0,"key":"FearPotion"},{"floor":3.0,"key":"EssenceOfSteel"},{"floor":12.0,"key":"FearPotion"},{"floor":13.0,"key":"PowerPotion"},{"floor":14.0,"key":"Swift Potion"},{"floor":24,"key":"GhostInAJar"},{"floor":27,"key":"PowerPotion"},{"floor":33,"key":"Regen Potion"},{"floor":35,"key":"EntropicBrew"},{"floor":40,"key":"Regen Potion"}],"is_trial":false,"path_per_floor":["M","M","M","?","M","R","E","?","T","?","$","M","E","M","R","B",null,"M","?","?","$","M","R","E","R","T","E","$","E","M","?","R","B",null,"M","?","?","M","M","E","M","E","T","E","$","E","?","$","R","B",null],"character_chosen":"THE_SILENT","items_purchased":["Footwork","Leg Sweep+1","Blind+1","Crippling Poison+1","Blade Dance+1"],"campfire_rested":2,"item_purchase_floors":[21,21,21,28,28],"current_hp_per_floor":[58,58,55,44,43,43,26,26,26,19,19,18,9,3,22,16,54,38,38,38,38,35,35,35,54,54,54,54,55,54,54,54,24,66,80,80,80,80,80,77,75,75,75,72,72,71,71,71,71,74],"gold":0,"neow_bonus":"RANDOM_COMMON_RELIC","is_prod":false,"is_daily":false,"chose_seed":false,"campfire_upgraded":4,"win_rate":0,"timestamp":1545345457,"path_taken":["M","M","?","?","M","R","E","?","T","?","$","M","E","M","R","BOSS","M","?","?","$","M","R","E","R","T","E","$","E","M","?","R","BOSS","M","?","?","M","M","E","M","E","T","E","$","E","?","?","R","BOSS"],"build_version":"2018-12-13","purchased_purges":2,"victory":true,"max_hp_per_floor":[66,66,66,66,66,66,66,66,66,66,66,66,66,66,66,66,66,66,66,66,66,66,66,66,66,66,66,66,80,80,80,80,80,80,80,80,80,80,80,80,80,80,80,80,80,80,80,80,80,80],"card_choices":[{"not_picked":["Acrobatics","Sucker Punch"],"picked":"All Out Attack","floor":1.0},{"not_picked":["Bane","Backflip"],"picked":"Deflect","floor":2.0},{"not_picked":["Poisoned Stab","Quick Slash"],"picked":"Cloak And Dagger","floor":3.0},{"not_picked":["Acrobatics","Deadly Poison"],"picked":"Dagger Spray","floor":5.0},{"not_picked":["Outmaneuver","Slice","Prepared"],"picked":"SKIP","floor":7.0},{"not_picked":["Skewer","Accuracy"],"picked":"Endless Agony","floor":10.0},{"not_picked":["Predator","Phantasmal Killer","Flying Knee"],"picked":"SKIP","floor":12.0},{"not_picked":["Prepared","Infinite Blades"],"picked":"Blade Dance","floor":13.0},{"not_picked":["Prepared+1","Underhanded Strike"],"picked":"PiercingWail+1","floor":14.0},{"not_picked":["Glass Knife","Bullet Time+1"],"picked":"Venomology+1","floor":16.0},{"not_picked":["Accuracy","Dagger Spray","Sucker Punch"],"picked":"SKIP","floor":18.0},{"not_picked":["Caltrops","Choke","Distraction+1"],"picked":"SKIP","floor":22},{"not_picked":["Heel Hook","Distraction+1","Quick Slash"],"picked":"SKIP","floor":24},{"not_picked":["Accuracy","Reflex+1"],"picked":"Backflip+1","floor":27},{"not_picked":["Bouncing Flask+1","Slice"],"picked":"Backflip+1","floor":29},{"not_picked":["Cloak And Dagger+1","Deflect+1"],"picked":"Blur+1","floor":30},{"not_picked":["Sucker Punch","All Out Attack"],"picked":"Infinite Blades","floor":30},{"not_picked":["Bullet Time+1","Die Die Die"],"picked":"Doppelganger+1","floor":33},{"not_picked":["Outmaneuver+1","Riddle With Holes"],"picked":"Backflip+1","floor":35},{"not_picked":["Flechettes","Noxious Fumes"],"picked":"Deflect+1","floor":35},{"not_picked":["Dagger Spray","Setup+1","Slice"],"picked":"SKIP","floor":38},{"not_picked":["Sucker Punch","Quick Slash","Dash"],"picked":"SKIP","floor":38},{"not_picked":["Outmaneuver+1","Prepared+1"],"picked":"Blade Dance+1","floor":39},{"not_picked":["Deadly Poison+1","Dagger Spray"],"picked":"Dodge and Roll+1","floor":39},{"not_picked":["Acrobatics+1","Flying Knee"],"picked":"Phantasmal Killer+1","floor":40},{"not_picked":["Outmaneuver+1","Riddle With Holes"],"picked":"Prepared+1","floor":41},{"not_picked":["Poisoned Stab","Catalyst+1","Deflect+1"],"picked":"SKIP","floor":41},{"not_picked":["Bane","Flechettes"],"picked":"Finisher","floor":42},{"not_picked":["Dagger Throw","Setup+1","Sucker Punch"],"picked":"SKIP","floor":44},{"not_picked":["Leg Sweep+1","Masterful Stab"],"picked":"Blur+1","floor":46}],"player_experience":1842078,"relics_obtained":[{"floor":7.0,"key":"MawBank"},{"floor":9.0,"key":"Shuriken"},{"floor":10.0,"key":"Odd Mushroom"},{"floor":13.0,"key":"Toxic Egg 2"},{"floor":24,"key":"Prayer Wheel"},{"floor":26,"key":"Unceasing Top"},{"floor":27,"key":"Sundial"},{"floor":29,"key":"Mango"},{"floor":40,"key":"Bag of Preparation"},{"floor":42,"key":"Blue Candle"},{"floor":44,"key":"Frozen Egg 2"},{"floor":46,"key":"Pocketwatch"}],"event_choices":[{"damage_healed":0.0,"max_hp_gain":0.0,"max_hp_loss":0.0,"gold_gain":75.0,"event_name":"World of Goop","player_choice":"Gather Gold","floor":4.0,"gold_loss":0.0,"damage_taken":11.0},{"damage_healed":0.0,"max_hp_gain":0.0,"max_hp_loss":0.0,"gold_gain":52.0,"event_name":"Golden Wing","player_choice":"Gained Gold","floor":8.0,"gold_loss":0.0,"damage_taken":0.0},{"damage_healed":0.0,"max_hp_gain":0.0,"max_hp_loss":0.0,"gold_gain":0.0,"event_name":"Mushrooms","player_choice":"Fought Mushrooms","floor":10.0,"gold_loss":0.0,"damage_taken":0.0},{"damage_healed":0.0,"max_hp_gain":0.0,"max_hp_loss":0.0,"gold_gain":0.0,"event_name":"Colosseum","player_choice":"Fight","floor":19.0,"gold_loss":0.0,"damage_taken":0.0},{"damage_healed":0.0,"max_hp_gain":0.0,"max_hp_loss":0.0,"gold_gain":0.0,"event_name":"Colosseum","player_choice":"Fled From Nobs","floor":19.0,"gold_loss":0.0,"damage_taken":0.0},{"damage_healed":0.0,"max_hp_gain":0.0,"max_hp_loss":0.0,"gold_gain":0.0,"event_name":"Addict","player_choice":"Obtained Relic","floor":20.0,"gold_loss":85.0,"damage_taken":0.0,"relics_obtained":["Juzu Bracelet"]},{"damage_healed":0,"gold_gain":0,"player_choice":"Simplicity","damage_taken":0,"max_hp_gain":0,"max_hp_loss":0,"event_name":"Back to Basics","floor":31,"gold_loss":0,"cards_upgraded":["Defend_G","Defend_G","Defend_G","Defend_G","Defend_G","Strike_G","Strike_G","Strike_G"]},{"cards_removed":["Backflip"],"damage_healed":0,"gold_gain":0,"player_choice":"Removed Skill","damage_taken":0,"max_hp_gain":0,"max_hp_loss":0,"event_name":"Falling","floor":36,"gold_loss":0},{"damage_healed":0,"gold_gain":0,"player_choice":"Paid","damage_taken":0,"relics_obtained":["Red Mask"],"max_hp_gain":0,"max_hp_loss":0,"event_name":"Tomb of Lord Red Mask","floor":37,"gold_loss":0},{"damage_healed":0,"gold_gain":0,"player_choice":"Memory 1","damage_taken":0,"max_hp_gain":0,"max_hp_loss":0,"event_name":"SensoryStone","floor":47,"gold_loss":0}],"is_beta":false,"boss_relics":[{"not_picked":["Busted Crown","Orrery"],"picked":"Ectoplasm"},{"not_picked":["Empty Cage","Tiny House"],"picked":"Cursed Key"}],"items_purged_floors":[21,28],"is_endless":false,"potions_floor_spawned":[1,3,12,13,14,24,27,33,35,39,40,41],"ascension_level":15}