{"gold_per_floor":[366,377,58,58,73,73,73,101,101,101,25,44,58,73,73,149,149,164,214,233,158,172,172,202,127,153,153,153,184,184,211,211,284,284,294,311,311,324,179,205,205,205,259,270,296,350,368,55,55,55],"floor_reached":51,"playtime":2716,"items_purged":["Strike_G","Strike_G"],"score":1385,"play_id":"d3b438c5-ce2e-4d19-864e-42b405a523e9","local_time":"20181011103616","is_ascension_mode":true,"campfire_choices":[{"data":"Neutralize","floor":6.0,"key":"SMITH"},{"data":"Cloak And Dagger","floor":10.0,"key":"SMITH"},{"data":"Cloak And Dagger","floor":15.0,"key":"SMITH"},{"data":"A Thousand Cuts","floor":23.0,"key":"SMITH"},{"data":"Finisher","floor":28.0,"key":"SMITH"},{"floor":30,"key":"REST"},{"floor":32,"key":"REST"},{"data":"Footwork","floor":41,"key":"SMITH"},{"floor":49,"key":"REST"}],"neow_cost":"TEN_PERCENT_HP_LOSS","seed_source_timestamp":7813600385130,"circlet_count":0,"master_deck":["Defend_G","Defend_G","Defend_G","Defend_G","Defend_G","Strike_G","Strike_G","Survivor","Neutralize+1","AscendersBane","Crippling Poison+1","Finisher+1","Cloak And Dagger+1","Footwork+1","Deflect","Blade Dance","Cloak And Dagger+1","Adrenaline","Backstab","Dagger Spray","A Thousand Cuts+1","Sucker Punch+1","Accuracy","Escape Plan","Adrenaline","Backflip+1","PiercingWail+1","Blur","Backflip","Footwork","Blur","Terror"],"special_seed":0,"relics":["Ring of the Serpent","Ornamental Fan","Paper Crane","Meat on the Bone","Vajra","Orichalcum","Nunchaku","Oddly Smooth Stone","Busted Crown","Happy Flower","PreservedInsect","Pen Nib","Regal Pillow","Incense Burner"],"potions_floor_usage":[29,33,33,50,50],"damage_taken":[{"damage":0.0,"enemies":"Jaw Worm","floor":1.0,"turns":5.0},{"damage":4.0,"enemies":"Small Slimes","floor":2.0,"turns":5.0},{"damage":0.0,"enemies":"Cultist","floor":5.0,"turns":4.0},{"damage":17.0,"enemies":"3 Sentries","floor":8.0,"turns":9.0},{"damage":0.0,"enemies":"Looter","floor":12.0,"turns":4.0},{"damage":0.0,"enemies":"2 Fungi Beasts","floor":13.0,"turns":2.0},{"damage":0.0,"enemies":"3 Louse","floor":14.0,"turns":2.0},{"damage":35.0,"enemies":"Slime Boss","floor":16.0,"turns":16.0},{"damage":13.0,"enemies":"Spheric Guardian","floor":18.0,"turns":6.0},{"damage":0.0,"enemies":"Shell Parasite","floor":20.0,"turns":8.0},{"damage":8.0,"enemies":"Centurion and Healer","floor":22.0,"turns":7.0},{"damage":16.0,"enemies":"Gremlin Leader","floor":24.0,"turns":5.0},{"damage":36,"enemies":"Slavers","floor":29,"turns":5},{"damage":16,"enemies":"Gremlin Leader","floor":31,"turns":5},{"damage":5,"enemies":"Champ","floor":33,"turns":11},{"damage":27,"enemies":"3 Darklings","floor":35,"turns":2},{"damage":4,"enemies":"Orb Walker","floor":36,"turns":3},{"damage":0,"enemies":"Reptomancer","floor":38,"turns":4},{"damage":0,"enemies":"2 Orb Walkers","floor":40,"turns":4},{"damage":0,"enemies":"4 Shapes","floor":44,"turns":3},{"damage":0,"enemies":"Giant Head","floor":45,"turns":6},{"damage":10,"enemies":"Mysterious Sphere","floor":46,"turns":5},{"damage":0,"enemies":"Transient","floor":47,"turns":5},{"damage":38,"enemies":"Time Eater","floor":50,"turns":22}],"seed_played":"-7485465982157120738","potions_obtained":[{"floor":2.0,"key":"Strength Potion"},{"floor":12.0,"key":"LiquidBronze"},{"floor":14.0,"key":"Dexterity Potion"},{"floor":22.0,"key":"SteroidPotion"},{"floor":24.0,"key":"Ancient Potion"},{"floor":29,"key":"SpeedPotion"},{"floor":35,"key":"Energy Potion"},{"floor":44,"key":"Weak Potion"}],"is_trial":false,"path_per_floor":["M","M","$","?","M","R","?","E","T","R","$","M","M","M","R","B",null,"M","?","M","?","M","R","E","$","T","?","R","E","R","E","R","B",null,"M","M","?","M","$","E","R","?","T","M","E","?","M","$","R","B"],"character_chosen":"THE_SILENT","items_purchased":["Crippling Poison","Ornamental Fan","Footwork","Happy Flower","Footwork","Blur","Terror"],"campfire_rested":3,"item_purchase_floors":[3,3,11,39,48,48,48],"current_hp_per_floor":[59,55,55,60,60,60,60,43,43,43,43,43,43,43,43,20,54,41,41,41,41,33,33,29,29,29,42,42,18,37,33,52,47,61,34,42,42,42,42,42,42,42,42,42,42,44,44,44,65,39],"gold":55,"neow_bonus":"TWO_FIFTY_GOLD","is_prod":false,"is_daily":false,"chose_seed":false,"campfire_upgraded":6,"win_rate":0,"timestamp":1539279376,"path_taken":["M","M","$","?","M","R","?","E","T","R","$","M","M","M","R","BOSS","M","?","M","?","M","R","E","$","T","?","R","E","R","E","R","BOSS","M","M","?","M","$","E","R","?","T","M","E","?","M","$","R","BOSS"],"build_version":"2018-10-04v2","purchased_purges":2,"victory":true,"max_hp_per_floor":[60,60,60,65,65,65,65,65,65,65,65,65,65,65,65,65,65,65,65,65,65,65,65,65,65,65,65,65,65,65,65,65,65,65,65,65,65,65,65,65,65,65,65,65,65,65,65,65,65,65],"card_choices":[{"not_picked":["Slice","Prepared","Blade Dance"],"picked":"SKIP","floor":1.0},{"not_picked":["Masterful Stab","Bullet Time"],"picked":"All Out Attack","floor":2.0},{"not_picked":["Noxious Fumes","Underhanded Strike"],"picked":"Finisher","floor":5.0},{"not_picked":["Blade Dance","PiercingWail"],"picked":"Cloak And Dagger","floor":8.0},{"not_picked":["Dodge and Roll","Poisoned Stab"],"picked":"Deflect","floor":12.0},{"not_picked":["Blur","Slice"],"picked":"Blade Dance","floor":13.0},{"not_picked":["Quick Slash","Deadly Poison"],"picked":"Cloak And Dagger","floor":14.0},{"not_picked":["Storm of Steel","Venomology"],"picked":"Adrenaline","floor":16.0},{"not_picked":["Backflip","Leg Sweep"],"picked":"Backstab","floor":18.0},{"not_picked":["Slice+1","Deflect"],"picked":"Dagger Spray","floor":20.0},{"not_picked":["Flechettes","Backflip"],"picked":"A Thousand Cuts","floor":22.0},{"not_picked":["Blade Dance","Dodge and Roll"],"picked":"Sucker Punch+1","floor":24.0},{"not_picked":["Bane+1","Acrobatics+1"],"picked":"Accuracy","floor":29},{"not_picked":["Die Die Die","Masterful Stab+1"],"picked":"Escape Plan","floor":31},{"not_picked":["Tools of the Trade","Bullet Time"],"picked":"Adrenaline","floor":33},{"not_picked":["Concentrate"],"picked":"SKIP","floor":35},{"not_picked":["Flying Knee"],"picked":"SKIP","floor":36},{"not_picked":[],"picked":"Backflip+1","floor":38},{"not_picked":[],"picked":"PiercingWail+1","floor":40},{"not_picked":[],"picked":"Blur","floor":44},{"not_picked":["Skewer"],"picked":"SKIP","floor":45},{"not_picked":[],"picked":"Backflip","floor":47}],"player_experience":1329460,"relics_obtained":[{"floor":8.0,"key":"Paper Crane"},{"floor":9.0,"key":"Meat on the Bone"},{"floor":24.0,"key":"Vajra"},{"floor":26.0,"key":"Orichalcum"},{"floor":29,"key":"Nunchaku"},{"floor":31,"key":"Oddly Smooth Stone"},{"floor":40,"key":"PreservedInsect"},{"floor":43,"key":"Pen Nib"},{"floor":45,"key":"Regal Pillow"},{"floor":46,"key":"Incense Burner"}],"event_choices":[{"event_name":"Big Fish","player_choice":"Donut","floor":4.0,"damage_taken":0.0},{"event_name":"Living Wall","player_choice":"Grow","floor":7.0,"damage_taken":0.0},{"event_name":"The Joust","player_choice":"Bet on Murderer","floor":19.0,"damage_taken":0.0},{"event_name":"Beggar","player_choice":"Gave Gold","floor":21.0,"damage_taken":0.0},{"event_name":"The Library","player_choice":"Heal","floor":27.0,"damage_taken":0.0},{"event_name":"Tomb of Lord Red Mask","player_choice":"Ignored","floor":37,"damage_taken":0},{"event_name":"Falling","player_choice":"Removed Attack","floor":42,"damage_taken":0},{"event_name":"Mysterious Sphere","player_choice":"Fight","floor":46,"damage_taken":0}],"is_beta":false,"boss_relics":[{"not_picked":["Runic Pyramid","Velvet Choker"],"picked":"Ring of the Serpent"},{"not_picked":["Orrery","Lizard Tail"],"picked":"Busted Crown"}],"items_purged_floors":[25,48],"is_endless":false,"potions_floor_spawned":[2,12,14,16,22,24,29,35,44],"ascension_level":15}