{"gold_per_floor":[113,38,38,38,55,84,84,116,139,169,181,181,193,9,9,83,83,97,97,97,113,113,113,127,127,127,144,144,144,144],"floor_reached":30,"playtime":1089,"items_purged":["Strike_G","Strike_G"],"score":542,"play_id":"313509d6-d290-4599-8d5c-c73b5cde3b16","local_time":"20181202151012","is_ascension_mode":true,"campfire_choices":[{"data":"Noxious Fumes","floor":7.0,"key":"SMITH"},{"floor":12.0,"key":"REST"},{"data":"Neutralize","floor":15.0,"key":"SMITH"},{"data":"Acrobatics","floor":23,"key":"SMITH"},{"data":"Tactician","floor":25,"key":"SMITH"},{"data":"Deadly Poison","floor":29,"key":"SMITH"}],"neow_cost":"NONE","seed_source_timestamp":11337349810955,"circlet_count":0,"master_deck":["AscendersBane","Defend_G","Defend_G","Defend_G+1","Defend_G+1","Defend_G","Strike_G","Strike_G","Survivor","Neutralize+1","Noxious Fumes+1","Deflect","Poisoned Stab","Leg Sweep","Well Laid Plans+1","Tactician+1","Adrenaline","Acrobatics+1","Deadly Poison+1"],"special_seed":0,"relics":["Ring of the Snake","NeowsBlessing","Juzu Bracelet","Frozen Egg 2","Bag of Marbles","Darkstone Periapt","Sozu","Mercury Hourglass"],"potions_floor_usage":[],"damage_taken":[{"damage":0.0,"enemies":"Cultist","floor":1.0,"turns":1.0},{"damage":0.0,"enemies":"Small Slimes","floor":5.0,"turns":1.0},{"damage":0.0,"enemies":"Lagavulin","floor":6.0,"turns":2.0},{"damage":26.0,"enemies":"Gremlin Nob","floor":8.0,"turns":4.0},{"damage":13.0,"enemies":"3 Sentries","floor":10.0,"turns":8.0},{"damage":6.0,"enemies":"Jaw Worm","floor":11.0,"turns":4.0},{"damage":0.0,"enemies":"Blue Slaver","floor":13.0,"turns":5.0},{"damage":19,"enemies":"Hexaghost","floor":16,"turns":13},{"damage":10,"enemies":"Chosen","floor":18,"turns":7},{"damage":0,"enemies":"3 Byrds","floor":21,"turns":7},{"damage":12,"enemies":"Snake Plant","floor":24,"turns":7},{"damage":22,"enemies":"Shelled Parasite and Fungi","floor":27,"turns":7},{"damage":17,"enemies":"Chosen and Byrds","floor":30,"turns":6}],"seed_played":"-7352753015401326208","potions_obtained":[{"floor":1.0,"key":"Strength Potion"},{"floor":10.0,"key":"Fruit Juice"}],"is_trial":false,"path_per_floor":["M","$","?","?","M","E","R","E","T","E","M","R","M","$","R","B",null,"M","?","?","M","?","R","M","R","T","M","?","R","M"],"character_chosen":"THE_SILENT","items_purchased":["Tactician"],"campfire_rested":1,"item_purchase_floors":[14],"current_hp_per_floor":[59,59,64,43,43,43,43,17,17,9,3,25,25,25,25,6,59,49,49,49,49,49,49,37,37,37,15,15,15,0],"gold":144,"neow_bonus":"THREE_ENEMY_KILL","is_prod":false,"is_daily":false,"chose_seed":false,"campfire_upgraded":5,"win_rate":0,"timestamp":1543734612,"path_taken":["M","?","?","?","M","E","R","E","T","E","M","R","M","?","R","BOSS","M","?","?","M","?","R","M","R","T","M","?","R","M"],"build_version":"2018-11-15","purchased_purges":2,"victory":false,"max_hp_per_floor":[66,66,71,71,71,71,71,71,71,76,76,76,76,76,76,76,76,76,76,76,76,76,76,76,76,76,76,76,76,76],"card_choices":[{"not_picked":["All Out Attack","Backstab"],"picked":"Noxious Fumes","floor":1.0},{"not_picked":["Dagger Throw","Dagger Spray"],"picked":"Deflect","floor":5.0},{"not_picked":["Deflect","Finisher"],"picked":"Poisoned Stab","floor":6.0},{"not_picked":["Sucker Punch","Dagger Spray"],"picked":"Leg Sweep","floor":8.0},{"not_picked":["Dagger Throw","Setup"],"picked":"Well Laid Plans+1","floor":10.0},{"not_picked":["Underhanded Strike","Outmaneuver","Cloak And Dagger"],"picked":"SKIP","floor":11.0},{"not_picked":["Prepared","Infinite Blades+1","Dodge and Roll"],"picked":"SKIP","floor":13.0},{"not_picked":["Envenom+1","Unload"],"picked":"Adrenaline","floor":16},{"not_picked":["Deflect","PiercingWail+1"],"picked":"Acrobatics","floor":18},{"not_picked":["Flechettes","Dodge and Roll","Flying Knee"],"picked":"SKIP","floor":21},{"not_picked":["Flechettes","Dodge and Roll","Flying Knee"],"picked":"SKIP","floor":21},{"not_picked":["Deflect","Underhanded Strike"],"picked":"Deadly Poison","floor":24},{"not_picked":["Accuracy+1","Endless Agony","Dagger Spray"],"picked":"SKIP","floor":27}],"player_experience":2266425,"relics_obtained":[{"floor":6.0,"key":"Juzu Bracelet"},{"floor":8.0,"key":"Frozen Egg 2"},{"floor":9.0,"key":"Bag of Marbles"},{"floor":10.0,"key":"Darkstone Periapt"},{"floor":26,"key":"Mercury Hourglass"}],"event_choices":[{"damage_healed":0.0,"max_hp_gain":5.0,"max_hp_loss":0.0,"gold_gain":0.0,"event_name":"Big Fish","player_choice":"Donut","floor":3.0,"gold_loss":0.0,"damage_taken":0.0},{"damage_healed":0.0,"max_hp_gain":0.0,"max_hp_loss":0.0,"gold_gain":0.0,"event_name":"Shining Light","player_choice":"Entered Light","floor":4.0,"gold_loss":0.0,"damage_taken":21.0,"cards_upgraded":["Defend_G","Defend_G"]},{"damage_healed":0,"gold_gain":0,"player_choice":"Ignored","damage_taken":0,"max_hp_gain":0,"max_hp_loss":0,"event_name":"The Mausoleum","floor":19,"gold_loss":0},{"damage_healed":0,"gold_gain":0,"player_choice":"Ignored","damage_taken":0,"max_hp_gain":0,"max_hp_loss":0,"event_name":"N\u0027loth","floor":20,"gold_loss":0},{"damage_healed":0,"gold_gain":0,"player_choice":"Got Potions","damage_taken":0,"max_hp_gain":0,"max_hp_loss":0,"event_name":"Lab","floor":22,"gold_loss":0},{"cards_removed":["Strike_G"],"damage_healed":0,"gold_gain":0,"player_choice":"Elegance","damage_taken":0,"max_hp_gain":0,"max_hp_loss":0,"event_name":"Back to Basics","floor":28,"gold_loss":0}],"is_beta":false,"boss_relics":[{"not_picked":["Tiny House","Empty Cage"],"picked":"Sozu"}],"items_purged_floors":[2,14],"is_endless":false,"potions_floor_spawned":[1,10,24],"killed_by":"Chosen and Byrds","ascension_level":20}