{"gold_per_floor":[118,68,68,143,157,157,186,186,186,204,230,252,264,276,288,402,414,438,375,387,411,438,450,316,373,373,373,388,408,443,457,457,554,554,571,583,379,379,393,426,426,459,459,459,334,363,375,387,387,387,387,387,36,71,71],"floor_reached":56,"playtime":2260,"items_purged":["Strike_R","Uppercut","Clash+1","Rampage+1"],"score":1594,"play_id":"eef7dd88-dd2b-44be-9a41-5461ba668b59","local_time":"20190228204102","is_ascension_mode":true,"campfire_choices":[{"data":"Clash","floor":6.0,"key":"SMITH"},{"data":"Dark Embrace","floor":8.0,"key":"SMITH"},{"data":"Pommel Strike","floor":13.0,"key":"SMITH"},{"data":"Bash","floor":15.0,"key":"SMITH"},{"data":"Rampage","floor":23.0,"key":"SMITH"},{"data":"Shrug It Off","floor":32.0,"key":"SMITH"},{"data":"Body Slam","floor":41.0,"key":"SMITH"},{"floor":49.0,"key":"RECALL"},{"data":"Feel No Pain","floor":52.0,"key":"SMITH"}],"neow_cost":"PERCENT_DAMAGE","seed_source_timestamp":12211127883900,"circlet_count":0,"master_deck":["Bash+1","Pommel Strike+1","Dark Embrace+1","Second Wind","Good Instincts","Shrug It Off+1","Feel No Pain+1","Shockwave+1","Impervious+1","Evolve+1","Double Tap+1","Body Slam+1","Power Through+1","Entrench+1","Seeing Red+1"],"special_seed":0,"relics":["Burning Blood","Charon\u0027s Ashes","Happy Flower","Lantern","Potion Belt","MawBank","Runic Dome","Tiny Chest","Letter Opener","Toxic Egg 2","Pandora\u0027s Box","Ancient Tea Set","Darkstone Periapt","Singing Bowl","Membership Card","Bag of Preparation","Pantograph"],"potions_floor_usage":[55,55,55,55,55,55,55,55,55,55,55,55,55],"damage_taken":[{"damage":2.0,"enemies":"Small Slimes","floor":1.0,"turns":4.0},{"damage":7.0,"enemies":"2 Louse","floor":5.0,"turns":3.0},{"damage":18.0,"enemies":"3 Sentries","floor":7.0,"turns":5.0},{"damage":0.0,"enemies":"Cultist","floor":10.0,"turns":2.0},{"damage":8.0,"enemies":"Gremlin Nob","floor":11.0,"turns":3.0},{"damage":0.0,"enemies":"Looter","floor":12.0,"turns":2.0},{"damage":33.0,"enemies":"The Guardian","floor":16.0,"turns":7.0},{"damage":10.0,"enemies":"Shell Parasite","floor":18.0,"turns":3.0},{"damage":0.0,"enemies":"Chosen","floor":21.0,"turns":3.0},{"damage":20.0,"enemies":"Snecko","floor":22.0,"turns":4.0},{"damage":22.0,"enemies":"Book of Stabbing","floor":25.0,"turns":5.0},{"damage":0.0,"enemies":"Sentry and Sphere","floor":28.0,"turns":4.0},{"damage":11.0,"enemies":"Snake Plant","floor":29.0,"turns":3.0},{"damage":0.0,"enemies":"Slavers","floor":30.0,"turns":5.0},{"damage":3.0,"enemies":"Snecko","floor":31.0,"turns":5.0},{"damage":25.0,"enemies":"Automaton","floor":33.0,"turns":10.0},{"damage":7.0,"enemies":"3 Darklings","floor":35.0,"turns":5.0},{"damage":6.0,"enemies":"3 Shapes","floor":36.0,"turns":3.0},{"damage":0.0,"enemies":"Writhing Mass","floor":38.0,"turns":2.0},{"damage":3.0,"enemies":"Sphere and 2 Shapes","floor":39.0,"turns":6.0},{"damage":5.0,"enemies":"Nemesis","floor":40.0,"turns":3.0},{"damage":0.0,"enemies":"Reptomancer","floor":42.0,"turns":3.0},{"damage":0.0,"enemies":"Giant Head","floor":46.0,"turns":5.0},{"damage":0.0,"enemies":"Jaw Worm Horde","floor":47.0,"turns":3.0},{"damage":0.0,"enemies":"Transient","floor":48.0,"turns":5.0},{"damage":10.0,"enemies":"Donu and Deca","floor":50.0,"turns":6.0},{"damage":0.0,"enemies":"Shield and Spear","floor":54.0,"turns":3.0},{"damage":0,"enemies":"The Heart","floor":55,"turns":4}],"seed_played":"-5430982187611058667","potions_obtained":[{"floor":5.0,"key":"SneckoOil"},{"floor":10.0,"key":"Energy Potion"},{"floor":16.0,"key":"Explosive Potion"},{"floor":21.0,"key":"Strength Potion"},{"floor":25.0,"key":"EntropicBrew"},{"floor":28.0,"key":"Swift Potion"},{"floor":33.0,"key":"AttackPotion"},{"floor":36.0,"key":"SmokeBomb"},{"floor":39.0,"key":"Dexterity Potion"},{"floor":42.0,"key":"SpeedPotion"}],"is_trial":false,"path_per_floor":["M","?","?","?","M","R","E","R","T","M","E","M","R","$","R","B",null,"M","?","?","M","M","R","$","E","T","?","M","M","E","M","R","B",null,"M","M","$","M","M","E","R","E","T","?","$","E","M","M","R","B",null,"R","$","E","B",null],"character_chosen":"IRONCLAD","items_purchased":["Feel No Pain","EntropicBrew","Membership Card","Bag of Preparation"],"campfire_rested":0,"item_purchase_floors":[24,37,53,53],"current_hp_per_floor":[60,60,53,42,41,41,29,29,29,35,33,39,39,39,39,12,80,76,76,76,80,66,66,66,50,50,50,56,51,57,60,60,41,80,79,79,79,80,80,80,80,80,80,80,80,82,84,86,86,82,86,86,86,88,88],"gold":71,"neow_bonus":"ONE_RARE_RELIC","is_prod":false,"is_daily":false,"chose_seed":false,"campfire_upgraded":8,"win_rate":0,"timestamp":1551357662,"path_taken":["M","?","?","?","M","R","E","R","T","M","E","M","R","$","R","BOSS","M","?","?","M","?","R","$","E","T","?","M","M","E","?","R","BOSS","M","M","$","M","M","E","R","E","T","?","$","E","?","?","R","BOSS","R","$","E","BOSS"],"build_version":"2019-01-23","purchased_purges":4,"victory":true,"max_hp_per_floor":[80,80,80,80,80,80,80,80,80,80,80,80,80,80,80,80,80,80,80,80,80,80,80,80,80,80,80,80,80,80,80,80,80,80,80,80,80,80,80,80,80,80,80,80,80,82,84,86,86,86,86,86,86,88,88],"card_choices":[{"not_picked":["Wild Strike","Headbutt"],"picked":"Pommel Strike","floor":1.0},{"not_picked":["Havoc","Body Slam"],"picked":"Clash","floor":5.0},{"not_picked":["Clash","Perfected Strike"],"picked":"Dark Embrace","floor":7.0},{"not_picked":["Sword Boomerang","Pommel Strike","Reckless Charge"],"picked":"SKIP","floor":10.0},{"not_picked":["Sword Boomerang","Pommel Strike","Reckless Charge"],"picked":"SKIP","floor":10.0},{"not_picked":["Sword Boomerang","Perfected Strike"],"picked":"Second Wind","floor":11.0},{"not_picked":["Thunderclap","Wild Strike","Iron Wave"],"picked":"SKIP","floor":12.0},{"not_picked":["Thunderclap","Wild Strike","Iron Wave"],"picked":"SKIP","floor":12.0},{"not_picked":["Thunderclap","Wild Strike","Iron Wave"],"picked":"SKIP","floor":12.0},{"not_picked":["Warcry","Flex","Second Wind"],"picked":"SKIP","floor":18.0},{"not_picked":["Shrug It Off","Clothesline","Bloodletting"],"picked":"SKIP","floor":21.0},{"not_picked":["Clothesline","Bloodletting"],"picked":"Shrug It Off","floor":21.0},{"not_picked":["Twin Strike","Pommel Strike","Body Slam"],"picked":"SKIP","floor":22.0},{"not_picked":["Sever Soul","Iron Wave","True Grit"],"picked":"SKIP","floor":25.0},{"not_picked":["Fire Breathing","Iron Wave","Thunderclap"],"picked":"SKIP","floor":28.0},{"not_picked":["Spot Weakness","Sword Boomerang"],"picked":"Shockwave+1","floor":29.0},{"not_picked":["Heavy Blade","Whirlwind"],"picked":"Impervious","floor":30.0},{"not_picked":["Thunderclap","Havoc+1"],"picked":"Evolve+1","floor":31.0},{"not_picked":["Impervious+1","Fiend Fire"],"picked":"Double Tap+1","floor":33.0},{"not_picked":["Heavy Blade","Inflame","Havoc+1"],"picked":"SKIP","floor":35.0},{"not_picked":["Havoc+1","Headbutt+1","Shrug It Off+1"],"picked":"SKIP","floor":36.0},{"not_picked":["Pommel Strike+1","Body Slam+1","Shrug It Off+1"],"picked":"SKIP","floor":39.0},{"not_picked":["Iron Wave","Fire Breathing","Headbutt+1"],"picked":"SKIP","floor":40.0},{"not_picked":["True Grit+1","Body Slam","Uppercut+1"],"picked":"SKIP","floor":42.0},{"not_picked":["Body Slam","Armaments+1","Shrug It Off+1"],"picked":"Singing Bowl","floor":46.0},{"not_picked":["Pommel Strike+1","Warcry+1","True Grit+1"],"picked":"Singing Bowl","floor":47.0},{"not_picked":["Intimidate+1","Warcry+1","Anger"],"picked":"Singing Bowl","floor":48.0},{"not_picked":["Juggernaut","Perfected Strike+1","Headbutt"],"picked":"Singing Bowl","floor":54.0}],"player_experience":2672967,"relics_obtained":[{"floor":7.0,"key":"Lantern"},{"floor":9.0,"key":"Potion Belt"},{"floor":11.0,"key":"MawBank"},{"floor":25.0,"key":"Tiny Chest"},{"floor":26.0,"key":"Letter Opener"},{"floor":30.0,"key":"Toxic Egg 2"},{"floor":40.0,"key":"Ancient Tea Set"},{"floor":42.0,"key":"Darkstone Periapt"},{"floor":46.0,"key":"Singing Bowl"},{"floor":54.0,"key":"Pantograph"}],"event_choices":[{"cards_removed":["Strike_R"],"damage_healed":0.0,"max_hp_gain":0.0,"max_hp_loss":0.0,"gold_gain":0.0,"event_name":"The Cleric","player_choice":"Card Removal","floor":2.0,"gold_loss":50.0,"damage_taken":0.0},{"damage_healed":0.0,"max_hp_gain":0.0,"max_hp_loss":0.0,"gold_gain":0.0,"event_name":"Scrap Ooze","player_choice":"Success","floor":3.0,"gold_loss":0.0,"damage_taken":7.0,"relics_obtained":["Happy Flower"]},{"damage_healed":0.0,"max_hp_gain":0.0,"max_hp_loss":0.0,"gold_gain":75.0,"event_name":"World of Goop","player_choice":"Gather Gold","floor":4.0,"gold_loss":0.0,"damage_taken":11.0},{"cards_removed":["Strike_R"],"damage_healed":0.0,"max_hp_gain":0.0,"max_hp_loss":0.0,"gold_gain":0.0,"event_name":"Beggar","player_choice":"Gave Gold","floor":19.0,"gold_loss":75.0,"damage_taken":0.0},{"damage_healed":0.0,"max_hp_gain":0.0,"max_hp_loss":0.0,"gold_gain":0.0,"event_name":"Match and Keep!","player_choice":"2 cards matched","floor":20.0,"gold_loss":0.0,"damage_taken":0.0,"cards_obtained":["Rampage","Good Instincts"]},{"cards_removed":["Strike_R"],"damage_healed":0.0,"max_hp_gain":0.0,"max_hp_loss":0.0,"gold_gain":0.0,"event_name":"Bonfire Elementals","player_choice":"Offered Basic","floor":27.0,"gold_loss":0.0,"damage_taken":0.0},{"damage_healed":0.0,"max_hp_gain":0.0,"max_hp_loss":0.0,"gold_gain":0.0,"cards_transformed":["Thunderclap"],"event_name":"Transmorgrifier","player_choice":"Transformed","floor":44.0,"gold_loss":0.0,"damage_taken":0.0,"cards_obtained":["Seeing Red"]}],"is_beta":false,"boss_relics":[{"not_picked":["Empty Cage","Black Blood"],"picked":"Runic Dome"},{"not_picked":["Astrolabe","Cursed Key"],"picked":"Pandora\u0027s Box"}],"items_purged_floors":[24,37,45,53],"is_endless":false,"potions_floor_spawned":[5,10,16,21,25,28,33,36,38,39,42,46,54],"ascension_level":1}