{"gold_per_floor":[13,23,36,50,67,97,108,136,160,189,63,74,74],"floor_reached":13,"playtime":667,"items_purged":["Strike_R"],"score":120,"play_id":"734a7376-ed4b-463d-9a3c-94e0ba93a5fb","local_time":"20190326215725","is_ascension_mode":true,"campfire_choices":[],"neow_cost":"NO_GOLD","seed_source_timestamp":998909277949100,"circlet_count":0,"master_deck":["Strike_R","Strike_R","Defend_R","Defend_R","Defend_R","Defend_R","Bash","Spot Weakness","Flex","Whirlwind","Warcry","Heavy Blade","Twin Strike","Headbutt"],"relics":["Burning Blood","Bag of Marbles","Anchor","Orichalcum"],"potions_floor_usage":[4,6,8,10,13],"damage_taken":[{"damage":11,"enemies":"2 Louse","floor":1,"turns":3},{"damage":10,"enemies":"Cultist","floor":2,"turns":4},{"damage":13,"enemies":"Small Slimes","floor":3,"turns":5},{"damage":19,"enemies":"Exordium Wildlife","floor":4,"turns":5},{"damage":0,"enemies":"3 Louse","floor":5,"turns":1},{"damage":40,"enemies":"Lagavulin","floor":6,"turns":8},{"damage":0,"enemies":"2 Fungi Beasts","floor":7,"turns":2},{"damage":28,"enemies":"3 Sentries","floor":8,"turns":6},{"damage":18,"enemies":"Gremlin Nob","floor":10,"turns":3},{"damage":3,"enemies":"Blue Slaver","floor":12,"turns":3},{"damage":14,"enemies":"Lagavulin","floor":13,"turns":2}],"seed_played":"-3058081447782686431","potions_obtained":[{"floor":3,"key":"PowerPotion"},{"floor":4,"key":"SpeedPotion"},{"floor":7,"key":"Regen Potion"},{"floor":8,"key":"SkillPotion"},{"floor":10,"key":"LiquidBronze"}],"is_trial":false,"path_per_floor":["M","M","M","M","M","E","M","E","T","E","$","M","E"],"character_chosen":"IRONCLAD","items_purchased":["Headbutt"],"campfire_rested":0,"item_purchase_floors":[11],"current_hp_per_floor":[75,71,64,51,57,23,29,22,22,10,10,13,0],"gold":74,"neow_bonus":"REMOVE_TWO","is_prod":false,"is_daily":false,"chose_seed":false,"campfire_upgraded":0,"win_rate":0,"timestamp":1553630245,"path_taken":["M","M","M","M","M","E","M","E","T","E","$","M","E"],"build_version":"2019-01-23","purchased_purges":1,"victory":false,"max_hp_per_floor":[80,80,80,80,80,80,80,80,80,80,80,80,80],"card_choices":[{"not_picked":["Twin Strike","Second Wind"],"picked":"Spot Weakness","floor":1},{"not_picked":["Uppercut","Thunderclap"],"picked":"Flex","floor":2},{"not_picked":["Sentinel","Intimidate"],"picked":"Whirlwind","floor":3},{"not_picked":["Disarm","Evolve","Rampage"],"picked":"SKIP","floor":4},{"not_picked":["Thunderclap","Pommel Strike"],"picked":"Warcry","floor":5},{"not_picked":["Fiend Fire","Pommel Strike"],"picked":"Heavy Blade","floor":6},{"not_picked":["Combust","Sword Boomerang","Rage"],"picked":"SKIP","floor":7},{"not_picked":["Havoc","Metallicize","Armaments"],"picked":"SKIP","floor":8},{"not_picked":["Wild Strike","Rage"],"picked":"Twin Strike","floor":10},{"not_picked":["Thunderclap","Clash","Clothesline"],"picked":"SKIP","floor":12}],"player_experience":109575,"relics_obtained":[{"floor":6,"key":"Bag of Marbles"},{"floor":8,"key":"Anchor"},{"floor":10,"key":"Orichalcum"}],"event_choices":[],"is_beta":false,"boss_relics":[],"items_purged_floors":[11],"is_endless":false,"potions_floor_spawned":[3,4,7,8,10],"killed_by":"Lagavulin","ascension_level":2}