{"gold_per_floor":[109,109,34,54,54,54,68,68,68,11,37,50,85,96,96,96],"floor_reached":16,"playtime":631,"items_purged":["Strike_G"],"score":209,"play_id":"81592aa3-29cc-47a5-8513-ee098758ad1c","local_time":"20190303110239","is_ascension_mode":true,"campfire_choices":[{"data":"Dash","floor":6,"key":"SMITH"},{"data":"Dagger Spray","floor":8,"key":"SMITH"},{"floor":15,"key":"REST"}],"neow_cost":"NONE","seed_source_timestamp":141918965300379,"circlet_count":0,"master_deck":["AscendersBane","Defend_G","Defend_G","Defend_G","Defend_G","Defend_G","Strike_G","Strike_G","Strike_G","Strike_G+1","Survivor+1","Neutralize","Night Terror","Dagger Spray+1","Dash+1","Regret","Calculated Gamble","Deflect","Backflip","Dodge and Roll","Footwork","Glass Knife"],"relics":["Ring of the Snake","Paper Crane","Oddly Smooth Stone","Regal Pillow","Mercury Hourglass"],"potions_floor_usage":[12,16],"damage_taken":[{"damage":0,"enemies":"2 Louse","floor":1,"turns":2},{"damage":0,"enemies":"Jaw Worm","floor":4,"turns":4},{"damage":0,"enemies":"Cultist","floor":7,"turns":3},{"damage":13,"enemies":"3 Sentries","floor":11,"turns":8},{"damage":0,"enemies":"Lots of Slimes","floor":12,"turns":2},{"damage":18,"enemies":"Lagavulin","floor":13,"turns":9},{"damage":4,"enemies":"Looter","floor":14,"turns":3},{"damage":44,"enemies":"Hexaghost","floor":16,"turns":14}],"seed_played":"1146686039290009718","potions_obtained":[{"floor":4,"key":"Explosive Potion"},{"floor":7,"key":"Dexterity Potion"},{"floor":12,"key":"SpeedPotion"},{"floor":13,"key":"Block Potion"}],"is_trial":false,"path_per_floor":["M","?","$","M","?","R","M","R","T","$","E","M","E","M","R","B"],"character_chosen":"THE_SILENT","items_purchased":["Deflect"],"campfire_rested":1,"item_purchase_floors":[10],"current_hp_per_floor":[59,39,39,39,39,39,39,39,39,39,26,26,8,4,38,0],"gold":96,"neow_bonus":"ONE_RANDOM_RARE_CARD","is_prod":false,"is_daily":false,"chose_seed":false,"campfire_upgraded":2,"win_rate":0,"timestamp":1551607359,"path_taken":["M","?","$","M","?","R","M","R","T","$","E","M","E","M","R","BOSS"],"build_version":"2019-01-23","purchased_purges":1,"victory":false,"max_hp_per_floor":[66,66,66,66,66,66,66,66,66,66,66,66,66,66,66,66],"card_choices":[{"not_picked":["Bane","Dagger Throw"],"picked":"Dagger Spray","floor":1},{"not_picked":["Sucker Punch","Acrobatics"],"picked":"Dash","floor":4},{"not_picked":["Heel Hook","Acrobatics"],"picked":"Calculated Gamble","floor":7},{"not_picked":["Bane","Reflex"],"picked":"Backflip","floor":11},{"not_picked":["Bouncing Flask","Sucker Punch"],"picked":"Dodge and Roll","floor":12},{"not_picked":["Noxious Fumes","Flying Knee"],"picked":"Footwork","floor":13},{"not_picked":["Quick Slash","Blade Dance"],"picked":"Glass Knife","floor":14}],"player_experience":514898,"relics_obtained":[{"floor":9,"key":"Oddly Smooth Stone"},{"floor":11,"key":"Regal Pillow"},{"floor":13,"key":"Mercury Hourglass"}],"event_choices":[{"damage_healed":0,"gold_gain":0,"player_choice":"Entered Light","damage_taken":20,"max_hp_gain":0,"max_hp_loss":0,"event_name":"Shining Light","floor":2,"gold_loss":0,"cards_upgraded":["Strike_G","Survivor"]},{"damage_healed":0,"gold_gain":0,"player_choice":"Box","damage_taken":0,"relics_obtained":["Paper Crane"],"max_hp_gain":0,"max_hp_loss":0,"event_name":"Big Fish","floor":5,"gold_loss":0,"cards_obtained":["Regret"]}],"is_beta":false,"boss_relics":[],"items_purged_floors":[3],"is_endless":false,"potions_floor_spawned":[4,7,12,13,14],"killed_by":"Hexaghost","ascension_level":18}