{"gold_per_floor":[113,131,142,142,160,160,185,185,211,211,69,102,27,43,43,119,119,135,149,167,167,79,79,79,106,106,118,118,145,145],"floor_reached":30,"playtime":1751,"items_purged":["Strike_B"],"score":439,"play_id":"59b467c4-f1a6-4f1b-b883-94f852cbdb16","local_time":"20180629091234","is_ascension_mode":true,"campfire_choices":[{"data":"Zap","floor":6,"key":"SMITH"},{"floor":8,"key":"REST"},{"floor":15,"key":"REST"},{"floor":23,"key":"REST"},{"floor":28,"key":"REST"}],"neow_cost":"NONE","seed_source_timestamp":92311229498411,"circlet_count":0,"master_deck":["Zap+1","Dualcast+1","AscendersBane","Echo Form","Defragment","Streamline","Conserve Battery+1","Coolheaded+1","Ball Lightning","Go for the Eyes","Hologram","Beam Cell","Biased Cognition","Cold Snap","Redo","FTL","Chaos","Steam","Heatsinks","Aggregate","Ball Lightning","Conserve Battery","Leap","Conserve Battery","Undo","Rip and Tear","Stack","Force Field"],"relics":["Cracked Core","DataDisk","Regal Pillow","Boot","Pandora\u0027s Box","Dream Catcher","Kunai","Red Mask"],"potions_floor_usage":[7,12,25,25,30],"damage_taken":[{"damage":1,"enemies":"2 Louse","floor":1,"turns":4},{"damage":1,"enemies":"Cultist","floor":2,"turns":4},{"damage":13,"enemies":"Small Slimes","floor":3,"turns":3},{"damage":12,"enemies":"3 Louse","floor":5,"turns":4},{"damage":17,"enemies":"3 Sentries","floor":7,"turns":5},{"damage":15,"enemies":"Gremlin Nob","floor":12,"turns":4},{"damage":3,"enemies":"Blue Slaver","floor":14,"turns":2},{"damage":33,"enemies":"Hexaghost","floor":16,"turns":10},{"damage":16,"enemies":"2 Thieves","floor":18,"turns":4},{"damage":0,"enemies":"Spheric Guardian","floor":19,"turns":3},{"damage":20,"enemies":"Snake Plant","floor":20,"turns":4},{"damage":15,"enemies":"Book of Stabbing","floor":25,"turns":5},{"damage":18,"enemies":"Snecko","floor":27,"turns":5},{"damage":50,"floor":29,"turns":5},{"damage":14,"enemies":"Cultist and Chosen","floor":30,"turns":4}],"seed_played":"-3126311471109022999","potions_obtained":[{"floor":2,"key":"SteroidPotion"},{"floor":5,"key":"Explosive Potion"},{"floor":16,"key":"EssenceOfSteel"},{"floor":29,"key":"PowerPotion"}],"is_trial":false,"path_per_floor":["M","M","M","?","M","R","E","R","T","?","$","E","$","M","R","B",null,"M","M","M","?","$","R","?","E","T","M","R","?"],"character_chosen":"DEFECT","items_purchased":["Ball Lightning","Go for the Eyes","Regen Potion","Conserve Battery","Undo"],"campfire_rested":4,"item_purchase_floors":[11,11,11,22,22],"current_hp_per_floor":[63,62,49,49,37,37,20,41,41,27,27,24,24,21,57,24,59,43,43,23,23,23,59,59,44,44,26,62,12,0],"gold":145,"neow_bonus":"ONE_RANDOM_RARE_CARD","is_prod":false,"is_daily":false,"chose_seed":false,"campfire_upgraded":1,"win_rate":0,"timestamp":1530288754,"path_taken":["M","M","M","?","M","R","E","R","T","?","?","E","$","M","R","BOSS","M","M","M","?","$","R","?","E","T","M","R","?","M"],"build_version":"2018-06-28","purchased_purges":1,"victory":false,"max_hp_per_floor":[71,71,71,71,71,71,71,71,71,71,71,71,71,71,71,71,71,71,71,71,71,71,71,71,71,71,71,71,71,71],"card_choices":[{"not_picked":["Redo","White Noise","Stack"],"picked":"SKIP","floor":1},{"not_picked":["Redo","White Noise","Stack"],"picked":"SKIP","floor":1},{"not_picked":["Barrage","White Noise"],"picked":"Defragment","floor":2},{"not_picked":["Sweeping Beam","Stack"],"picked":"Streamline","floor":3},{"not_picked":["Turbo","Hyperbeam"],"picked":"Conserve Battery","floor":5},{"not_picked":["Scrape","Fusion"],"picked":"Coolheaded","floor":7},{"not_picked":["Chill","Leap"],"picked":"Hologram","floor":12},{"not_picked":["Genetic Algorithm","Sunder"],"picked":"Beam Cell","floor":14},{"not_picked":["Fission","Echo Form"],"picked":"Biased Cognition","floor":16},{"not_picked":["Compile Driver","Turbo"],"picked":"Ball Lightning","floor":18},{"not_picked":["Chaos","Leap"],"picked":"Conserve Battery","floor":19},{"not_picked":["Reboot","Stack"],"picked":"Leap","floor":20},{"not_picked":["Darkness","Sunder","Streamline+1"],"picked":"SKIP","floor":25},{"not_picked":["Streamline+1","Gash+1"],"picked":"Stack","floor":27},{"not_picked":["Undo","Barrage"],"picked":"Force Field","floor":28}],"player_experience":618963,"relics_obtained":[{"floor":7,"key":"DataDisk"},{"floor":9,"key":"Regal Pillow"},{"floor":12,"key":"Boot"},{"floor":25,"key":"Dream Catcher"},{"floor":26,"key":"Kunai"},{"floor":29,"key":"Red Mask"}],"event_choices":[{"event_name":"Accursed Blacksmith","player_choice":"Forge","floor":4,"damage_taken":0},{"event_name":"Shining Light","player_choice":"Entered Light","floor":10,"damage_taken":0},{"event_name":"Ghosts","player_choice":"Ignored","floor":21,"damage_taken":0},{"event_name":"Match and Keep!","player_choice":"1 cards matched","floor":24,"damage_taken":0},{"event_name":"Masked Bandits","player_choice":"Fought over 118 gold","floor":29,"damage_taken":0}],"boss_relics":[{"not_picked":["Lizard Tail","Eternal Feather"],"picked":"Pandora\u0027s Box"}],"items_purged_floors":[13],"is_endless":false,"potions_floor_spawned":[2,5,16,19,20,29],"killed_by":"Cultist and Chosen","ascension_level":14}