{"gold_per_floor":[110,121,131,131,142,142,168,168,168,180,180,210,230,245,245,318,318,337,350,275,291,291],"floor_reached":22,"playtime":1544,"items_purged":["Strike_R"],"score":350,"play_id":"44e09242-2784-4593-abf3-c90bf2c648c9","local_time":"20180803191456","is_ascension_mode":true,"campfire_choices":[{"data":"Uppercut","floor":6,"key":"SMITH"},{"data":"Armaments","floor":8,"key":"SMITH"},{"floor":11,"key":"REST"},{"data":"Anger","floor":15,"key":"SMITH"}],"neow_cost":"NONE","seed_source_timestamp":39676668525262,"circlet_count":0,"master_deck":["Strike_R","Strike_R","Strike_R","Strike_R","Defend_R","Defend_R","Defend_R","Defend_R","Bash","AscendersBane","Uppercut+1","Armaments+1","Twin Strike","Shrug It Off","Metallicize","Pommel Strike","Disarm","Anger+1","Feel No Pain","Flame Barrier","Rampage"],"relics":["Burning Blood","Singing Bowl","Blood Vial","Ornamental Fan","Unceasing Top","Orrery"],"potions_floor_usage":[16,21,22],"damage_taken":[{"damage":6,"enemies":"Jaw Worm","floor":1,"turns":4},{"damage":1,"enemies":"2 Louse","floor":2,"turns":4},{"damage":4,"enemies":"Cultist","floor":3,"turns":3},{"damage":5,"enemies":"2 Fungi Beasts","floor":5,"turns":4},{"damage":24,"enemies":"3 Sentries","floor":7,"turns":8},{"damage":18,"enemies":"Large Slime","floor":10,"turns":7},{"damage":19,"enemies":"Gremlin Nob","floor":12,"turns":4},{"damage":6,"enemies":"Red Slaver","floor":13,"turns":4},{"damage":6,"enemies":"Looter","floor":14,"turns":4},{"damage":8,"enemies":"Hexaghost","floor":16,"turns":11},{"damage":7,"enemies":"Shell Parasite","floor":18,"turns":9},{"damage":37,"enemies":"Spheric Guardian","floor":19,"turns":7},{"damage":41,"enemies":"Cultist and Chosen","floor":21,"turns":8},{"damage":32,"floor":22,"turns":3}],"seed_played":"7373065399740286110","potions_obtained":[{"floor":5,"key":"Fire Potion"},{"floor":7,"key":"Ancient Potion"},{"floor":10,"key":"Swift Potion"},{"floor":12,"key":"SkillPotion"},{"floor":18,"key":"LiquidBronze"}],"is_trial":false,"path_per_floor":["M","M","M","?","M","R","E","R","T","M","R","E","M","M","R","B",null,"M","M","$","M"],"character_chosen":"IRONCLAD","items_purchased":[],"campfire_rested":1,"item_purchase_floors":[],"current_hp_per_floor":[68,73,75,64,65,65,47,47,47,37,59,48,52,54,54,56,79,80,53,53,22,0],"gold":291,"neow_bonus":"THREE_CARDS","is_prod":false,"is_daily":false,"chose_seed":false,"campfire_upgraded":3,"win_rate":0,"timestamp":1533348896,"path_taken":["M","M","M","?","M","R","E","R","T","M","R","E","M","M","R","BOSS","M","M","$","?","?"],"build_version":"2018-08-02","purchased_purges":1,"victory":false,"max_hp_per_floor":[75,75,75,75,75,75,75,75,75,75,75,75,77,77,77,79,85,85,87,87,89,89],"card_choices":[{"not_picked":["Flex","Second Wind"],"picked":"Uppercut","floor":0},{"not_picked":["Body Slam","Cleave","Corruption"],"picked":"SKIP","floor":1},{"not_picked":["Sword Boomerang","Bloodletting"],"picked":"Armaments","floor":2},{"not_picked":["Blood for Blood","Armaments"],"picked":"Twin Strike","floor":3},{"not_picked":["Whirlwind","Infernal Blade"],"picked":"Shrug It Off","floor":5},{"not_picked":["Thunderclap","Warcry"],"picked":"Metallicize","floor":7},{"not_picked":["Wild Strike","Perfected Strike"],"picked":"Pommel Strike","floor":10},{"not_picked":["Fire Breathing","Cleave"],"picked":"Disarm","floor":12},{"not_picked":["Barricade","Ghostly Armor","Sever Soul"],"picked":"Singing Bowl","floor":13},{"not_picked":["Whirlwind","Burning Pact"],"picked":"Anger","floor":14},{"not_picked":["Barricade","Bludgeon","Brutality"],"picked":"Singing Bowl","floor":16},{"not_picked":["Havoc","Body Slam"],"picked":"Feel No Pain","floor":17},{"not_picked":["Headbutt","Anger","Pummel"],"picked":"Singing Bowl","floor":17},{"not_picked":["Iron Wave","Cleave"],"picked":"Flame Barrier","floor":17},{"not_picked":["Clothesline","Cleave","Headbutt"],"picked":"Singing Bowl","floor":17},{"not_picked":["Seeing Red","Twin Strike","Searing Blow"],"picked":"Singing Bowl","floor":17},{"not_picked":["Havoc","Second Wind"],"picked":"Rampage","floor":18},{"not_picked":["Infernal Blade","Wild Strike","Brutality"],"picked":"Singing Bowl","floor":19},{"not_picked":["Heavy Blade","Havoc","Fire Breathing+1"],"picked":"Singing Bowl","floor":21}],"player_experience":997574,"relics_obtained":[{"floor":7,"key":"Blood Vial"},{"floor":9,"key":"Ornamental Fan"},{"floor":12,"key":"Unceasing Top"}],"event_choices":[{"event_name":"Scrap Ooze","player_choice":"success","floor":4,"damage_taken":11},{"event_name":"Masked Bandits","player_choice":"Fought over 291 gold","floor":22,"damage_taken":0}],"is_beta":false,"boss_relics":[{"not_picked":["Black Blood","Black Star"],"picked":"Orrery"}],"items_purged_floors":[20],"is_endless":false,"potions_floor_spawned":[5,7,10,12,18],"ascension_level":15}