{"gold_per_floor":[13,13,32,32,43,43,77,77,145,156,169,183,183,193,193,288,288,308,308,233,233,233,233,244,263,310,310,344,356,356,371,371,371],"floor_reached":33,"playtime":4816,"items_purged":["Strike_R"],"score":350,"play_id":"2d581cd9-7bf4-48b5-b0a9-32c81a634226","local_time":"20190509143742","is_ascension_mode":true,"campfire_choices":[{"data":"Disarm","floor":6.0,"key":"SMITH"},{"floor":8.0,"key":"REST"},{"floor":13.0,"key":"REST"},{"floor":15.0,"key":"REST"},{"floor":23.0,"key":"REST"},{"floor":32,"key":"REST"}],"neow_cost":"NO_GOLD","seed_source_timestamp":9658167495943,"circlet_count":0,"master_deck":["Strike_R","Strike_R","Strike_R","Strike_R","Defend_R","Defend_R","Defend_R","Defend_R","Bash","Metamorphosis+1","Pummel","Sword Boomerang","Disarm+1","Shrug It Off","Flex","Rage","Flex","Barricade","Uppercut","Inflame","Feel No Pain"],"special_seed":0,"relics":["Burning Blood","Ancient Tea Set","Paper Frog","Sozu","Orichalcum","Enchiridion","Art of War","Singing Bowl"],"potions_floor_usage":[31],"damage_taken":[{"damage":3.0,"enemies":"2 Louse","floor":1.0,"turns":4.0},{"damage":12.0,"enemies":"Small Slimes","floor":3.0,"turns":4.0},{"damage":1.0,"enemies":"Cultist","floor":5.0,"turns":3.0},{"damage":28.0,"enemies":"Gremlin Nob","floor":7.0,"turns":5.0},{"damage":13.0,"enemies":"Large Slime","floor":10.0,"turns":7.0},{"damage":32.0,"enemies":"Exordium Wildlife","floor":11.0,"turns":5.0},{"damage":11.0,"enemies":"3 Louse","floor":12.0,"turns":6.0},{"damage":11.0,"enemies":"Gremlin Gang","floor":14.0,"turns":6.0},{"damage":46.0,"enemies":"The Guardian","floor":16.0,"turns":13.0},{"damage":14.0,"enemies":"2 Thieves","floor":18.0,"turns":4.0},{"damage":14.0,"enemies":"Chosen","floor":24.0,"turns":5.0},{"damage":17.0,"enemies":"Centurion and Healer","floor":25.0,"turns":5.0},{"damage":16.0,"enemies":"Gremlin Leader","floor":28.0,"turns":6.0},{"damage":24.0,"enemies":"Shelled Parasite and Fungi","floor":29.0,"turns":5.0},{"damage":0,"enemies":"Sentry and Sphere","floor":31,"turns":3},{"damage":59,"enemies":"Automaton","floor":33,"turns":8}],"seed_played":"3455068292854758035","potions_obtained":[{"floor":1.0,"key":"GamblersBrew"},{"floor":4.0,"key":"SkillPotion"},{"floor":4.0,"key":"Swift Potion"},{"floor":5.0,"key":"Block Potion"},{"floor":7.0,"key":"Swift Potion"},{"floor":11.0,"key":"SpeedPotion"},{"floor":12.0,"key":"SteroidPotion"},{"floor":16.0,"key":"Block Potion"}],"is_trial":false,"path_per_floor":["M","?","M","?","M","R","E","R","T","M","M","M","R","M","R","B",null,"M","?","$","?","?","R","M","M","T","?","E","M","T","M","R","B"],"character_chosen":"IRONCLAD","items_purchased":[],"campfire_rested":5,"item_purchase_floors":[],"current_hp_per_floor":[75,75,69,69,74,74,52,76,76,69,43,38,62,57,80,40,70,62,62,62,62,80,80,72,61,61,45,35,17,17,25,49,0],"gold":371,"neow_bonus":"RANDOM_COLORLESS_2","is_prod":false,"is_daily":false,"chose_seed":false,"campfire_upgraded":1,"win_rate":0,"timestamp":1557409062,"path_taken":["M","?","M","?","?","R","E","R","T","M","M","M","R","M","R","BOSS","M","?","$","?","?","R","?","M","T","?","E","M","?","M","R","BOSS"],"build_version":"2019-01-23","purchased_purges":1,"victory":false,"max_hp_per_floor":[80,80,80,80,80,80,80,80,80,80,80,80,80,80,80,80,80,80,80,80,80,80,80,80,80,80,80,80,80,80,82,82,82],"card_choices":[{"not_picked":["Twin Strike","Second Wind"],"picked":"Pummel","floor":1.0},{"not_picked":["Anger","Fire Breathing"],"picked":"Sword Boomerang","floor":3.0},{"not_picked":["Power Through","Fiend Fire"],"picked":"Disarm","floor":5.0},{"not_picked":["Perfected Strike","Havoc","Clash"],"picked":"SKIP","floor":7.0},{"not_picked":["Sword Boomerang","Iron Wave"],"picked":"Shrug It Off","floor":10.0},{"not_picked":["Combust","Headbutt"],"picked":"Flex","floor":11.0},{"not_picked":["Warcry","Intimidate"],"picked":"Rage","floor":12.0},{"not_picked":["Headbutt","Anger"],"picked":"Flex","floor":14.0},{"not_picked":["Brutality","Bludgeon"],"picked":"Barricade","floor":16.0},{"not_picked":["Combust","Entrench+1"],"picked":"Uppercut","floor":18.0},{"not_picked":["Feel No Pain","Searing Blow"],"picked":"Inflame","floor":24.0},{"not_picked":["Sword Boomerang","Perfected Strike"],"picked":"Feel No Pain","floor":25.0},{"not_picked":["Iron Wave","True Grit","Clash+1"],"picked":"SKIP","floor":28.0},{"not_picked":["Bloodletting","Rampage","Sever Soul"],"picked":"SKIP","floor":29.0},{"not_picked":["Body Slam","Burning Pact","Twin Strike"],"picked":"Singing Bowl","floor":31}],"player_experience":763631,"relics_obtained":[{"floor":7.0,"key":"Ancient Tea Set"},{"floor":9.0,"key":"Paper Frog"},{"floor":26.0,"key":"Orichalcum"},{"floor":27.0,"key":"Enchiridion"},{"floor":28.0,"key":"Art of War"},{"floor":30.0,"key":"Singing Bowl"}],"event_choices":[{"damage_healed":0.0,"max_hp_gain":0.0,"max_hp_loss":0.0,"gold_gain":0.0,"event_name":"Living Wall","player_choice":"Grow","floor":2.0,"gold_loss":0.0,"damage_taken":0.0,"cards_upgraded":["Metamorphosis"]},{"damage_healed":0.0,"max_hp_gain":0.0,"max_hp_loss":0.0,"gold_gain":0.0,"event_name":"Lab","player_choice":"Got Potions","floor":4.0,"gold_loss":0.0,"damage_taken":0.0},{"damage_healed":0.0,"max_hp_gain":0.0,"max_hp_loss":0.0,"gold_gain":0.0,"event_name":"Ghosts","player_choice":"Ignored","floor":19.0,"gold_loss":0.0,"damage_taken":0.0},{"damage_healed":0.0,"max_hp_gain":0.0,"max_hp_loss":0.0,"gold_gain":0.0,"event_name":"Vampires","player_choice":"Ignored","floor":21.0,"gold_loss":0.0,"damage_taken":0.0},{"cards_removed":["Purity"],"damage_healed":18.0,"max_hp_gain":0.0,"max_hp_loss":0.0,"gold_gain":0.0,"event_name":"Bonfire Elementals","player_choice":"Offered Uncommon","floor":22.0,"gold_loss":0.0,"damage_taken":0.0},{"damage_healed":0.0,"max_hp_gain":0.0,"max_hp_loss":0.0,"gold_gain":0.0,"event_name":"Cursed Tome","player_choice":"Obtained Book","floor":27.0,"gold_loss":0.0,"damage_taken":16.0}],"is_beta":false,"boss_relics":[{"not_picked":["Runic Pyramid","Eternal Feather"],"picked":"Sozu"}],"items_purged_floors":[20],"is_endless":false,"potions_floor_spawned":[1,5,7,11,12,16,24,28,29],"killed_by":"Automaton","ascension_level":6}