{"gold_per_floor":[218,16,16,31,46,46,46,46,46,74,93,149,160,174,174,251,251,251,251,251,251,251,251,251,251],"floor_reached":25,"playtime":883,"items_purged":["Strike_G"],"score":404,"play_id":"30fd5eed-92cb-4444-b1a0-9ff2583297c0","local_time":"20181227205857","is_ascension_mode":true,"campfire_choices":[{"data":"Neutralize","floor":6.0,"key":"SMITH"},{"data":"Noxious Fumes","floor":8.0,"key":"SMITH"},{"data":"A Thousand Cuts","floor":15.0,"key":"SMITH"},{"data":"Bouncing Flask","floor":23,"key":"SMITH"}],"neow_cost":"NONE","seed_source_timestamp":45072541001624,"circlet_count":0,"master_deck":["AscendersBane","Defend_G","Defend_G","Defend_G","Defend_G","Defend_G","Strike_G","Survivor","Neutralize+1","PiercingWail","Noxious Fumes+1","Dagger Spray","Backstab","Deflect","Dodge and Roll","A Thousand Cuts+1","Crippling Poison","Flying Knee","After Image","Prepared","Deadly Poison","Flechettes","Bouncing Flask+1"],"special_seed":0,"relics":["Ring of the Snake","Pen Nib","Omamori","Tiny Chest","Ectoplasm","Boot"],"potions_floor_usage":[18],"damage_taken":[{"damage":8.0,"enemies":"Jaw Worm","floor":1.0,"turns":7.0},{"damage":0.0,"enemies":"2 Louse","floor":4.0,"turns":3.0},{"damage":1.0,"enemies":"Small Slimes","floor":5.0,"turns":3.0},{"damage":13.0,"enemies":"Lagavulin","floor":10.0,"turns":5.0},{"damage":4.0,"enemies":"3 Louse","floor":11.0,"turns":4.0},{"damage":15.0,"enemies":"Gremlin Nob","floor":12.0,"turns":4.0},{"damage":6.0,"enemies":"Red Slaver","floor":13.0,"turns":3.0},{"damage":0.0,"enemies":"2 Fungi Beasts","floor":14.0,"turns":4.0},{"damage":9.0,"enemies":"The Guardian","floor":16.0,"turns":11.0},{"damage":5,"enemies":"3 Byrds","floor":18,"turns":4},{"damage":5,"enemies":"Shell Parasite","floor":22,"turns":5},{"damage":30,"enemies":"Book of Stabbing","floor":24,"turns":6},{"damage":16,"enemies":"Snake Plant","floor":25,"turns":1}],"seed_played":"-8515206804360113083","potions_obtained":[{"floor":1.0,"key":"PowerPotion"},{"floor":5.0,"key":"SpeedPotion"},{"floor":10.0,"key":"SneckoOil"},{"floor":13.0,"key":"SpeedPotion"},{"floor":18,"key":"SpeedPotion"},{"floor":22,"key":"Explosive Potion"}],"is_trial":false,"path_per_floor":["M","$","?","M","M","R","?","R","T","E","M","E","M","M","R","B",null,"M","?","?","?","M","R","E","M"],"character_chosen":"THE_SILENT","items_purchased":["Noxious Fumes","Dagger Spray"],"campfire_rested":0,"item_purchase_floors":[2,2],"current_hp_per_floor":[51,51,51,51,50,50,50,50,50,37,33,18,12,12,12,3,50,45,45,45,45,40,40,10,0],"gold":251,"neow_bonus":"HUNDRED_GOLD","is_prod":false,"is_daily":false,"chose_seed":false,"campfire_upgraded":4,"win_rate":0,"timestamp":1545973137,"path_taken":["M","$","?","M","M","R","?","R","T","E","M","E","M","M","R","BOSS","M","?","?","?","M","R","E","M"],"build_version":"2018-12-20","purchased_purges":1,"victory":false,"max_hp_per_floor":[66,66,66,66,66,66,66,66,66,66,66,66,66,66,66,66,66,66,66,66,66,66,66,66,66],"card_choices":[{"not_picked":["Masterful Stab","Dodge and Roll"],"picked":"PiercingWail","floor":1.0},{"not_picked":["Dagger Spray","Acrobatics"],"picked":"Backstab","floor":4.0},{"not_picked":["Dagger Spray","PiercingWail"],"picked":"Deflect","floor":5.0},{"not_picked":["Caltrops","Dagger Spray"],"picked":"Dodge and Roll","floor":10.0},{"not_picked":["PiercingWail","Slice"],"picked":"A Thousand Cuts","floor":11.0},{"not_picked":["Sucker Punch","Choke"],"picked":"Crippling Poison","floor":12.0},{"not_picked":["Blade Dance","Predator","Underhanded Strike"],"picked":"SKIP","floor":13.0},{"not_picked":["Bane","Quick Slash"],"picked":"Flying Knee","floor":14.0},{"not_picked":["Doppelganger","Phantasmal Killer"],"picked":"After Image","floor":16.0},{"not_picked":["Dagger Throw","Sucker Punch"],"picked":"Prepared","floor":18},{"not_picked":["Reflex","Underhanded Strike"],"picked":"Bouncing Flask","floor":22},{"not_picked":["Heel Hook","Deflect","Outmaneuver"],"picked":"SKIP","floor":24}],"player_experience":1897935,"relics_obtained":[{"floor":9.0,"key":"Pen Nib"},{"floor":10.0,"key":"Omamori"},{"floor":12.0,"key":"Tiny Chest"},{"floor":24,"key":"Boot"}],"event_choices":[{"damage_healed":0.0,"max_hp_gain":0.0,"max_hp_loss":0.0,"gold_gain":0.0,"event_name":"Golden Wing","player_choice":"Ignored","floor":3.0,"gold_loss":0.0,"damage_taken":0.0},{"damage_healed":0.0,"max_hp_gain":0.0,"max_hp_loss":0.0,"gold_gain":0.0,"event_name":"Liars Game","player_choice":"Ignored","floor":7.0,"gold_loss":0.0,"damage_taken":0.0},{"damage_healed":0,"gold_gain":0,"cards_transformed":["Strike_G","Strike_G"],"player_choice":"Became Test Subject","damage_taken":0,"max_hp_gain":0,"max_hp_loss":0,"event_name":"Drug Dealer","floor":19,"gold_loss":0,"cards_obtained":["Deadly Poison","Flechettes"]},{"damage_healed":0,"gold_gain":0,"player_choice":"Smashed Altar","damage_taken":0,"max_hp_gain":0,"max_hp_loss":0,"event_name":"Forgotten Altar","floor":20,"gold_loss":0,"cards_obtained":["Decay"]},{"cards_removed":["Strike_G"],"damage_healed":0,"gold_gain":0,"player_choice":"Purged","damage_taken":0,"max_hp_gain":0,"max_hp_loss":0,"event_name":"Purifier","floor":21,"gold_loss":0}],"is_beta":false,"boss_relics":[{"not_picked":["Empty Cage","Black Star"],"picked":"Ectoplasm"}],"items_purged_floors":[2],"is_endless":false,"potions_floor_spawned":[1,5,10,13,14,18,22,24],"killed_by":"Snake Plant","ascension_level":15}