{"gold_per_floor":[119,129,129,145,145,145,160,174,174,193,193,223,236,52,52,157,157,138,151,151,233,88,88,98,98,124,141,141,174,89,108,108,209,209,224,1223,875,875,887,887,919,974,1028,298,312,322,354,369,369,369],"floor_reached":51,"playtime":5108,"items_purged":["Normality","Normality"],"score":799,"play_id":"eb37320e-93d8-42df-938e-65b8015fb860","local_time":"20181106220341","is_ascension_mode":true,"campfire_choices":[{"data":"Flame Barrier","floor":6,"key":"SMITH"},{"floor":15,"key":"REST"},{"data":"Limit Break","floor":23,"key":"SMITH"},{"data":"Mayhem","floor":25,"key":"SMITH"},{"data":"Spot Weakness","floor":28,"key":"SMITH"},{"floor":32,"key":"REST"},{"data":"Demon Form","floor":40,"key":"SMITH"},{"data":"Apotheosis","floor":49,"key":"SMITH"}],"neow_cost":"NONE","seed_source_timestamp":2017085226772685,"circlet_count":0,"master_deck":["Strike_R+1","Strike_R","Strike_R","Strike_R","Strike_R+1","Defend_R","Defend_R","Defend_R","Defend_R+1","Bash","Infernal Blade","Bash","Flame Barrier+1","Pommel Strike","Flex","Reaper+1","Disarm","Spot Weakness+1","Mayhem+1","Limit Break+1","Bloodletting+1","Heavy Blade","Fire Breathing+1","Shrug It Off+1","Metallicize","Demon Form+1","Decay","Pain","Parasite","Shrug It Off+1","Apotheosis+1","Demon Form+1","Pommel Strike+1","Shockwave+1"],"relics":["Burning Blood","Strawberry","Oddly Smooth Stone","Mummified Hand","Thread and Needle","Mark of Pain","Question Card","Orichalcum","Pen Nib","Smiling Mask","Pantograph","Calling Bell","Vajra","Sundial","Du-Vu Doll","Turnip","Whetstone","StoneCalendar","MawBank","PreservedInsect","Anchor","DollysMirror","Omamori"],"potions_floor_usage":[4,12,12,12,12,16,18,31,33,33,41,45,50],"damage_taken":[{"damage":8,"enemies":"2 Louse","floor":1,"turns":3},{"damage":14,"enemies":"Cultist","floor":2,"turns":5},{"damage":0,"enemies":"Jaw Worm","floor":4,"turns":1},{"damage":13,"enemies":"Looter","floor":7,"turns":4},{"damage":27,"enemies":"3 Louse","floor":8,"turns":2},{"damage":0,"enemies":"Large Slime","floor":10,"turns":4},{"damage":26,"enemies":"Lagavulin","floor":12,"turns":5},{"damage":1,"enemies":"Blue Slaver","floor":13,"turns":4},{"damage":51,"enemies":"Slime Boss","floor":16,"turns":13},{"damage":12,"enemies":"2 Thieves","floor":18,"turns":4},{"damage":40,"enemies":"Shell Parasite","floor":19,"turns":6},{"damage":12,"enemies":"Snake Plant","floor":24,"turns":6},{"damage":10,"enemies":"Centurion and Healer","floor":27,"turns":6},{"damage":49,"enemies":"Gremlin Leader","floor":29,"turns":7},{"damage":28,"enemies":"Sentry and Sphere","floor":31,"turns":5},{"damage":33,"enemies":"Collector","floor":33,"turns":9},{"damage":23,"enemies":"3 Shapes","floor":35,"turns":4},{"damage":19,"enemies":"3 Darklings","floor":39,"turns":4},{"damage":32,"enemies":"Giant Head","floor":41,"turns":7},{"damage":37,"enemies":"2 Orb Walkers","floor":42,"turns":5},{"damage":6,"enemies":"Jaw Worm Horde","floor":45,"turns":5},{"damage":4,"enemies":"Maw","floor":46,"turns":5},{"damage":26,"enemies":"Nemesis","floor":47,"turns":5},{"damage":4,"enemies":"Transient","floor":48,"turns":5},{"damage":42,"enemies":"Time Eater","floor":50,"turns":8}],"seed_played":"57802268403821669","potions_obtained":[{"floor":1,"key":"AttackPotion"},{"floor":4,"key":"EntropicBrew"},{"floor":13,"key":"FearPotion"},{"floor":16,"key":"SkillPotion"},{"floor":24,"key":"SpeedPotion"},{"floor":29,"key":"Poison Potion"},{"floor":31,"key":"AttackPotion"},{"floor":33,"key":"PowerPotion"},{"floor":42,"key":"EssenceOfSteel"},{"floor":46,"key":"BloodPotion"}],"is_trial":false,"path_per_floor":["M","M","?","M","?","R","M","M","T","M","?","E","M","$","R","B",null,"M","M","?","T","$","R","M","R","T","M","R","E","?","M","R","B",null,"M","?","$","?","M","R","E","?","T","$","M","M","E","M","R","B",null],"character_chosen":"IRONCLAD","items_purchased":["Mayhem","Orichalcum","Turnip","PreservedInsect","Anchor","Apotheosis","DollysMirror"],"campfire_rested":2,"item_purchase_floors":[14,22,37,44,44,44,44],"current_hp_per_floor":[85,77,77,83,71,71,64,43,43,49,32,22,27,27,53,18,87,87,60,60,60,60,60,54,54,54,50,50,26,26,14,40,55,87,83,83,83,83,87,87,62,56,56,56,72,87,67,87,87,59],"gold":369,"neow_bonus":"RANDOM_COMMON_RELIC","is_prod":false,"is_daily":false,"chose_seed":false,"campfire_upgraded":6,"win_rate":0,"timestamp":1541559821,"path_taken":["M","M","?","?","?","R","M","M","T","M","?","E","M","$","R","BOSS","M","M","?","?","$","R","M","R","T","M","R","E","?","M","R","BOSS","M","?","$","?","M","R","E","?","T","$","M","M","E","M","R","BOSS"],"build_version":"2018-11-01","purchased_purges":2,"victory":true,"max_hp_per_floor":[87,87,87,87,87,87,87,87,87,87,87,87,87,87,87,87,87,87,87,87,87,87,87,87,87,87,87,87,87,87,87,87,87,87,87,87,87,87,87,87,87,87,87,87,87,87,87,87,87,87],"card_choices":[{"not_picked":["Sentinel","True Grit","Thunderclap"],"picked":"SKIP","floor":1},{"not_picked":["Carnage","Thunderclap"],"picked":"Infernal Blade","floor":2},{"not_picked":["Shockwave","Combust"],"picked":"Flame Barrier","floor":4},{"not_picked":["Wild Strike","Sentinel"],"picked":"Pommel Strike","floor":7},{"not_picked":["Anger","Burning Pact"],"picked":"Flex","floor":8},{"not_picked":["Shrug It Off","Anger"],"picked":"Reaper","floor":10},{"not_picked":["Berserk","Intimidate"],"picked":"Disarm","floor":12},{"not_picked":["Rupture","Wild Strike"],"picked":"Spot Weakness","floor":13},{"not_picked":["Fiend Fire","Juggernaut"],"picked":"Limit Break","floor":16},{"not_picked":["Infernal Blade","Dual Wield"],"picked":"Bloodletting+1","floor":18},{"not_picked":["Anger","Clash+1","Bloodletting"],"picked":"SKIP","floor":19},{"not_picked":["Wild Strike","Uppercut","Iron Wave"],"picked":"Fire Breathing+1","floor":24},{"not_picked":["Havoc","Hemokinesis+1","Infernal Blade","Warcry"],"picked":"SKIP","floor":27},{"not_picked":["Iron Wave+1","Clothesline","True Grit"],"picked":"Shrug It Off+1","floor":29},{"not_picked":["Blood for Blood","True Grit","Thunderclap"],"picked":"Metallicize","floor":31},{"not_picked":["Reaper","Impervious","Immolate"],"picked":"Demon Form","floor":33},{"not_picked":["Havoc","Iron Wave","Twin Strike","Hemokinesis"],"picked":"SKIP","floor":35},{"not_picked":["Burning Pact+1","Body Slam","Bludgeon"],"picked":"Shrug It Off+1","floor":39},{"not_picked":["Entrench+1","Body Slam+1","Infernal Blade","Anger"],"picked":"SKIP","floor":41},{"not_picked":["Shrug It Off","Feed","Infernal Blade"],"picked":"Pommel Strike+1","floor":45},{"not_picked":["Sentinel+1","Cleave+1","Evolve"],"picked":"Shockwave+1","floor":46},{"not_picked":["Immolate","Cleave","Perfected Strike","Second Wind"],"picked":"SKIP","floor":47},{"not_picked":["Rupture","Seeing Red+1","Havoc+1","Clash"],"picked":"SKIP","floor":48}],"player_experience":106406,"relics_obtained":[{"floor":9,"key":"Mummified Hand"},{"floor":12,"key":"Thread and Needle"},{"floor":21,"key":"Question Card"},{"floor":26,"key":"Pen Nib"},{"floor":29,"key":"Smiling Mask"},{"floor":34,"key":"Vajra"},{"floor":34,"key":"Sundial"},{"floor":34,"key":"Du-Vu Doll"},{"floor":41,"key":"Whetstone"},{"floor":42,"key":"StoneCalendar"},{"floor":43,"key":"MawBank"},{"floor":47,"key":"Omamori"}],"event_choices":[{"damage_healed":0,"gold_gain":0,"player_choice":"1 cards matched","damage_taken":0,"max_hp_gain":0,"max_hp_loss":0,"event_name":"Match and Keep!","floor":3,"gold_loss":0,"cards_obtained":["Bash"]},{"damage_healed":0,"gold_gain":0,"player_choice":"Success","damage_taken":12,"relics_obtained":["Oddly Smooth Stone"],"max_hp_gain":0,"max_hp_loss":0,"event_name":"Scrap Ooze","floor":5,"gold_loss":0},{"damage_healed":0,"gold_gain":0,"player_choice":"Entered Light","damage_taken":17,"max_hp_gain":0,"max_hp_loss":0,"event_name":"Shining Light","floor":11,"gold_loss":0,"cards_upgraded":["Defend_R","Reaper"]},{"damage_healed":0,"gold_gain":0,"player_choice":"Read","damage_taken":0,"max_hp_gain":0,"max_hp_loss":0,"event_name":"The Library","floor":20,"gold_loss":0,"cards_obtained":["Heavy Blade"]},{"damage_healed":0,"gold_gain":0,"player_choice":"Obtained Relic","damage_taken":0,"relics_obtained":["Pantograph"],"max_hp_gain":0,"max_hp_loss":0,"event_name":"Addict","floor":30,"gold_loss":85},{"damage_healed":0,"gold_gain":999,"player_choice":"Gold","damage_taken":0,"max_hp_gain":0,"max_hp_loss":0,"event_name":"MindBloom","floor":36,"gold_loss":0,"cards_obtained":["Normality","Normality"]},{"damage_healed":0,"gold_gain":0,"player_choice":"Ignored","damage_taken":0,"max_hp_gain":0,"max_hp_loss":0,"event_name":"Tomb of Lord Red Mask","floor":38,"gold_loss":0},{"damage_healed":0,"gold_gain":0,"player_choice":"Fight","damage_taken":0,"max_hp_gain":0,"max_hp_loss":0,"event_name":"Mysterious Sphere","floor":42,"gold_loss":0}],"is_beta":false,"boss_relics":[{"not_picked":["Black Blood","Cursed Key"],"picked":"Mark of Pain"},{"not_picked":["Tiny House","Philosopher\u0027s Stone"],"picked":"Calling Bell"}],"items_purged_floors":[37,44],"is_endless":false,"potions_floor_spawned":[1,4,13,16,24,29,31,33,42,46],"ascension_level":2}