{"gold_per_floor":[118,118,133,145,163,188,188,207,207,224,244,244,273,293,293,388,388,398,409,80,97,107,107,141,141,141,141,141,152,162,192,192,294,294,304,1,18,33,0,0,35,89,89,106,206,10,22,32,32,32],"floor_reached":51,"playtime":1839,"items_purged":["Regret","Defend_R","Defend_R"],"score":835,"play_id":"e3e59c81-3567-4b43-870b-0bdb20d0b584","local_time":"20190105143253","is_ascension_mode":false,"campfire_choices":[{"data":"Cleave","floor":7,"key":"SMITH"},{"data":"Armaments","floor":15,"key":"SMITH"},{"data":"Perfected Strike","floor":23,"key":"SMITH"},{"data":"Perfected Strike","floor":25,"key":"SMITH"},{"data":"Perfected Strike","floor":27,"key":"SMITH"},{"data":"Warcry","floor":32,"key":"SMITH"},{"data":"Pommel Strike","floor":40,"key":"SMITH"},{"data":"Pommel Strike","floor":49,"key":"SMITH"}],"neow_cost":"NONE","seed_source_timestamp":0,"circlet_count":0,"master_deck":["Strike_R","Strike_R","Strike_R","Strike_R","Strike_R","Defend_R+1","Defend_R+1","Bash+1","Cleave+1","Twin Strike","Headbutt","Twin Strike","Pommel Strike+1","Armaments+1","Pommel Strike+1","Shrug It Off","Twin Strike","Twin Strike","Perfected Strike+1","Perfected Strike+1","Perfected Strike+1","Wild Strike","Thunderclap+1","Pommel Strike+1","Warcry+1","Pommel Strike+1","Warcry+1","Shrug It Off+1","Pommel Strike+1","Pommel Strike+1"],"special_seed":0,"relics":["Burning Blood","Mercury Hourglass","Matryoshka","Orichalcum","Nunchaku","Orrery","Dodecahedron","Bag of Preparation","Smiling Mask","Pocketwatch","MutagenicStrength","Ice Cream","Coffee Dripper","Bottled Lightning","Red Mask","Juzu Bracelet","Charon\u0027s Ashes","Self Forming Clay","Pantograph","Champion Belt","War Paint"],"potions_floor_usage":[24,31,50,50],"damage_taken":[{"damage":6.0,"enemies":"Jaw Worm","floor":1.0,"turns":3.0},{"damage":0.0,"enemies":"Small Slimes","floor":3.0,"turns":3.0},{"damage":5.0,"enemies":"2 Louse","floor":4.0,"turns":2.0},{"damage":10.0,"enemies":"Looter","floor":5.0,"turns":2.0},{"damage":9.0,"enemies":"3 Sentries","floor":6.0,"turns":5.0},{"damage":0,"enemies":"3 Louse","floor":8,"turns":1},{"damage":3,"enemies":"Exordium Wildlife","floor":10,"turns":3},{"damage":13,"enemies":"Red Slaver","floor":11,"turns":2},{"damage":10,"enemies":"Gremlin Nob","floor":13,"turns":3},{"damage":7,"enemies":"Blue Slaver","floor":14,"turns":2},{"damage":37,"enemies":"Hexaghost","floor":16,"turns":11},{"damage":4,"enemies":"Chosen","floor":18,"turns":3},{"damage":4,"enemies":"2 Thieves","floor":19,"turns":2},{"damage":3,"enemies":"Snecko","floor":21,"turns":3},{"damage":0,"enemies":"Snake Plant","floor":22,"turns":2},{"damage":6,"enemies":"Book of Stabbing","floor":24,"turns":3},{"damage":0,"enemies":"Chosen and Byrds","floor":29,"turns":3},{"damage":0,"enemies":"Sentry and Sphere","floor":30,"turns":2},{"damage":2,"enemies":"Slavers","floor":31,"turns":4},{"damage":25,"enemies":"Automaton","floor":33,"turns":6},{"damage":0,"enemies":"Orb Walker","floor":35,"turns":2},{"damage":0,"enemies":"3 Shapes","floor":37,"turns":1},{"damage":0,"enemies":"Maw","floor":38,"turns":4},{"damage":52,"enemies":"Nemesis","floor":41,"turns":5},{"damage":5,"enemies":"2 Orb Walkers","floor":42,"turns":2},{"damage":0,"enemies":"Spire Growth","floor":44,"turns":2},{"damage":12,"enemies":"Mind Bloom Boss Battle","floor":45,"turns":4},{"damage":0,"enemies":"Transient","floor":47,"turns":5},{"damage":4,"enemies":"Writhing Mass","floor":48,"turns":3},{"damage":60,"enemies":"Awakened One","floor":50,"turns":8}],"seed_played":"-2649676608173343483","potions_obtained":[{"floor":3.0,"key":"Energy Potion"},{"floor":5.0,"key":"EssenceOfSteel"},{"floor":13,"key":"Fire Potion"},{"floor":14,"key":"GamblersBrew"},{"floor":16,"key":"Block Potion"},{"floor":29,"key":"SteroidPotion"},{"floor":31,"key":"SteroidPotion"},{"floor":45,"key":"Regen Potion"}],"is_trial":false,"path_per_floor":["M","?","M","M","M","E","R","M","T","M","M","?","E","M","R","B",null,"M","M","$","M","M","R","E","R","T","R","?","M","M","E","R","B",null,"M","$","M","M","?","R","E","?","T","M","?","$","M","M","R","B",null],"character_chosen":"IRONCLAD","items_purchased":["Dodecahedron","Bottled Lightning","War Paint"],"campfire_rested":0,"item_purchase_floors":[20,36,46],"current_hp_per_floor":[80,64,70,71,67,64,64,70,70,73,66,66,62,61,61,30,80,80,80,80,80,80,80,80,80,80,80,80,80,80,80,80,61,80,80,80,80,80,80,80,34,35,35,41,60,60,66,68,68,41],"gold":32,"neow_bonus":"THREE_CARDS","is_prod":false,"is_daily":false,"chose_seed":false,"campfire_upgraded":8,"win_rate":0,"timestamp":1546695173,"path_taken":["M","?","M","M","M","E","R","M","T","M","M","?","E","M","R","BOSS","M","M","$","M","M","R","E","R","T","R","?","M","M","E","R","BOSS","M","$","M","M","?","R","E","?","T","M","?","?","M","M","R","BOSS"],"build_version":"2019-01-03v4","purchased_purges":3,"victory":true,"max_hp_per_floor":[80,80,80,80,80,80,80,80,80,80,80,80,80,80,80,80,80,80,80,80,80,80,80,80,80,80,80,80,80,80,80,80,80,80,80,80,80,80,80,80,80,80,80,80,80,80,80,80,80,80],"card_choices":[{"not_picked":["Flex","Second Wind"],"picked":"Cleave","floor":0.0},{"not_picked":["Clash","Rampage","Havoc"],"picked":"SKIP","floor":1.0},{"not_picked":["Clash","Flex"],"picked":"Twin Strike","floor":3.0},{"not_picked":["Dropkick","Sword Boomerang"],"picked":"Headbutt","floor":4.0},{"not_picked":["Clash","Entrench"],"picked":"Twin Strike","floor":5.0},{"not_picked":["Whirlwind","Rupture"],"picked":"Pommel Strike","floor":6},{"not_picked":["Thunderclap","Iron Wave"],"picked":"Armaments","floor":8},{"not_picked":["Sentinel","Infernal Blade","Flex"],"picked":"SKIP","floor":10},{"not_picked":["Rampage","Wild Strike"],"picked":"Pommel Strike","floor":11},{"not_picked":["Power Through","Heavy Blade"],"picked":"Shrug It Off","floor":13},{"not_picked":["Feel No Pain","Armaments"],"picked":"Twin Strike","floor":14},{"not_picked":["Iron Wave","Anger"],"picked":"Twin Strike","floor":17},{"not_picked":["True Grit","Heavy Blade"],"picked":"Perfected Strike","floor":17},{"not_picked":["Heavy Blade","Seeing Red"],"picked":"Perfected Strike","floor":17},{"not_picked":["Evolve","Entrench"],"picked":"Perfected Strike","floor":17},{"not_picked":["Flex+1","Sword Boomerang","Heavy Blade+1"],"picked":"SKIP","floor":18},{"not_picked":["Havoc","Evolve"],"picked":"Wild Strike","floor":19},{"not_picked":["Anger","Offering"],"picked":"Thunderclap+1","floor":21},{"not_picked":["Clash","Searing Blow"],"picked":"Pommel Strike+1","floor":22},{"not_picked":["Carnage","Brutality","Corruption"],"picked":"SKIP","floor":24},{"not_picked":["Armaments+1","Havoc","Sword Boomerang+1"],"picked":"SKIP","floor":29},{"not_picked":["Spot Weakness+1","Shrug It Off"],"picked":"Warcry","floor":30},{"not_picked":["Havoc","Juggernaut"],"picked":"Pommel Strike+1","floor":31},{"not_picked":["Thunderclap","Ghostly Armor","Body Slam"],"picked":"SKIP","floor":35},{"not_picked":["Clothesline","Anger"],"picked":"Warcry","floor":37},{"not_picked":["Sever Soul","Havoc+1","Body Slam+1"],"picked":"SKIP","floor":38},{"not_picked":["Disarm","Corruption+1","Sword Boomerang+1"],"picked":"SKIP","floor":41},{"not_picked":["Whirlwind+1","Intimidate+1"],"picked":"Shrug It Off+1","floor":44},{"not_picked":["Hemokinesis","True Grit"],"picked":"Pommel Strike+1","floor":45},{"not_picked":["Shrug It Off+1","Second Wind+1"],"picked":"Pommel Strike+1","floor":47},{"not_picked":["Havoc+1","Demon Form","Armaments+1"],"picked":"SKIP","floor":48}],"player_experience":413906,"relics_obtained":[{"floor":6,"key":"Mercury Hourglass"},{"floor":9,"key":"Matryoshka"},{"floor":13,"key":"Nunchaku"},{"floor":24,"key":"Bag of Preparation"},{"floor":26,"key":"Smiling Mask"},{"floor":26,"key":"Pocketwatch"},{"floor":31,"key":"Ice Cream"},{"floor":41,"key":"Juzu Bracelet"},{"floor":42,"key":"Charon\u0027s Ashes"},{"floor":43,"key":"Self Forming Clay"},{"floor":43,"key":"Pantograph"},{"floor":45,"key":"Champion Belt"}],"event_choices":[{"damage_healed":0.0,"max_hp_gain":0.0,"max_hp_loss":0.0,"gold_gain":0.0,"event_name":"Shining Light","player_choice":"Entered Light","floor":2.0,"gold_loss":0.0,"damage_taken":16.0,"cards_upgraded":["Defend_R","Bash"]},{"damage_healed":0,"gold_gain":0,"player_choice":"Box","damage_taken":0,"relics_obtained":["Orichalcum"],"max_hp_gain":0,"max_hp_loss":0,"event_name":"Big Fish","floor":12,"gold_loss":0,"cards_obtained":["Regret"]},{"damage_healed":0,"gold_gain":0,"player_choice":"Inject Mutagens","damage_taken":0,"relics_obtained":["MutagenicStrength"],"max_hp_gain":0,"max_hp_loss":0,"event_name":"Drug Dealer","floor":28,"gold_loss":0},{"damage_healed":0,"gold_gain":0,"player_choice":"Paid","damage_taken":0,"relics_obtained":["Red Mask"],"max_hp_gain":0,"max_hp_loss":0,"event_name":"Tomb of Lord Red Mask","floor":39,"gold_loss":33},{"damage_healed":0,"gold_gain":0,"player_choice":"Fight","damage_taken":0,"max_hp_gain":0,"max_hp_loss":0,"event_name":"Mysterious Sphere","floor":42,"gold_loss":0},{"damage_healed":0,"gold_gain":0,"player_choice":"Fight","damage_taken":0,"max_hp_gain":0,"max_hp_loss":0,"event_name":"MindBloom","floor":45,"gold_loss":0}],"is_beta":false,"boss_relics":[{"not_picked":["Empty Cage","Snecko Eye"],"picked":"Orrery"},{"not_picked":["Eternal Feather","Black Blood"],"picked":"Coffee Dripper"}],"items_purged_floors":[20,36,46],"is_endless":false,"potions_floor_spawned":[3,5,13,14,16,19,29,30,31,33,38,41,45],"ascension_level":0}