{"gold_per_floor":[115,115,190,213,107,107,123,166,166,181,225,246,279,300,300,393,393,418,437,103,138,152,196,196,237,284,315,355,394,394,418,418,514,514,533,153,153,176,201,240,240,253,253,87,118,132,163,186,186,186,186],"floor_reached":52,"playtime":2839,"items_purged":[],"score":2714,"play_id":"cd160c21-6118-483c-9b72-6574f5d2777c","local_time":"20190103192000","daily_mods":["SealedDeck","DeadlyEvents","Elite Swarm"],"is_ascension_mode":true,"campfire_choices":[{"floor":6.0,"key":"REST"},{"data":"Go for the Eyes","floor":15.0,"key":"SMITH"},{"data":"Beam Cell","floor":24.0,"key":"SMITH"},{"data":"Fission","floor":32.0,"key":"SMITH"},{"data":"Blizzard","floor":49,"key":"SMITH"}],"neow_cost":"","seed_source_timestamp":0,"circlet_count":0,"master_deck":["AscendersBane","Static Discharge","Rip and Tear","Sweeping Beam","Beam Cell+1","Leap","Compile Driver","BootSequence","Go for the Eyes+1","Ball Lightning","Glacier","Ball Lightning","Rainbow+1","Echo Form","Fission+1","Buffer","Chill","Blizzard+1","Storm","Echo Form","Thunder Strike","Reinforced Body+1","Biased Cognition"],"special_seed":0,"relics":["Cracked Core","Golden Idol","Pantograph","Ancient Tea Set","Bronze Scales","Ornamental Fan","Nuclear Battery","Mummified Hand","Bag of Marbles","Kunai","Orichalcum","Anchor","Letter Opener","Prayer Wheel","Dream Catcher","Blood Vial","Snecko Eye","FossilizedHelix","Shovel","DataDisk","Symbiotic Virus","War Paint"],"potions_floor_usage":[],"damage_taken":[{"damage":0.0,"enemies":"Small Slimes","floor":1.0,"turns":2.0},{"damage":0.0,"enemies":"Jaw Worm","floor":4.0,"turns":2.0},{"damage":0.0,"enemies":"Cultist","floor":7.0,"turns":2.0},{"damage":8.0,"enemies":"Gremlin Nob","floor":8.0,"turns":3.0},{"damage":0.0,"enemies":"Red Slaver","floor":10.0,"turns":2.0},{"damage":0.0,"enemies":"Lagavulin","floor":11.0,"turns":6.0},{"damage":0.0,"enemies":"Lots of Slimes","floor":12.0,"turns":3.0},{"damage":6.0,"enemies":"Gremlin Nob","floor":13.0,"turns":3.0},{"damage":0.0,"enemies":"3 Louse","floor":14.0,"turns":2.0},{"damage":16.0,"enemies":"Hexaghost","floor":16.0,"turns":5.0},{"damage":4.0,"enemies":"Spheric Guardian","floor":18.0,"turns":3.0},{"damage":2.0,"enemies":"2 Thieves","floor":19.0,"turns":3.0},{"damage":1.0,"enemies":"Book of Stabbing","floor":21.0,"turns":4.0},{"damage":0.0,"enemies":"Snake Plant","floor":22.0,"turns":2.0},{"damage":2.0,"enemies":"Gremlin Leader","floor":23.0,"turns":4.0},{"damage":3.0,"enemies":"Slavers","floor":25.0,"turns":3.0},{"damage":7.0,"enemies":"Gremlin Leader","floor":27.0,"turns":5.0},{"damage":9.0,"enemies":"Book of Stabbing","floor":28.0,"turns":4.0},{"damage":0.0,"enemies":"Gremlin Leader","floor":29.0,"turns":4.0},{"damage":8.0,"enemies":"Cultist and Chosen","floor":31.0,"turns":5.0},{"damage":0.0,"enemies":"Automaton","floor":33.0,"turns":9.0},{"damage":0.0,"enemies":"3 Shapes","floor":35.0,"turns":2.0},{"damage":0.0,"enemies":"3 Darklings","floor":38.0,"turns":4.0},{"damage":0.0,"enemies":"Maw","floor":39.0,"turns":6.0},{"damage":17.0,"enemies":"Giant Head","floor":40.0,"turns":12.0},{"damage":7.0,"enemies":"4 Shapes","floor":42.0,"turns":5.0},{"damage":0,"enemies":"Reptomancer","floor":45,"turns":5},{"damage":0,"enemies":"Transient","floor":46,"turns":6},{"damage":0,"enemies":"Giant Head","floor":47,"turns":6},{"damage":0,"enemies":"3 Darklings","floor":48,"turns":3},{"damage":0,"enemies":"Awakened One","floor":50,"turns":7},{"damage":0,"enemies":"Time Eater","floor":51,"turns":5}],"seed_played":"-8636543501705851770","potions_obtained":[{"floor":1.0,"key":"GamblersBrew"},{"floor":10.0,"key":"EssenceOfSteel"},{"floor":12.0,"key":"Strength Potion"},{"floor":21.0,"key":"FocusPotion"},{"floor":31.0,"key":"Regen Potion"},{"floor":33.0,"key":"FocusPotion"},{"floor":40.0,"key":"Strength Potion"},{"floor":46,"key":"FocusPotion"}],"is_trial":true,"path_per_floor":["M","?","?","M","$","R","M","E","T","M","E","M","E","M","R","B",null,"M","M","$","E","M","E","R","E","T","E","E","E","T","M","R","B",null,"M","$","?","M","M","E","$","M","T","$","E","M","E","M","R","B","B",null],"character_chosen":"DEFECT","items_purchased":["Ball Lightning","Strength Potion","Mummified Hand","Block Potion","FossilizedHelix","Blizzard","DataDisk"],"campfire_rested":1,"item_purchase_floors":[5,5,20,20,36,36,44],"current_hp_per_floor":[64,40,29,29,29,50,50,42,42,42,42,42,36,36,36,45,65,61,59,59,58,58,56,56,53,53,46,37,37,37,31,31,71,71,71,71,71,71,71,54,54,49,49,49,51,53,55,57,57,71,71],"gold":186,"neow_bonus":"","is_prod":false,"is_daily":false,"chose_seed":false,"campfire_upgraded":4,"win_rate":0,"timestamp":1546572000,"path_taken":["M","?","?","M","$","R","M","E","T","?","E","M","E","M","R","BOSS","M","M","?","?","M","E","R","E","T","E","?","?","?","M","R","BOSS","M","$","?","M","M","E","$","?","T","$","E","M","E","M","R","BOSS","BOSS"],"build_version":"2019-01-03","purchased_purges":0,"victory":true,"max_hp_per_floor":[71,71,71,71,71,71,71,71,71,71,71,71,71,71,71,71,71,71,71,71,71,71,71,71,71,71,71,71,71,71,71,71,71,71,71,71,71,71,71,71,71,71,71,71,71,71,71,71,71,71,71],"card_choices":[{"not_picked":["Chaos","Sunder"],"picked":"Glacier","floor":1.0},{"not_picked":["Rebound","Go for the Eyes","Steam Power"],"picked":"SKIP","floor":4.0},{"not_picked":["Hologram","Blizzard","White Noise"],"picked":"SKIP","floor":7.0},{"not_picked":["Machine Learning","Seek"],"picked":"Rainbow","floor":8.0},{"not_picked":["Aggregate","Barrage","Steam"],"picked":"SKIP","floor":10.0},{"not_picked":["Amplify","Thunder Strike","Seek"],"picked":"SKIP","floor":11.0},{"not_picked":["Stack","Go for the Eyes","Beam Cell"],"picked":"SKIP","floor":12.0},{"not_picked":["All For One","Thunder Strike","Hyperbeam"],"picked":"SKIP","floor":13.0},{"not_picked":["Ball Lightning","Scrape","Stack"],"picked":"SKIP","floor":14.0},{"not_picked":["Seek","Rainbow"],"picked":"Echo Form","floor":16.0},{"not_picked":["Aggregate","Streamline","Beam Cell"],"picked":"SKIP","floor":18.0},{"not_picked":["Sweeping Beam","Steam","Barrage"],"picked":"SKIP","floor":19.0},{"not_picked":["Reboot","Multi-Cast","Machine Learning"],"picked":"SKIP","floor":21.0},{"not_picked":["Coolheaded","Gash","Turbo"],"picked":"SKIP","floor":22.0},{"not_picked":["Multi-Cast","Amplify","Echo Form"],"picked":"SKIP","floor":23.0},{"not_picked":["Seek","Rainbow"],"picked":"Fission","floor":25.0},{"not_picked":["Thunder Strike","Meteor Strike","Rainbow"],"picked":"SKIP","floor":27.0},{"not_picked":["Multi-Cast","Seek","All For One"],"picked":"SKIP","floor":28.0},{"not_picked":["Machine Learning","Multi-Cast"],"picked":"Buffer","floor":29.0},{"not_picked":["Steam+1","Sweeping Beam+1"],"picked":"Chill","floor":31.0},{"not_picked":["Darkness","White Noise","Barrage"],"picked":"SKIP","floor":31.0},{"not_picked":["Coolheaded","Darkness","Ball Lightning"],"picked":"SKIP","floor":35.0},{"not_picked":["Streamline+1","Reprogram+1","Redo"],"picked":"SKIP","floor":35.0},{"not_picked":["Hello World","Force Field","Darkness+1"],"picked":"SKIP","floor":38.0},{"not_picked":["Melter+1","Tempest+1","Go for the Eyes+1"],"picked":"SKIP","floor":38.0},{"not_picked":["Redo+1","Ball Lightning"],"picked":"Storm","floor":39.0},{"not_picked":["Streamline","Barrage","Hello World"],"picked":"SKIP","floor":39.0},{"not_picked":["Thunder Strike","Reboot"],"picked":"Echo Form","floor":40.0},{"not_picked":["Go for the Eyes+1","Turbo+1","Ball Lightning"],"picked":"SKIP","floor":42.0},{"not_picked":["Compile Driver","Ball Lightning","Hyperbeam"],"picked":"SKIP","floor":42.0},{"not_picked":["Reboot","Buffer"],"picked":"Thunder Strike","floor":45},{"not_picked":["Turbo","Ball Lightning"],"picked":"Reinforced Body","floor":46},{"not_picked":["Aggregate","Ball Lightning","Hologram"],"picked":"SKIP","floor":46},{"not_picked":["Thunder Strike","Reboot"],"picked":"Biased Cognition","floor":47},{"not_picked":["Chill","Turbo","Blizzard"],"picked":"SKIP","floor":48},{"not_picked":["Steam","Static Discharge","Barrage"],"picked":"SKIP","floor":48}],"player_experience":1940298,"relics_obtained":[{"floor":8.0,"key":"Pantograph"},{"floor":9.0,"key":"Ancient Tea Set"},{"floor":11.0,"key":"Bronze Scales"},{"floor":13.0,"key":"Ornamental Fan"},{"floor":21.0,"key":"Bag of Marbles"},{"floor":23.0,"key":"Kunai"},{"floor":25.0,"key":"Orichalcum"},{"floor":26.0,"key":"Anchor"},{"floor":27.0,"key":"Letter Opener"},{"floor":28.0,"key":"Prayer Wheel"},{"floor":29.0,"key":"Dream Catcher"},{"floor":30.0,"key":"Blood Vial"},{"floor":40.0,"key":"Shovel"},{"floor":45,"key":"Symbiotic Virus"},{"floor":47,"key":"War Paint"}],"event_choices":[{"damage_healed":0.0,"max_hp_gain":0.0,"max_hp_loss":0.0,"gold_gain":0.0,"event_name":"Golden Idol","player_choice":"Take Damage","floor":2.0,"gold_loss":0.0,"damage_taken":24.0,"relics_obtained":["Golden Idol"]},{"damage_healed":0.0,"max_hp_gain":0.0,"max_hp_loss":0.0,"gold_gain":75.0,"event_name":"World of Goop","player_choice":"Gather Gold","floor":3.0,"gold_loss":0.0,"damage_taken":11.0},{"cards_removed":["Coolheaded"],"damage_healed":0.0,"max_hp_gain":0.0,"max_hp_loss":0.0,"gold_gain":0.0,"event_name":"Falling","player_choice":"Removed Skill","floor":37.0,"gold_loss":0.0,"damage_taken":0.0}],"is_beta":false,"boss_relics":[{"not_picked":["Astrolabe","Lizard Tail"],"picked":"Nuclear Battery"},{"not_picked":["Calling Bell","Runic Dome"],"picked":"Snecko Eye"}],"items_purged_floors":[],"is_endless":false,"potions_floor_spawned":[1,10,11,12,14,21,27,28,31,33,35,40,46,48],"ascension_level":20}