{"gold_per_floor":[115,134,134,154,165,165,182,182,182,182,198,198,198,213,213,285,285,304,304,318,318,331,331,350,350,375,375,387,387,387,7,7,84,84,101,148,58,75,27,27,59,59,137,172,172,172,19,19,19,19],"floor_reached":51,"playtime":1853,"items_purged":["Strike_R"],"score":1193,"play_id":"b8700778-5deb-4daf-8165-8322a31499cc","local_time":"20190420131945","is_ascension_mode":true,"campfire_choices":[{"data":"Infernal Blade","floor":6.0,"key":"SMITH"},{"data":"Demon Form","floor":8.0,"key":"SMITH"},{"data":"Immolate","floor":12.0,"key":"SMITH"},{"data":"Whirlwind","floor":15.0,"key":"SMITH"},{"floor":23.0,"key":"RECALL"},{"data":"Bash","floor":25.0,"key":"SMITH"},{"data":"Blind","floor":27.0,"key":"SMITH"},{"data":"Flex","floor":30.0,"key":"SMITH"},{"floor":32.0,"key":"REST"},{"data":"Shockwave","floor":40,"key":"SMITH"},{"data":"Double Tap","floor":42,"key":"SMITH"},{"data":"Offering","floor":45,"key":"SMITH"},{"data":"Twin Strike","floor":49,"key":"SMITH"}],"neow_cost":"NONE","seed_source_timestamp":0,"circlet_count":0,"master_deck":["AscendersBane","Defend_R","Defend_R","Defend_R","Defend_R+1","Bash+1","Flex+1","Blind+1","Demon Form+1","Infernal Blade+1","Shrug It Off","Twin Strike+1","Shrug It Off","Immolate+1","Whirlwind+1","Offering+1","Blood for Blood+1","Shrug It Off+1","Shrug It Off+1","Immolate+1","Double Tap+1","True Grit+1","Shockwave+1"],"special_seed":0,"relics":["Burning Blood","Question Card","Snecko Eye","Mercury Hourglass","Gambling Chip","Mark of Pain","Thread and Needle","Letter Opener","Blue Candle","PreservedInsect","Anchor"],"potions_floor_usage":[33,41,50],"damage_taken":[{"damage":15.0,"enemies":"Small Slimes","floor":1.0,"turns":4.0},{"damage":1.0,"enemies":"Cultist","floor":2.0,"turns":4.0},{"damage":6.0,"enemies":"2 Louse","floor":4.0,"turns":3.0},{"damage":18.0,"enemies":"Red Slaver","floor":5.0,"turns":5.0},{"damage":0.0,"enemies":"Lots of Slimes","floor":7.0,"turns":2.0},{"damage":7.0,"enemies":"Exordium Wildlife","floor":11.0,"turns":5.0},{"damage":0.0,"enemies":"2 Fungi Beasts","floor":14.0,"turns":1.0},{"damage":47.0,"enemies":"Hexaghost","floor":16.0,"turns":9.0},{"damage":0.0,"enemies":"3 Byrds","floor":18.0,"turns":2.0},{"damage":15.0,"enemies":"2 Thieves","floor":20.0,"turns":3.0},{"damage":0.0,"enemies":"3 Cultists","floor":22.0,"turns":2.0},{"damage":33.0,"enemies":"Centurion and Healer","floor":24.0,"turns":5.0},{"damage":6.0,"enemies":"Cultist and Chosen","floor":28.0,"turns":2.0},{"damage":54,"enemies":"Automaton","floor":33,"turns":8},{"damage":0,"enemies":"3 Shapes","floor":35,"turns":1},{"damage":6,"enemies":"2 Orb Walkers","floor":36,"turns":2},{"damage":0,"enemies":"3 Darklings","floor":38,"turns":1},{"damage":12,"enemies":"Nemesis","floor":41,"turns":5},{"damage":9,"enemies":"Reptomancer","floor":44,"turns":3},{"damage":48,"enemies":"Donu and Deca","floor":50,"turns":6}],"seed_played":"904917611127076543","potions_obtained":[{"floor":2.0,"key":"Explosive Potion"},{"floor":11.0,"key":"Explosive Potion"},{"floor":18.0,"key":"Energy Potion"},{"floor":22.0,"key":"SteroidPotion"},{"floor":28.0,"key":"Energy Potion"},{"floor":41,"key":"Weak Potion"}],"is_trial":false,"path_per_floor":["M","M","?","M","M","R","M","R","T","?","M","R","?","M","R","B",null,"M","?","M","?","M","R","M","R","T","R","M","?","R","$","R","B",null,"M","?","?","M","$","R","E","R","T","E","R","?","$","?","R","B",null],"character_chosen":"IRONCLAD","items_purchased":["Gambling Chip","AttackPotion","Anchor"],"campfire_rested":1,"item_purchase_floors":[31,39,47],"current_hp_per_floor":[66,71,71,71,59,59,65,65,65,65,64,64,64,70,70,29,69,75,75,66,66,72,72,45,45,45,45,45,45,45,45,69,21,67,73,73,73,79,79,79,73,73,73,70,70,70,70,70,70,28],"gold":19,"neow_bonus":"TEN_PERCENT_HP_BONUS","is_prod":false,"is_daily":false,"chose_seed":false,"campfire_upgraded":11,"win_rate":0,"timestamp":1555755585,"path_taken":["M","M","?","M","M","R","?","R","T","?","M","R","?","M","R","BOSS","M","?","?","?","M","R","M","R","T","R","?","?","R","?","R","BOSS","M","?","?","?","$","R","E","R","T","E","R","?","$","?","R","BOSS"],"build_version":"2019-01-23","purchased_purges":1,"victory":true,"max_hp_per_floor":[82,82,82,82,82,82,82,82,82,82,82,82,82,82,82,82,82,82,82,82,82,82,82,82,82,82,82,82,82,82,82,82,82,82,82,82,82,82,82,82,82,82,82,82,82,78,78,78,78,78],"card_choices":[{"not_picked":["Anger","Feel No Pain"],"picked":"Flex","floor":1.0},{"not_picked":["Clash","Warcry","Bloodletting"],"picked":"SKIP","floor":2.0},{"not_picked":["Rupture","Sever Soul"],"picked":"Shrug It Off","floor":4.0},{"not_picked":["Headbutt","Warcry"],"picked":"Twin Strike","floor":5.0},{"not_picked":["Headbutt","Anger"],"picked":"Shrug It Off","floor":7.0},{"not_picked":["Clash","Havoc","Pommel Strike"],"picked":"Immolate","floor":11.0},{"not_picked":["Pommel Strike","Shrug It Off","Juggernaut"],"picked":"Whirlwind","floor":14.0},{"not_picked":["Juggernaut","Exhume","Dark Embrace"],"picked":"Offering","floor":16.0},{"not_picked":["Sever Soul","Clash","Rampage"],"picked":"Blood for Blood+1","floor":18.0},{"not_picked":["Fire Breathing+1","Wild Strike","Flex","Rupture"],"picked":"SKIP","floor":20.0},{"not_picked":["Wild Strike","Body Slam","Feel No Pain"],"picked":"Shrug It Off+1","floor":22.0},{"not_picked":["Clash","Heavy Blade","Hemokinesis"],"picked":"Shrug It Off+1","floor":24.0},{"not_picked":["Anger","Feed","Metallicize","Warcry"],"picked":"SKIP","floor":28.0},{"not_picked":["Impervious","Immolate","Berserk"],"picked":"Double Tap","floor":33},{"not_picked":["Shrug It Off","Pommel Strike","Iron Wave"],"picked":"True Grit+1","floor":35},{"not_picked":["Wild Strike","Uppercut","Rampage"],"picked":"Shockwave","floor":38},{"not_picked":["Body Slam","Pummel","Limit Break","Iron Wave"],"picked":"SKIP","floor":41},{"not_picked":["Twin Strike","Perfected Strike+1","Body Slam","Burning Pact"],"picked":"SKIP","floor":44}],"player_experience":313652,"relics_obtained":[{"floor":9.0,"key":"Question Card"},{"floor":36,"key":"Thread and Needle"},{"floor":41,"key":"Letter Opener"},{"floor":43,"key":"Blue Candle"},{"floor":44,"key":"PreservedInsect"}],"event_choices":[{"damage_healed":0.0,"max_hp_gain":0.0,"max_hp_loss":0.0,"gold_gain":0.0,"event_name":"Match and Keep!","player_choice":"3 cards matched","floor":3.0,"gold_loss":0.0,"damage_taken":0.0,"cards_obtained":["Blind","Demon Form","Infernal Blade"]},{"cards_removed":["Strike_R"],"damage_healed":0.0,"max_hp_gain":0.0,"max_hp_loss":0.0,"gold_gain":0.0,"event_name":"Living Wall","player_choice":"Forget","floor":10.0,"gold_loss":0.0,"damage_taken":0.0},{"cards_removed":["Strike_R"],"damage_healed":0.0,"max_hp_gain":0.0,"max_hp_loss":0.0,"gold_gain":0.0,"event_name":"Purifier","player_choice":"Purged","floor":13.0,"gold_loss":0.0,"damage_taken":0.0},{"damage_healed":0.0,"max_hp_gain":0.0,"max_hp_loss":0.0,"gold_gain":0.0,"event_name":"WeMeetAgain","player_choice":"Gave Potion","floor":19.0,"gold_loss":0.0,"damage_taken":0.0,"relics_obtained":["Mercury Hourglass"]},{"cards_removed":["Strike_R"],"damage_healed":0.0,"max_hp_gain":0.0,"max_hp_loss":0.0,"gold_gain":0.0,"event_name":"Wheel of Change","player_choice":"Card Removal","floor":21.0,"gold_loss":0.0,"damage_taken":0.0},{"damage_healed":0.0,"max_hp_gain":0.0,"max_hp_loss":0.0,"gold_gain":0.0,"event_name":"Duplicator","player_choice":"Copied","floor":29.0,"gold_loss":0.0,"damage_taken":0.0,"cards_obtained":["Immolate"]},{"damage_healed":0,"gold_gain":0,"player_choice":"Fight","damage_taken":0,"max_hp_gain":0,"max_hp_loss":0,"event_name":"Mysterious Sphere","floor":36,"gold_loss":0},{"cards_removed":["Strike_R"],"damage_healed":0,"gold_gain":0,"player_choice":"Upgrade and Remove","damage_taken":0,"max_hp_gain":0,"max_hp_loss":0,"event_name":"Designer","floor":37,"gold_loss":90,"cards_upgraded":["Defend_R"]},{"damage_healed":0,"gold_gain":0,"player_choice":"Max HP","damage_taken":0,"max_hp_gain":0,"max_hp_loss":4,"event_name":"Winding Halls","floor":46,"gold_loss":0},{"damage_healed":0,"gold_gain":0,"player_choice":"Memory 1","damage_taken":0,"max_hp_gain":0,"max_hp_loss":0,"event_name":"SensoryStone","floor":48,"gold_loss":0}],"is_beta":false,"boss_relics":[{"not_picked":["Runic Dome","Velvet Choker"],"picked":"Snecko Eye"},{"not_picked":["Empty Cage","Eternal Feather"],"picked":"Mark of Pain"}],"items_purged_floors":[31],"is_endless":false,"potions_floor_spawned":[2,11,18,22,28,41],"ascension_level":14}