{"gold_per_floor":[115,135,149,40,59,59,86,102,176,176,176,186,186,213,213,213],"floor_reached":16,"playtime":881,"items_purged":[],"score":185,"play_id":"5b12fbe8-fc61-4af5-b31a-9e2ab93233ea","local_time":"20190105034328","is_ascension_mode":true,"campfire_choices":[{"data":"Caltrops","floor":6,"key":"SMITH"},{"data":"Caltrops","floor":10,"key":"SMITH"},{"data":"Blind","floor":13,"key":"SMITH"},{"data":"Night Terror","floor":15,"key":"SMITH"}],"neow_cost":"NONE","seed_source_timestamp":1297818101195326,"circlet_count":0,"master_deck":["AscendersBane","Defend_G","Defend_G","Defend_G","Defend_G","Defend_G","Strike_G","Strike_G","Strike_G","Strike_G","Strike_G","Survivor","Neutralize","Blind+1","Accuracy","PiercingWail","PiercingWail","Caltrops+1","Distraction","Flying Knee","Blade Dance","Caltrops+1","Night Terror+1","Cloak And Dagger","Doppelganger"],"relics":["Ring of the Snake","Anchor","Matryoshka","Prayer Wheel","Strawberry"],"potions_floor_usage":[7,7,7,14,14],"damage_taken":[{"damage":2,"enemies":"Cultist","floor":1,"turns":5},{"damage":1,"enemies":"Jaw Worm","floor":2,"turns":8},{"damage":1,"enemies":"2 Louse","floor":3,"turns":4},{"damage":4,"enemies":"Exordium Wildlife","floor":5,"turns":5},{"damage":23,"enemies":"Gremlin Nob","floor":7,"turns":5},{"damage":0,"enemies":"2 Fungi Beasts","floor":8,"turns":4},{"damage":5,"enemies":"Gremlin Gang","floor":12,"turns":4},{"damage":11,"enemies":"Lagavulin","floor":14,"turns":10},{"damage":20,"enemies":"The Guardian","floor":16,"turns":12}],"seed_played":"2455661091391072922","potions_obtained":[{"floor":2,"key":"PowerPotion"},{"floor":5,"key":"EntropicBrew"},{"floor":12,"key":"Fire Potion"}],"is_trial":false,"path_per_floor":["M","M","M","$","M","R","E","M","T","R","?","M","R","E","R","B"],"character_chosen":"THE_SILENT","items_purchased":["Caltrops","Distraction"],"campfire_rested":0,"item_purchase_floors":[4,4],"current_hp_per_floor":[61,60,59,59,55,55,32,32,32,32,29,24,24,20,20,0],"gold":213,"neow_bonus":"RANDOM_COLORLESS","is_prod":false,"is_daily":false,"chose_seed":false,"campfire_upgraded":4,"win_rate":0,"timestamp":1546656208,"path_taken":["M","M","M","$","?","R","E","M","T","R","?","M","R","E","R","BOSS"],"build_version":"2019-01-03v4","purchased_purges":0,"victory":false,"max_hp_per_floor":[70,70,70,70,70,70,70,70,70,70,70,70,70,77,77,77],"card_choices":[{"not_picked":["Acrobatics","Dagger Throw"],"picked":"Accuracy","floor":1},{"not_picked":["Dagger Spray","Bane"],"picked":"PiercingWail","floor":2},{"not_picked":["Backstab","Flying Knee"],"picked":"PiercingWail","floor":3},{"not_picked":["Acrobatics","Bane"],"picked":"Flying Knee","floor":5},{"not_picked":["Terror","Poisoned Stab"],"picked":"Blade Dance","floor":7},{"not_picked":["Eviscerate","Crippling Poison"],"picked":"Caltrops","floor":8},{"not_picked":["Dagger Throw","Prepared"],"picked":"Night Terror","floor":12},{"not_picked":["Endless Agony","Deflect"],"picked":"Cloak And Dagger","floor":12},{"not_picked":["All Out Attack","Deflect"],"picked":"Doppelganger","floor":14}],"player_experience":408670,"relics_obtained":[{"floor":7,"key":"Anchor"},{"floor":9,"key":"Matryoshka"},{"floor":14,"key":"Strawberry"}],"event_choices":[{"damage_healed":0,"gold_gain":0,"player_choice":"Success","damage_taken":3,"relics_obtained":["Prayer Wheel"],"max_hp_gain":0,"max_hp_loss":0,"event_name":"Scrap Ooze","floor":11,"gold_loss":0}],"is_beta":false,"boss_relics":[],"items_purged_floors":[],"is_endless":false,"potions_floor_spawned":[2,5,12],"killed_by":"The Guardian","ascension_level":13}