{"gold_per_floor":[109,121,121,133,150,150,175,190,217,217,250,121,149,149,149,226,226,246,246,257,257,271,31,31,46,46,71,91,125,125,157,157,235,235,251,251,251,262,362,389,389,389,389,419,437,456,46,63,63,63],"floor_reached":51,"playtime":3130,"items_purged":[],"score":1649,"play_id":"2f553379-be59-4a55-abfe-aa7ff969ec22","local_time":"20190329114050","is_ascension_mode":true,"campfire_choices":[{"data":"Bash","floor":6.0,"key":"SMITH"},{"data":"Uppercut","floor":10.0,"key":"SMITH"},{"data":"Armaments","floor":15.0,"key":"SMITH"},{"data":"True Grit","floor":24,"key":"SMITH"},{"floor":30,"key":"REST"},{"data":"Shockwave","floor":32,"key":"SMITH"},{"floor":42,"key":"RECALL"},{"floor":49,"key":"REST"}],"neow_cost":"PERCENT_DAMAGE","seed_source_timestamp":12610108484541,"circlet_count":0,"master_deck":["AscendersBane","Strike_R","Strike_R","Strike_R","Strike_R","Defend_R+1","Defend_R","Defend_R","Defend_R","Bash+1","Feed","Armaments+1","Twin Strike","Shrug It Off","Inflame","Uppercut+1","Cleave","Inflame","Flame Barrier+1","Feel No Pain","Barricade","Heavy Blade","True Grit+1","Shockwave+1","Reaper","True Grit","Double Tap+1","Metallicize","Demon Form","Bludgeon","Impervious+1","Power Through+1","Spot Weakness+1","Juggernaut","Disarm+1","Shrug It Off+1","Feel No Pain+1","Warcry+1"],"special_seed":0,"relics":["Burning Blood","Letter Opener","Dream Catcher","War Paint","Snecko Eye","Nloth\u0027s Gift","Toxic Egg 2","Charon\u0027s Ashes","Torii","Bottled Flame","Fusion Hammer","Pocketwatch","Self Forming Clay","Anchor","Thread and Needle","Frozen Egg 2"],"potions_floor_usage":[27,27,29,50,50,50,50],"damage_taken":[{"damage":0.0,"enemies":"Small Slimes","floor":1.0,"turns":3.0},{"damage":0.0,"enemies":"Cultist","floor":2.0,"turns":3.0},{"damage":0.0,"enemies":"2 Louse","floor":4.0,"turns":3.0},{"damage":35.0,"enemies":"Large Slime","floor":5.0,"turns":12.0},{"damage":5.0,"enemies":"3 Sentries","floor":7.0,"turns":13.0},{"damage":6.0,"enemies":"Exordium Wildlife","floor":8.0,"turns":4.0},{"damage":12.0,"enemies":"Lagavulin","floor":11.0,"turns":10.0},{"damage":20.0,"enemies":"3 Sentries","floor":13.0,"turns":7.0},{"damage":28.0,"enemies":"Slime Boss","floor":16.0,"turns":12.0},{"damage":19.0,"enemies":"2 Thieves","floor":18.0,"turns":5.0},{"damage":24.0,"enemies":"Spheric Guardian","floor":20.0,"turns":5.0},{"damage":7.0,"enemies":"Shelled Parasite and Fungi","floor":22.0,"turns":6.0},{"damage":36,"enemies":"Snake Plant","floor":25,"turns":6},{"damage":46,"enemies":"Slavers","floor":27,"turns":7},{"damage":0,"enemies":"Cultist and Chosen","floor":28,"turns":6},{"damage":37,"enemies":"Book of Stabbing","floor":29,"turns":6},{"damage":0,"enemies":"Gremlin Leader","floor":31,"turns":10},{"damage":51,"enemies":"Collector","floor":33,"turns":9},{"damage":72,"enemies":"3 Darklings","floor":35,"turns":11},{"damage":1,"enemies":"Orb Walker","floor":38,"turns":2},{"damage":0,"enemies":"Mind Bloom Boss Battle","floor":39,"turns":7},{"damage":0,"enemies":"Reptomancer","floor":40,"turns":11},{"damage":0,"enemies":"Giant Head","floor":44,"turns":7},{"damage":13,"enemies":"Jaw Worm Horde","floor":45,"turns":5},{"damage":9,"enemies":"4 Shapes","floor":46,"turns":5},{"damage":2,"enemies":"Spire Growth","floor":48,"turns":4},{"damage":0,"enemies":"Time Eater","floor":50,"turns":10}],"seed_played":"-7320891881470510370","potions_obtained":[{"floor":1.0,"key":"Swift Potion"},{"floor":2.0,"key":"EntropicBrew"},{"floor":11.0,"key":"Swift Potion"},{"floor":16.0,"key":"Energy Potion"},{"floor":18.0,"key":"BloodPotion"},{"floor":25,"key":"BloodPotion"},{"floor":31,"key":"Dexterity Potion"},{"floor":33,"key":"LiquidBronze"},{"floor":40,"key":"Fire Potion"},{"floor":46,"key":"PowerPotion"}],"is_trial":false,"path_per_floor":["M","M","?","M","M","R","E","M","T","R","E","$","E","?","R","B",null,"M","?","M","?","M","$","R","M","T","E","M","E","R","E","R","B",null,"M","?","?","M","?","E","?","R","T","E","M","M","$","M","R","B",null],"character_chosen":"IRONCLAD","items_purchased":["Flame Barrier","SkillPotion","Shockwave","Reaper","Disarm+1","Frozen Egg 2","Shrug It Off+1","Feel No Pain+1"],"campfire_rested":2,"item_purchase_floors":[12,12,23,23,47,47,47,47],"current_hp_per_floor":[59,68,68,77,52,52,56,59,59,59,57,57,46,51,51,32,90,80,80,73,73,75,75,75,55,55,34,55,34,70,122,122,107,118,105,105,105,110,120,124,124,124,124,124,127,127,127,130,130,130],"gold":63,"neow_bonus":"THREE_RARE_CARDS","is_prod":false,"is_daily":false,"chose_seed":false,"campfire_upgraded":5,"win_rate":0,"timestamp":1553884850,"path_taken":["M","M","?","?","M","R","E","M","T","R","E","$","E","?","R","BOSS","M","?","M","?","M","$","R","M","T","E","M","E","R","E","R","BOSS","M","?","?","M","?","E","?","R","T","E","M","M","$","M","R","BOSS"],"build_version":"2019-01-23","purchased_purges":0,"victory":true,"max_hp_per_floor":[78,81,81,84,88,88,91,94,94,94,98,98,101,106,106,109,109,112,112,112,112,115,115,115,119,119,122,122,122,122,122,122,122,122,122,122,116,116,120,124,124,124,124,124,127,130,130,130,130,130],"card_choices":[{"not_picked":["Exhume","Double Tap"],"picked":"Feed","floor":0.0},{"not_picked":["Seeing Red","Perfected Strike"],"picked":"Armaments","floor":1.0},{"not_picked":["True Grit","Pummel"],"picked":"Twin Strike","floor":2.0},{"not_picked":["Perfected Strike","Burning Pact"],"picked":"Shrug It Off","floor":4.0},{"not_picked":["Perfected Strike","Sword Boomerang"],"picked":"Inflame","floor":5.0},{"not_picked":["Entrench","Infernal Blade"],"picked":"Uppercut","floor":7.0},{"not_picked":["Body Slam","Rupture"],"picked":"Cleave","floor":8.0},{"not_picked":["Perfected Strike","Ghostly Armor"],"picked":"Inflame","floor":11.0},{"not_picked":["Barricade","Shockwave"],"picked":"Feel No Pain","floor":13.0},{"not_picked":["Immolate","Double Tap"],"picked":"Barricade","floor":16.0},{"not_picked":["Havoc","Hemokinesis","Flex+1"],"picked":"SKIP","floor":18.0},{"not_picked":["Combust","Bloodletting+1"],"picked":"Heavy Blade","floor":20.0},{"not_picked":["Dropkick","Headbutt"],"picked":"True Grit","floor":22.0},{"not_picked":["Clothesline","Armaments"],"picked":"True Grit","floor":25},{"not_picked":["Heavy Blade","Brutality"],"picked":"Double Tap+1","floor":27},{"not_picked":["Clothesline","Armaments+1"],"picked":"Metallicize","floor":28},{"not_picked":["Fiend Fire","Clothesline"],"picked":"Demon Form","floor":29},{"not_picked":["Clothesline","Armaments+1"],"picked":"Bludgeon","floor":31},{"not_picked":["Exhume+1","Bludgeon"],"picked":"Impervious+1","floor":33},{"not_picked":["Armaments+1","Reckless Charge"],"picked":"Power Through+1","floor":35},{"not_picked":["Heavy Blade+1","Twin Strike","Armaments+1"],"picked":"SKIP","floor":38},{"not_picked":["Wild Strike+1","Combust"],"picked":"Spot Weakness+1","floor":40},{"not_picked":["Dropkick","Flex+1","Anger"],"picked":"SKIP","floor":44},{"not_picked":["Armaments+1","Inflame","Infernal Blade+1"],"picked":"SKIP","floor":45},{"not_picked":["Havoc+1","Iron Wave"],"picked":"Juggernaut","floor":46},{"not_picked":["Armaments+1","Perfected Strike","Wild Strike+1"],"picked":"SKIP","floor":48},{"not_picked":["Armaments+1","Iron Wave"],"picked":"Warcry+1","floor":49}],"player_experience":2394964,"relics_obtained":[{"floor":7.0,"key":"Letter Opener"},{"floor":9.0,"key":"Dream Catcher"},{"floor":11.0,"key":"Potion Belt"},{"floor":13.0,"key":"War Paint"},{"floor":26,"key":"Toxic Egg 2"},{"floor":27,"key":"Charon\u0027s Ashes"},{"floor":29,"key":"Torii"},{"floor":31,"key":"Bottled Flame"},{"floor":39,"key":"Pocketwatch"},{"floor":40,"key":"Self Forming Clay"},{"floor":43,"key":"Anchor"},{"floor":44,"key":"Thread and Needle"}],"event_choices":[{"cards_removed":["Strike_R"],"damage_healed":0.0,"max_hp_gain":0.0,"max_hp_loss":0.0,"gold_gain":0.0,"event_name":"Bonfire Elementals","player_choice":"Offered Basic","floor":3.0,"gold_loss":0.0,"damage_taken":0.0},{"damage_healed":0.0,"max_hp_gain":5.0,"max_hp_loss":0.0,"gold_gain":0.0,"event_name":"Big Fish","player_choice":"Donut","floor":14.0,"gold_loss":0.0,"damage_taken":0.0},{"damage_healed":0.0,"max_hp_gain":0.0,"max_hp_loss":0.0,"gold_gain":0.0,"event_name":"Vampires","player_choice":"Ignored","floor":19.0,"gold_loss":0.0,"damage_taken":0.0},{"damage_healed":0.0,"max_hp_gain":0.0,"max_hp_loss":0.0,"gold_gain":0.0,"event_name":"N\u0027loth","player_choice":"Traded Relic","floor":21.0,"relics_lost":["Potion Belt"],"gold_loss":0.0,"damage_taken":0.0,"relics_obtained":["Nloth\u0027s Gift"]},{"damage_healed":0,"gold_gain":0,"player_choice":"Ignored","damage_taken":0,"max_hp_gain":0,"max_hp_loss":0,"event_name":"Tomb of Lord Red Mask","floor":36,"gold_loss":0},{"damage_healed":0,"gold_gain":0,"player_choice":"Max HP","damage_taken":0,"max_hp_gain":0,"max_hp_loss":6,"event_name":"Winding Halls","floor":37,"gold_loss":0},{"damage_healed":0,"gold_gain":0,"player_choice":"Fight","damage_taken":0,"max_hp_gain":0,"max_hp_loss":0,"event_name":"MindBloom","floor":39,"gold_loss":0},{"damage_healed":0,"gold_gain":0,"player_choice":"Memory 1","damage_taken":0,"max_hp_gain":0,"max_hp_loss":0,"event_name":"SensoryStone","floor":41,"gold_loss":0}],"is_beta":false,"boss_relics":[{"not_picked":["Tiny House","Calling Bell"],"picked":"Snecko Eye"},{"not_picked":["Runic Dome","Mark of Pain"],"picked":"Fusion Hammer"}],"items_purged_floors":[],"is_endless":false,"potions_floor_spawned":[1,2,5,11,16,18,25,31,33,40,46,48],"ascension_level":15}