{"gold_per_floor":[209,135,135,146,146,146,163,188,211,236,236,113,113,128,128,202,202,217,73,73,73,4,38,48,48,48,48,64,98,98,0,0,0],"floor_reached":33,"playtime":1260,"items_purged":["Strike_R"],"score":506,"play_id":"d8688dfc-03ae-49ab-a64a-341509b3ab5b","local_time":"20190308202601","is_ascension_mode":true,"campfire_choices":[{"data":"Uppercut","floor":6.0,"key":"SMITH"},{"data":"Iron Wave","floor":11.0,"key":"SMITH"},{"data":"Body Slam","floor":13.0,"key":"SMITH"},{"data":"Bash","floor":15.0,"key":"SMITH"},{"data":"Feel No Pain","floor":25.0,"key":"SMITH"},{"floor":30,"key":"REST"},{"data":"Juggernaut","floor":32,"key":"SMITH"}],"neow_cost":"NONE","seed_source_timestamp":42446095838078,"circlet_count":0,"master_deck":["AscendersBane","Bash+1","Iron Wave+1","Uppercut+1","Sword Boomerang","Body Slam+1","Pommel Strike","Twin Strike","Feed","Clash","Power Through","Shockwave","Cleave","Entrench","Thunderclap","Exhume","Rupture","Flame Barrier","Feel No Pain+1","Havoc+1","Pommel Strike","Feel No Pain+1","Ghostly Armor","Juggernaut+1","Shrug It Off"],"special_seed":0,"relics":["Burning Blood","Meat on the Bone","Letter Opener","Art of War","Oddly Smooth Stone","Pandora\u0027s Box","Happy Flower","Nilry\u0027s Codex","Vajra","Mercury Hourglass","Molten Egg 2"],"potions_floor_usage":[29,33],"damage_taken":[{"damage":6.0,"enemies":"Cultist","floor":1.0,"turns":4.0},{"damage":9.0,"enemies":"Jaw Worm","floor":4.0,"turns":4.0},{"damage":1.0,"enemies":"2 Louse","floor":7.0,"turns":3.0},{"damage":18.0,"enemies":"Gremlin Nob","floor":8.0,"turns":4.0},{"damage":34.0,"enemies":"Lagavulin","floor":10.0,"turns":8.0},{"damage":0.0,"enemies":"2 Fungi Beasts","floor":14.0,"turns":4.0},{"damage":36.0,"enemies":"The Guardian","floor":16.0,"turns":12.0},{"damage":0.0,"enemies":"3 Byrds","floor":18.0,"turns":6.0},{"damage":39.0,"enemies":"Book of Stabbing","floor":23.0,"turns":9.0},{"damage":10.0,"enemies":"2 Thieves","floor":24.0,"turns":5.0},{"damage":13.0,"enemies":"3 Cultists","floor":28.0,"turns":5.0},{"damage":56,"enemies":"Gremlin Leader","floor":29,"turns":9},{"damage":57,"enemies":"Automaton","floor":33,"turns":6}],"seed_played":"6720923021314733238","potions_obtained":[{"floor":4.0,"key":"Strength Potion"},{"floor":10.0,"key":"SkillPotion"},{"floor":16.0,"key":"Ancient Potion"},{"floor":23.0,"key":"Regen Potion"},{"floor":28.0,"key":"Regen Potion"}],"is_trial":false,"path_per_floor":["M","$","T","M","?","R","M","E","T","E","R","$","R","M","R","B",null,"M","$","?","?","$","E","M","R","T","?","M","E","R","$","R","B"],"character_chosen":"IRONCLAD","items_purchased":["Uppercut","PowerPotion","Happy Flower","Feel No Pain","Shrug It Off","AttackPotion"],"campfire_rested":1,"item_purchase_floors":[2,12,19,22,31,31],"current_hp_per_floor":[68,68,68,65,65,65,70,58,58,42,42,42,42,48,48,30,64,73,73,73,52,52,31,56,56,56,56,52,29,54,54,54,0],"gold":0,"neow_bonus":"HUNDRED_GOLD","is_prod":false,"is_daily":false,"chose_seed":false,"campfire_upgraded":6,"win_rate":0,"timestamp":1552105561,"path_taken":["M","$","?","M","?","R","M","E","T","E","R","$","R","M","R","BOSS","M","$","?","?","$","E","M","R","T","?","?","E","R","$","R","BOSS"],"build_version":"2019-01-23","purchased_purges":1,"victory":false,"max_hp_per_floor":[75,75,75,75,75,75,75,75,75,75,75,75,75,75,75,75,75,78,78,78,78,78,78,81,81,81,81,84,84,84,84,84,84],"card_choices":[{"not_picked":["True Grit","Infernal Blade"],"picked":"Iron Wave","floor":1.0},{"not_picked":["Cleave","Heavy Blade"],"picked":"Sword Boomerang","floor":4.0},{"not_picked":["Wild Strike","Thunderclap","Second Wind"],"picked":"SKIP","floor":7.0},{"not_picked":["Havoc","Dark Embrace"],"picked":"Body Slam","floor":8.0},{"not_picked":["Hemokinesis","Flex"],"picked":"Pommel Strike","floor":10.0},{"not_picked":["Clash","Havoc"],"picked":"Twin Strike","floor":14.0},{"not_picked":["Bludgeon","Berserk"],"picked":"Feed","floor":16.0},{"not_picked":["Flex+1","Clash"],"picked":"Flame Barrier","floor":18.0},{"not_picked":["Anger","Fire Breathing"],"picked":"Havoc+1","floor":23.0},{"not_picked":["Shockwave","Twin Strike+1"],"picked":"Pommel Strike","floor":24.0},{"not_picked":["Cleave","Twin Strike+1"],"picked":"Ghostly Armor","floor":28.0},{"not_picked":["Armaments","Anger"],"picked":"Juggernaut","floor":29}],"player_experience":2333304,"relics_obtained":[{"floor":3.0,"key":"Meat on the Bone"},{"floor":8.0,"key":"Letter Opener"},{"floor":9.0,"key":"Art of War"},{"floor":10.0,"key":"Oddly Smooth Stone"},{"floor":21.0,"key":"Nilry\u0027s Codex"},{"floor":23.0,"key":"Vajra"},{"floor":26.0,"key":"Mercury Hourglass"},{"floor":29,"key":"Molten Egg 2"}],"event_choices":[{"damage_healed":0.0,"max_hp_gain":0.0,"max_hp_loss":0.0,"gold_gain":0.0,"event_name":"Liars Game","player_choice":"Ignored","floor":5.0,"gold_loss":0.0,"damage_taken":0.0},{"damage_healed":0.0,"max_hp_gain":0.0,"max_hp_loss":0.0,"gold_gain":0.0,"event_name":"Vampires","player_choice":"Ignored","floor":20.0,"gold_loss":0.0,"damage_taken":0.0},{"damage_healed":0.0,"max_hp_gain":0.0,"max_hp_loss":0.0,"gold_gain":0.0,"event_name":"Cursed Tome","player_choice":"Obtained Book","floor":21.0,"gold_loss":0.0,"damage_taken":21.0},{"damage_healed":0.0,"max_hp_gain":0.0,"max_hp_loss":0.0,"gold_gain":0.0,"event_name":"Duplicator","player_choice":"Copied","floor":27.0,"gold_loss":0.0,"damage_taken":0.0,"cards_obtained":["Feel No Pain"]}],"is_beta":false,"boss_relics":[{"not_picked":["Lizard Tail","Orrery"],"picked":"Pandora\u0027s Box"}],"items_purged_floors":[12],"is_endless":false,"potions_floor_spawned":[4,10,16,23,28],"killed_by":"Automaton","ascension_level":15}