{"gold_per_floor":[116,126,43,53,63,63,91,91,164,182,198,230,27,42,42,142,142,155,75,86,86,100,100,133,159,184,195,195,205,9,43,43,141,141,154,174,174,174,185,185,185,220,220,68,68,49,65,65,65,65],"floor_reached":50,"playtime":2290,"items_purged":[],"score":597,"play_id":"10f2a81f-b32c-49d4-9ab8-d0151571b1da","local_time":"20190424194618","daily_mods":["Draft","Vintage","Lethality"],"is_ascension_mode":false,"campfire_choices":[{"data":"Sunder","floor":6.0,"key":"SMITH"},{"data":"Defragment","floor":8.0,"key":"SMITH"},{"data":"Hologram","floor":15.0,"key":"SMITH"},{"data":"Gash","floor":23.0,"key":"SMITH"},{"data":"Defragment","floor":28.0,"key":"SMITH"},{"floor":32.0,"key":"REST"},{"floor":40.0,"key":"RECALL"},{"data":"Hologram","floor":45.0,"key":"SMITH"},{"data":"1","floor":49.0,"key":"LIFT"}],"neow_cost":"","seed_source_timestamp":0,"circlet_count":0,"master_deck":["Doom and Gloom","Sunder+1","Beam Cell","Ball Lightning","Conserve Battery","Self Repair","Steam","Leap","Coolheaded","Hologram+1","Undo","Ball Lightning","Conserve Battery","Gash+1","Loop","Defragment+1","Barricade","Defragment+1","Blur+1","Gash+1","Blur","Panache","Choke+1","Gash+1","Capacitor","Go for the Eyes+1","Hologram+1","Gash+1","Master of Strategy","Chrysalis"],"special_seed":0,"relics":["FrozenCore","Turnip","Blood Vial","Pantograph","Sundial","Potion Belt","Bottled Lightning","Prayer Wheel","Symbiotic Virus","Vajra","PrismaticShard","Mercury Hourglass","Sozu","Peace Pipe","Pen Nib","Orichalcum","Juzu Bracelet","Red Mask","PreservedInsect","Molten Egg 2","Ornamental Fan","DollysMirror","Bronze Scales","Girya","Bottled Tornado","Bird Faced Urn","The Courier","Smiling Mask"],"potions_floor_usage":[],"damage_taken":[{"damage":0.0,"enemies":"Small Slimes","floor":1.0,"turns":2.0},{"damage":0.0,"enemies":"2 Louse","floor":2.0,"turns":2.0},{"damage":0.0,"enemies":"Cultist","floor":4.0,"turns":2.0},{"damage":0.0,"enemies":"Blue Slaver","floor":5.0,"turns":1.0},{"damage":1.0,"enemies":"3 Sentries","floor":7.0,"turns":3.0},{"damage":8.0,"enemies":"Gremlin Gang","floor":10.0,"turns":3.0},{"damage":5.0,"enemies":"Exordium Wildlife","floor":11.0,"turns":3.0},{"damage":6.0,"enemies":"Gremlin Nob","floor":12.0,"turns":3.0},{"damage":16.0,"enemies":"Lots of Slimes","floor":14.0,"turns":2.0},{"damage":9.0,"enemies":"The Guardian","floor":16.0,"turns":7.0},{"damage":6.0,"enemies":"2 Thieves","floor":18.0,"turns":3.0},{"damage":4.0,"enemies":"Shell Parasite","floor":20.0,"turns":4.0},{"damage":21.0,"enemies":"3 Cultists","floor":22.0,"turns":4.0},{"damage":22.0,"enemies":"Slavers","floor":24.0,"turns":4.0},{"damage":32.0,"enemies":"Masked Bandits","floor":25.0,"turns":4.0},{"damage":8.0,"enemies":"Snecko","floor":27.0,"turns":3.0},{"damage":15.0,"enemies":"Shelled Parasite and Fungi","floor":29.0,"turns":4.0},{"damage":10.0,"enemies":"Gremlin Leader","floor":31.0,"turns":4.0},{"damage":29.0,"enemies":"Automaton","floor":33.0,"turns":7.0},{"damage":0.0,"enemies":"3 Shapes","floor":35.0,"turns":4.0},{"damage":0.0,"enemies":"Orb Walker","floor":36.0,"turns":2.0},{"damage":12.0,"enemies":"Jaw Worm Horde","floor":39.0,"turns":4.0},{"damage":7.0,"enemies":"Giant Head","floor":42.0,"turns":7.0},{"damage":0.0,"enemies":"Maw","floor":47.0,"turns":6.0},{"damage":80,"enemies":"Awakened One","floor":50,"turns":4}],"seed_played":"-6031520759678570690","potions_obtained":[{"floor":1.0,"key":"AttackPotion"},{"floor":4.0,"key":"SkillPotion"},{"floor":7.0,"key":"Regen Potion"},{"floor":12.0,"key":"Dexterity Potion"},{"floor":14.0,"key":"EntropicBrew"}],"is_trial":true,"path_per_floor":["M","M","$","M","M","R","E","R","T","M","M","E","$","M","R","B",null,"M","$","M","?","M","R","E","?","T","M","R","M","$","E","R","B",null,"M","M","?","?","M","R","?","E","T","$","R","$","M","?","R","B"],"character_chosen":"DEFECT","items_purchased":["Gash","Loop","PrismaticShard","Defragment","DollysMirror","Gash+1","Capacitor","Go for the Eyes+1","Hologram","Gash+1"],"campfire_rested":1,"item_purchase_floors":[3,3,13,19,30,44,44,44,44,46],"current_hp_per_floor":[75,75,75,75,75,75,75,75,75,74,75,69,69,55,55,73,75,75,75,75,75,61,61,60,37,37,38,38,32,32,31,53,53,75,75,75,75,75,70,70,70,75,75,75,75,75,75,70,70,0],"gold":65,"neow_bonus":"","is_prod":false,"is_daily":false,"chose_seed":false,"campfire_upgraded":6,"win_rate":0,"timestamp":1556127978,"path_taken":["M","M","$","M","M","R","E","R","T","M","M","E","?","M","R","BOSS","M","$","M","?","M","R","E","?","T","M","R","M","$","E","R","BOSS","M","M","?","?","M","R","?","E","T","$","R","?","M","?","R","BOSS"],"build_version":"2019-01-23","purchased_purges":0,"victory":false,"max_hp_per_floor":[75,75,75,75,75,75,75,75,75,75,75,75,75,75,75,75,75,75,75,75,75,75,75,75,75,75,75,75,75,75,75,75,75,75,75,75,75,75,75,75,75,75,75,75,75,75,75,75,75,75],"card_choices":[{"not_picked":["White Noise","Stack"],"picked":"Doom and Gloom","floor":0.0},{"not_picked":["Blizzard","Steam"],"picked":"Leap","floor":0.0},{"not_picked":["Stack","Barrage"],"picked":"Sunder","floor":0.0},{"not_picked":["Fusion","Barrage"],"picked":"Beam Cell","floor":0.0},{"not_picked":["Lockon","Sweeping Beam"],"picked":"Ball Lightning","floor":0.0},{"not_picked":["Hello World","Leap"],"picked":"Conserve Battery","floor":0.0},{"not_picked":["Conserve Battery","Beam Cell"],"picked":"Self Repair","floor":0.0},{"not_picked":["Redo","Barrage"],"picked":"Steam","floor":0.0},{"not_picked":["Force Field","Storm"],"picked":"Leap","floor":0.0},{"not_picked":["Barrage","Conserve Battery"],"picked":"Coolheaded","floor":0.0},{"not_picked":["Coolheaded","Beam Cell"],"picked":"Hologram","floor":0.0},{"not_picked":["Turbo","Redo"],"picked":"Undo","floor":0.0},{"not_picked":["Rip and Tear","Force Field"],"picked":"Ball Lightning","floor":0.0},{"not_picked":["Steam","Consume"],"picked":"Rip and Tear","floor":0.0},{"not_picked":["Steam","Sweeping Beam"],"picked":"Conserve Battery","floor":0.0},{"not_picked":["Sweeping Beam","Hello World"],"picked":"Defragment","floor":7.0},{"not_picked":["Scrape","Meteor Strike","Leap"],"picked":"SKIP","floor":12.0},{"not_picked":["HandOfGreed","Double Tap"],"picked":"Barricade","floor":16.0},{"not_picked":["Wild Strike+1","Coolheaded"],"picked":"Blur+1","floor":24.0},{"not_picked":["Scrape+1","Fusion"],"picked":"Blur","floor":31.0},{"not_picked":["Reboot","Rainbow"],"picked":"Panache","floor":33.0},{"not_picked":["Rebound+1","Havoc"],"picked":"Choke+1","floor":42.0},{"not_picked":["Trip","Madness"],"picked":"Master of Strategy","floor":48.0},{"not_picked":["Magnetism","Mayhem"],"picked":"Chrysalis","floor":48.0}],"player_experience":729914,"relics_obtained":[{"floor":1.0,"key":"Turnip"},{"floor":2.0,"key":"Blood Vial"},{"floor":4.0,"key":"Pantograph"},{"floor":5.0,"key":"Sundial"},{"floor":7.0,"key":"Potion Belt"},{"floor":9.0,"key":"Bottled Lightning"},{"floor":10.0,"key":"Prayer Wheel"},{"floor":11.0,"key":"Symbiotic Virus"},{"floor":12.0,"key":"Vajra"},{"floor":14.0,"key":"Mercury Hourglass"},{"floor":18.0,"key":"Peace Pipe"},{"floor":20.0,"key":"Pen Nib"},{"floor":22.0,"key":"Orichalcum"},{"floor":24.0,"key":"Juzu Bracelet"},{"floor":25.0,"key":"Red Mask"},{"floor":26.0,"key":"PreservedInsect"},{"floor":27.0,"key":"Molten Egg 2"},{"floor":29.0,"key":"Ornamental Fan"},{"floor":31.0,"key":"Bronze Scales"},{"floor":35.0,"key":"Girya"},{"floor":36.0,"key":"Bottled Tornado"},{"floor":39.0,"key":"Bird Faced Urn"},{"floor":42.0,"key":"The Courier"},{"floor":47.0,"key":"Smiling Mask"}],"event_choices":[{"damage_healed":0.0,"max_hp_gain":0.0,"max_hp_loss":0.0,"gold_gain":0.0,"event_name":"Vampires","player_choice":"Ignored","floor":21.0,"gold_loss":0.0,"damage_taken":0.0},{"damage_healed":0.0,"max_hp_gain":0.0,"max_hp_loss":0.0,"gold_gain":0.0,"event_name":"Masked Bandits","player_choice":"Fought Bandits","floor":25.0,"gold_loss":0.0,"damage_taken":0.0},{"cards_removed":["Leap"],"damage_healed":0.0,"max_hp_gain":0.0,"max_hp_loss":0.0,"gold_gain":0.0,"event_name":"Falling","player_choice":"Removed Skill","floor":37.0,"gold_loss":0.0,"damage_taken":0.0},{"cards_removed":["Rip and Tear"],"damage_healed":0.0,"max_hp_gain":0.0,"max_hp_loss":0.0,"gold_gain":0.0,"event_name":"Bonfire Elementals","player_choice":"Offered Uncommon","floor":38.0,"gold_loss":0.0,"damage_taken":0.0},{"damage_healed":0.0,"max_hp_gain":0.0,"max_hp_loss":0.0,"gold_gain":0.0,"event_name":"The Woman in Blue","player_choice":"Bought 0 Potions","floor":41.0,"gold_loss":0.0,"damage_taken":0.0},{"damage_healed":0.0,"max_hp_gain":0.0,"max_hp_loss":0.0,"gold_gain":0.0,"event_name":"SensoryStone","player_choice":"Memory 2","floor":48.0,"gold_loss":0.0,"damage_taken":5.0}],"is_beta":false,"boss_relics":[{"not_picked":["Coffee Dripper","Eternal Feather"],"picked":"Sozu"},{"not_picked":["Runic Pyramid","Cursed Key"],"picked":"FrozenCore"}],"items_purged_floors":[],"is_endless":false,"potions_floor_spawned":[1,4,7,12,14,18,20,31,33,39,47],"killed_by":"Awakened One","ascension_level":0}