{"gold_per_floor":[110,128,140,170,187,187,175,175,200,229,229,246,268,284,284,284],"floor_reached":16,"playtime":1315,"items_purged":[],"score":120,"play_id":"ed94c0b1-09bb-49bb-bc6b-26617ee2f11d","local_time":"20190410225858","is_ascension_mode":true,"campfire_choices":[{"data":"Armaments","floor":6,"key":"SMITH"},{"data":"Berserk","floor":8,"key":"SMITH"},{"data":"Flex","floor":11,"key":"SMITH"},{"data":"Bash","floor":15,"key":"SMITH"}],"neow_cost":"NONE","seed_source_timestamp":16747250685964,"circlet_count":0,"master_deck":["Strike_R","Strike_R","Strike_R","Strike_R","Strike_R","Defend_R","Defend_R","Defend_R","Defend_R","Bash+1","Berserk+1","Armaments+1","Flex+1","Pummel","Sword Boomerang","Twin Strike","Clash","Clash"],"relics":["Burning Blood","Tiny Chest","Regal Pillow","Oddly Smooth Stone","Odd Mushroom"],"potions_floor_usage":[13,16,16,16],"damage_taken":[{"damage":0,"enemies":"2 Louse","floor":1,"turns":3},{"damage":1,"enemies":"Cultist","floor":2,"turns":3},{"damage":0,"enemies":"Small Slimes","floor":3,"turns":4},{"damage":8,"enemies":"Looter","floor":5,"turns":5},{"damage":13,"enemies":"Exordium Thugs","floor":7,"turns":5},{"damage":35,"enemies":"Gremlin Nob","floor":10,"turns":4},{"damage":11,"enemies":"Exordium Wildlife","floor":12,"turns":3},{"damage":14,"enemies":"The Mushroom Lair","floor":13,"turns":3},{"damage":0,"enemies":"2 Fungi Beasts","floor":14,"turns":2},{"damage":35,"enemies":"The Guardian","floor":16,"turns":7}],"seed_played":"-5057241176033300847","potions_obtained":[{"floor":2,"key":"PowerPotion"},{"floor":5,"key":"Swift Potion"},{"floor":12,"key":"Fire Potion"},{"floor":13,"key":"LiquidBronze"}],"is_trial":false,"path_per_floor":["M","M","M","?","M","R","M","R","T","E","R","M","?","M","R","B"],"character_chosen":"IRONCLAD","items_purchased":[],"campfire_rested":0,"item_purchase_floors":[],"current_hp_per_floor":[80,80,80,77,75,75,68,68,68,39,39,34,26,32,32,0],"gold":284,"neow_bonus":"THREE_SMALL_POTIONS","is_prod":false,"is_daily":false,"chose_seed":false,"campfire_upgraded":4,"win_rate":0,"timestamp":1554947938,"path_taken":["M","M","M","?","M","R","M","R","T","E","R","M","?","M","R","BOSS"],"build_version":"2019-01-23","purchased_purges":0,"victory":false,"max_hp_per_floor":[80,80,80,80,80,80,80,80,80,80,80,80,80,80,80,80],"card_choices":[{"not_picked":["Sword Boomerang","Havoc"],"picked":"Berserk","floor":1},{"not_picked":["Rage","Metallicize"],"picked":"Armaments","floor":2},{"not_picked":["Searing Blow","Corruption"],"picked":"Flex","floor":3},{"not_picked":["Cleave","Burning Pact"],"picked":"Pummel","floor":5},{"not_picked":["Sentinel","Carnage"],"picked":"Sword Boomerang","floor":7},{"not_picked":["Flame Barrier","Thunderclap"],"picked":"Twin Strike","floor":10},{"not_picked":["Havoc","Body Slam"],"picked":"Clash","floor":12},{"not_picked":["Whirlwind","Feel No Pain"],"picked":"Clash","floor":14}],"player_experience":176681,"relics_obtained":[{"floor":9,"key":"Regal Pillow"},{"floor":10,"key":"Oddly Smooth Stone"},{"floor":13,"key":"Odd Mushroom"}],"event_choices":[{"damage_healed":0,"gold_gain":0,"player_choice":"Success","damage_taken":3,"relics_obtained":["Tiny Chest"],"max_hp_gain":0,"max_hp_loss":0,"event_name":"Scrap Ooze","floor":4,"gold_loss":0},{"damage_healed":0,"gold_gain":0,"player_choice":"Fought Mushrooms","damage_taken":0,"max_hp_gain":0,"max_hp_loss":0,"event_name":"Mushrooms","floor":13,"gold_loss":0}],"is_beta":false,"boss_relics":[],"items_purged_floors":[],"is_endless":false,"potions_floor_spawned":[2,5,12,13],"killed_by":"The Guardian","ascension_level":3}