{"gold_per_floor":[113,38,38,58,73,73,100,117,117,117,135,155,155,172,172,172],"floor_reached":16,"playtime":324,"items_purged":["Defend_R"],"score":104,"play_id":"e51d0a63-1c7f-440a-a484-e51e689afff7","local_time":"20181217201707","is_ascension_mode":false,"campfire_choices":[{"data":"Bash","floor":6,"key":"SMITH"},{"data":"Feel No Pain","floor":13,"key":"SMITH"},{"floor":15,"key":"REST"}],"neow_cost":"NONE","seed_source_timestamp":129174130904658,"circlet_count":0,"master_deck":["Strike_R","Strike_R","Defend_R+1","Defend_R","Defend_R","Bash+1","Limit Break+1","Clash+1","Reckless Charge+1","Headbutt+1","Clothesline","Clash","Clash","Dropkick","Feel No Pain+1"],"relics":["Astrolabe","Smiling Mask","Bag of Preparation"],"potions_floor_usage":[11],"damage_taken":[{"damage":15,"enemies":"Cultist","floor":1,"turns":4},{"damage":5,"enemies":"Small Slimes","floor":4,"turns":2},{"damage":0,"enemies":"2 Louse","floor":5,"turns":1},{"damage":36,"enemies":"3 Sentries","floor":7,"turns":9},{"damage":7,"enemies":"Blue Slaver","floor":8,"turns":2},{"damage":0,"enemies":"Looter","floor":11,"turns":2},{"damage":0,"enemies":"Large Slime","floor":12,"turns":2},{"damage":0,"enemies":"3 Louse","floor":14,"turns":2},{"damage":0,"enemies":"Slime Boss","floor":16,"turns":2}],"seed_played":"-256169829506715385","potions_obtained":[{"floor":1,"key":"Poison Potion"},{"floor":11,"key":"SpeedPotion"},{"floor":12,"key":"Block Potion"}],"is_trial":false,"path_per_floor":["M","$","?","M","M","R","E","M","T","?","M","M","R","M","R","B"],"character_chosen":"IRONCLAD","items_purchased":[],"campfire_rested":1,"item_purchase_floors":[],"current_hp_per_floor":[65,65,65,60,60,60,24,17,17,1,1,1,1,1,25,25],"gold":172,"neow_bonus":"BOSS_RELIC","is_prod":false,"is_daily":false,"chose_seed":false,"campfire_upgraded":2,"win_rate":0,"timestamp":1545106627,"path_taken":["M","?","?","M","M","R","E","M","T","?","?","M","R","M","R","BOSS"],"build_version":"2018-12-13","purchased_purges":1,"victory":false,"max_hp_per_floor":[80,80,80,80,80,80,80,80,80,80,80,80,80,80,80,80],"card_choices":[{"not_picked":["Sentinel","Warcry"],"picked":"Headbutt","floor":1},{"not_picked":["Flex","Corruption"],"picked":"Clothesline","floor":4},{"not_picked":["Body Slam","Pummel"],"picked":"Clash","floor":5},{"not_picked":["Body Slam","Thunderclap"],"picked":"Clash","floor":7},{"not_picked":["Heavy Blade","Twin Strike","Sword Boomerang"],"picked":"SKIP","floor":8},{"not_picked":["Thunderclap","Blood for Blood"],"picked":"Dropkick","floor":11},{"not_picked":["Clash","Bludgeon"],"picked":"Feel No Pain","floor":12},{"not_picked":["Thunderclap","Cleave","Wild Strike"],"picked":"SKIP","floor":14}],"player_experience":1838810,"relics_obtained":[{"floor":7,"key":"Smiling Mask"},{"floor":9,"key":"Bag of Preparation"}],"event_choices":[{"damage_healed":0,"gold_gain":0,"player_choice":"Ignored","damage_taken":0,"max_hp_gain":0,"max_hp_loss":0,"event_name":"Liars Game","floor":3,"gold_loss":0},{"damage_healed":0,"gold_gain":0,"player_choice":"Entered Light","damage_taken":16,"max_hp_gain":0,"max_hp_loss":0,"event_name":"Shining Light","floor":10,"gold_loss":0,"cards_upgraded":["Headbutt","Defend_R"]}],"is_beta":false,"boss_relics":[],"items_purged_floors":[2],"is_endless":false,"potions_floor_spawned":[1,11,12],"killed_by":"Slime Boss","ascension_level":0}