{"gold_per_floor":[209,227,227,227,241,241,252,275,275,301,359,359],"floor_reached":12,"playtime":346,"items_purged":[],"score":137,"play_id":"828a093c-d8f9-4fb3-914e-62a64b31afe9","local_time":"20190304132347","is_ascension_mode":true,"campfire_choices":[{"data":"Beam Cell","floor":6.0,"key":"SMITH"}],"neow_cost":"NONE","seed_source_timestamp":22613997995199,"circlet_count":0,"master_deck":["AscendersBane","Strike_B","Strike_B","Strike_B","Defend_B","Defend_B","Defend_B","Defend_B","Zap+1","Dualcast","Compile Driver","Beam Cell+1","Loop","Reinforced Body","Chaos+1","Coolheaded+1"],"special_seed":0,"relics":["Cracked Core","Odd Mushroom","Toxic Egg 2","Mummified Hand","Anchor"],"potions_floor_usage":[],"damage_taken":[{"damage":0.0,"enemies":"2 Louse","floor":1.0,"turns":1.0},{"damage":2.0,"enemies":"Jaw Worm","floor":2.0,"turns":3.0},{"damage":0.0,"enemies":"Small Slimes","floor":5.0,"turns":2.0},{"damage":15.0,"enemies":"3 Louse","floor":7.0,"turns":4.0},{"damage":11.0,"enemies":"The Mushroom Lair","floor":8.0,"turns":3.0},{"damage":19.0,"enemies":"Gremlin Nob","floor":10.0,"turns":4.0},{"damage":7.0,"enemies":"Gremlin Nob","floor":11.0,"turns":5.0},{"damage":4,"enemies":"Lots of Slimes","floor":12,"turns":2}],"seed_played":"1407481705483034998","potions_obtained":[{"floor":5.0,"key":"Ancient Potion"},{"floor":7.0,"key":"SteroidPotion"},{"floor":8.0,"key":"SkillPotion"}],"is_trial":false,"path_per_floor":["M","M","?","?","M","R","M","?","T","E","?","M"],"character_chosen":"DEFECT","items_purchased":[],"campfire_rested":0,"item_purchase_floors":[],"current_hp_per_floor":[64,62,62,55,55,55,40,29,29,10,3,0],"gold":359,"neow_bonus":"HUNDRED_GOLD","is_prod":false,"is_daily":false,"chose_seed":false,"campfire_upgraded":1,"win_rate":0,"timestamp":1551734627,"path_taken":["M","M","?","?","M","R","M","?","T","E","?","M"],"build_version":"2019-01-23","purchased_purges":0,"victory":false,"max_hp_per_floor":[71,71,71,71,71,71,71,71,71,71,71,71],"card_choices":[{"not_picked":["Reprogram","Beam Cell"],"picked":"Compile Driver","floor":1.0},{"not_picked":["Scrape","Skim","Heatsinks"],"picked":"SKIP","floor":2.0},{"not_picked":["Recycle","Hologram"],"picked":"Beam Cell","floor":5.0},{"not_picked":["Hologram","Static Discharge"],"picked":"Loop","floor":7.0},{"not_picked":["Auto Shields","Blizzard"],"picked":"Reinforced Body","floor":8.0},{"not_picked":["Barrage","Hyperbeam"],"picked":"Chaos+1","floor":10.0},{"not_picked":["Steam+1","Redo+1"],"picked":"Coolheaded+1","floor":11.0}],"player_experience":2321360,"relics_obtained":[{"floor":8.0,"key":"Odd Mushroom"},{"floor":9.0,"key":"Toxic Egg 2"},{"floor":10.0,"key":"Mummified Hand"},{"floor":11.0,"key":"Anchor"}],"event_choices":[{"damage_healed":0.0,"max_hp_gain":0.0,"max_hp_loss":0.0,"gold_gain":0.0,"event_name":"Living Wall","player_choice":"Grow","floor":3.0,"gold_loss":0.0,"damage_taken":0.0,"cards_upgraded":["Zap"]},{"cards_removed":["Strike_B"],"damage_healed":0.0,"max_hp_gain":0.0,"max_hp_loss":0.0,"gold_gain":0.0,"event_name":"Golden Wing","player_choice":"Card Removal","floor":4.0,"gold_loss":0.0,"damage_taken":7.0},{"damage_healed":0.0,"max_hp_gain":0.0,"max_hp_loss":0.0,"gold_gain":0.0,"event_name":"Mushrooms","player_choice":"Fought Mushrooms","floor":8.0,"gold_loss":0.0,"damage_taken":0.0},{"damage_healed":0.0,"max_hp_gain":0.0,"max_hp_loss":0.0,"gold_gain":30.0,"event_name":"Dead Adventurer","player_choice":"Searched \u00272\u0027 times","floor":11.0,"gold_loss":0.0,"damage_taken":0.0}],"is_beta":false,"boss_relics":[],"items_purged_floors":[],"is_endless":false,"potions_floor_spawned":[5,7,8],"killed_by":"Lots of Slimes","ascension_level":15}