{"gold_per_floor":[11,24,37,56,66,66,99,114,189,189,199,249,265,297,297,374,374,394,394,409,409,237,237,263,263,287,287,317,317,343,5,5,81,81,95,95,107,122,122,148,148,179,202,77,89,89,89,116,116,116,116,116,116,116,149,149],"floor_reached":57,"playtime":3836,"items_purged":["Defend_B","Defend_B","Defend_B"],"score":3366,"play_id":"e1b50d18-7cd4-47c2-bb0e-cf88c1556d2a","local_time":"20190201133232","is_ascension_mode":true,"campfire_choices":[{"data":"Darkness","floor":6.0,"key":"SMITH"},{"floor":10.0,"key":"REST"},{"data":"Consume","floor":15.0,"key":"SMITH"},{"data":"Sunder","floor":23.0,"key":"SMITH"},{"data":"Creative AI","floor":25.0,"key":"SMITH"},{"data":"Loop","floor":27.0,"key":"SMITH"},{"floor":32.0,"key":"REST"},{"floor":41.0,"key":"REST"},{"floor":46.0,"key":"REST"},{"floor":49.0,"key":"RECALL"},{"data":"Capacitor","floor":53.0,"key":"SMITH"}],"neow_cost":"NO_GOLD","seed_source_timestamp":0,"circlet_count":0,"master_deck":["AscendersBane","Defend_B","Zap","Dualcast","Loop+1","Sunder+1","Glacier","Cold Snap","Consume+1","Darkness+1","Capacitor+1","Coolheaded+1","Seek+1","Ghostly+1","Ghostly+1","Ghostly+1","Conserve Battery+1","Hologram+1","Seek+1","Discovery+1","BootSequence+1","Recycle+1","Fission+1","Impatience+1"],"special_seed":0,"relics":["Cracked Core","Boot","Toxic Egg 2","Letter Opener","Sozu","Mango","Juzu Bracelet","Pen Nib","Thread and Needle","Ancient Tea Set","Inserter","Art of War","Dream Catcher","Mummified Hand","Centennial Puzzle"],"potions_floor_usage":[56],"damage_taken":[{"damage":0.0,"enemies":"Small Slimes","floor":1.0,"turns":3.0},{"damage":1.0,"enemies":"Cultist","floor":2.0,"turns":3.0},{"damage":2.0,"enemies":"Jaw Worm","floor":3.0,"turns":4.0},{"damage":11.0,"enemies":"Large Slime","floor":4.0,"turns":8.0},{"damage":1.0,"enemies":"3 Louse","floor":5.0,"turns":4.0},{"damage":39.0,"enemies":"Gremlin Nob","floor":7.0,"turns":4.0},{"damage":4.0,"enemies":"Blue Slaver","floor":8.0,"turns":4.0},{"damage":6.0,"enemies":"Exordium Wildlife","floor":11.0,"turns":5.0},{"damage":9.0,"enemies":"Red Slaver","floor":13.0,"turns":4.0},{"damage":4.0,"enemies":"Lagavulin","floor":14.0,"turns":5.0},{"damage":0.0,"enemies":"Hexaghost","floor":16.0,"turns":9.0},{"damage":1.0,"enemies":"3 Byrds","floor":18.0,"turns":4.0},{"damage":5.0,"enemies":"Chosen","floor":20.0,"turns":6.0},{"damage":8.0,"enemies":"Gremlin Leader","floor":24.0,"turns":12.0},{"damage":8.0,"enemies":"Book of Stabbing","floor":28.0,"turns":5.0},{"damage":0.0,"enemies":"Gremlin Leader","floor":30.0,"turns":8.0},{"damage":0.0,"enemies":"Champ","floor":33.0,"turns":11.0},{"damage":0.0,"enemies":"3 Darklings","floor":35.0,"turns":6.0},{"damage":0.0,"enemies":"Orb Walker","floor":37.0,"turns":3.0},{"damage":22.0,"enemies":"3 Darklings","floor":38.0,"turns":5.0},{"damage":0.0,"enemies":"Giant Head","floor":40.0,"turns":9.0},{"damage":36.0,"enemies":"Nemesis","floor":42.0,"turns":11.0},{"damage":0.0,"enemies":"Spire Growth","floor":45.0,"turns":5.0},{"damage":0.0,"enemies":"Reptomancer","floor":48.0,"turns":4.0},{"damage":0.0,"enemies":"Awakened One","floor":50.0,"turns":8.0},{"damage":0.0,"enemies":"Time Eater","floor":51.0,"turns":18.0},{"damage":0,"enemies":"Shield and Spear","floor":55,"turns":9},{"damage":3,"enemies":"The Heart","floor":56,"turns":13}],"seed_played":"8860693837104430188","potions_obtained":[{"floor":2.0,"key":"Strength Potion"},{"floor":4.0,"key":"PowerPotion"},{"floor":5.0,"key":"EssenceOfSteel"},{"floor":11.0,"key":"PowerPotion"}],"is_trial":false,"path_per_floor":["M","M","M","M","M","R","E","M","T","R","M","?","M","E","R","B",null,"M","?","M","?","$","R","E","R","T","R","E","?","E","$","R","B",null,"M","?","M","M","?","E","R","E","T","$","M","R","?","E","R","B","B",null,"R","$","E","B",null],"character_chosen":"DEFECT","items_purchased":["Discovery+1","Recycle+1","Ancient Tea Set"],"campfire_rested":4,"item_purchase_floors":[22,31,31],"current_hp_per_floor":[64,63,61,50,49,49,10,6,6,27,21,21,12,8,8,8,55,54,35,30,30,30,30,36,36,36,36,28,16,16,16,32,32,49,49,49,49,27,27,27,43,7,7,7,7,23,18,18,18,18,18,45,45,45,45,42],"gold":149,"neow_bonus":"TRANSFORM_TWO_CARDS","is_prod":false,"is_daily":false,"chose_seed":false,"campfire_upgraded":6,"win_rate":0,"timestamp":1548999152,"path_taken":["M","M","M","M","M","R","E","M","T","R","M","?","?","E","R","BOSS","M","?","M","?","$","R","E","R","T","R","E","?","E","?","R","BOSS","M","?","M","M","?","E","R","E","T","$","M","R","?","E","R","BOSS","BOSS","R","$","E","BOSS"],"build_version":"2019-01-23","purchased_purges":3,"victory":true,"max_hp_per_floor":[71,71,71,71,71,71,71,71,71,71,71,71,71,71,71,71,71,71,35,35,35,35,35,49,49,49,49,49,54,54,54,54,54,54,54,54,54,54,54,54,54,54,54,54,54,54,54,54,54,54,54,54,54,54,54,54],"card_choices":[{"not_picked":["Hologram","Steam"],"picked":"Sunder","floor":1.0},{"not_picked":["Leap","Chaos"],"picked":"Glacier","floor":2.0},{"not_picked":["Redo","Gash"],"picked":"Cold Snap","floor":3.0},{"not_picked":["Storm","Auto Shields"],"picked":"Consume","floor":4.0},{"not_picked":["Doom and Gloom","Sweeping Beam"],"picked":"Darkness","floor":5.0},{"not_picked":["Redo","Steam","Auto Shields"],"picked":"SKIP","floor":7.0},{"not_picked":["Reboot","Compile Driver","Barrage"],"picked":"SKIP","floor":8.0},{"not_picked":["Lockon","Static Discharge","Melter"],"picked":"SKIP","floor":11.0},{"not_picked":["Lockon","Static Discharge","Melter"],"picked":"SKIP","floor":11.0},{"not_picked":["FTL","Sweeping Beam"],"picked":"Capacitor","floor":13.0},{"not_picked":["Streamline","Compile Driver"],"picked":"Coolheaded+1","floor":14.0},{"not_picked":["Fission+1","Reboot+1"],"picked":"Seek+1","floor":16.0},{"not_picked":["Leap+1","Rebound","Chaos+1"],"picked":"SKIP","floor":18.0},{"not_picked":["Beam Cell","Go for the Eyes","Conserve Battery+1"],"picked":"SKIP","floor":20.0},{"not_picked":["Beam Cell","Go for the Eyes"],"picked":"Conserve Battery+1","floor":20.0},{"not_picked":["Cold Snap","Tempest+1"],"picked":"BootSequence+1","floor":24.0},{"not_picked":["Stack+1","Gash","Chaos+1"],"picked":"SKIP","floor":28.0},{"not_picked":["Sweeping Beam","Compile Driver","Redo+1"],"picked":"SKIP","floor":30.0},{"not_picked":["Biased Cognition","Meteor Strike"],"picked":"Fission+1","floor":33.0},{"not_picked":["Doom and Gloom","Consume+1","Streamline"],"picked":"SKIP","floor":35.0},{"not_picked":["Hologram+1","Compile Driver","Leap+1"],"picked":"SKIP","floor":37.0},{"not_picked":["Aggregate+1","Doom and Gloom+1","FTL"],"picked":"SKIP","floor":38.0},{"not_picked":["Steam+1","Thunder Strike","Leap+1"],"picked":"SKIP","floor":40.0},{"not_picked":["Steam+1","Barrage","FTL"],"picked":"SKIP","floor":42.0},{"not_picked":["Tempest+1","Static Discharge+1","Streamline"],"picked":"SKIP","floor":45.0},{"not_picked":["Thinking Ahead+1","Mind Blast"],"picked":"Impatience+1","floor":47.0},{"not_picked":["Storm","Ball Lightning","Conserve Battery+1"],"picked":"SKIP","floor":48.0},{"not_picked":["Thunder Strike","Tempest+1","Rebound"],"picked":"SKIP","floor":55}],"player_experience":1256902,"relics_obtained":[{"floor":7.0,"key":"Boot"},{"floor":9.0,"key":"Toxic Egg 2"},{"floor":14.0,"key":"Letter Opener"},{"floor":24.0,"key":"Mango"},{"floor":26.0,"key":"Juzu Bracelet"},{"floor":28.0,"key":"Pen Nib"},{"floor":30.0,"key":"Thread and Needle"},{"floor":40.0,"key":"Art of War"},{"floor":42.0,"key":"Dream Catcher"},{"floor":48.0,"key":"Mummified Hand"},{"floor":55,"key":"Centennial Puzzle"}],"event_choices":[{"damage_healed":0.0,"max_hp_gain":0.0,"max_hp_loss":0.0,"gold_gain":50.0,"event_name":"Golden Shrine","player_choice":"Pray","floor":12.0,"gold_loss":0.0,"damage_taken":0.0},{"damage_healed":0.0,"max_hp_gain":0.0,"max_hp_loss":36.0,"gold_gain":0.0,"event_name":"Ghosts","player_choice":"Became a Ghost","floor":19.0,"gold_loss":0.0,"damage_taken":0.0,"cards_obtained":["Ghostly","Ghostly","Ghostly"]},{"damage_healed":0.0,"max_hp_gain":0.0,"max_hp_loss":0.0,"gold_gain":0.0,"cards_transformed":["Strike_B","Strike_B"],"event_name":"Drug Dealer","player_choice":"Became Test Subject","floor":21.0,"gold_loss":0.0,"damage_taken":0.0,"cards_obtained":["Hologram","Seek"]},{"damage_healed":0.0,"max_hp_gain":5.0,"max_hp_loss":0.0,"gold_gain":0.0,"event_name":"Forgotten Altar","player_choice":"Shed Blood","floor":29.0,"gold_loss":0.0,"damage_taken":17.0},{"damage_healed":0.0,"max_hp_gain":0.0,"max_hp_loss":0.0,"gold_gain":0.0,"event_name":"SecretPortal","player_choice":"Ignored","floor":36.0,"gold_loss":0.0,"damage_taken":0.0},{"cards_removed":["Creative AI"],"damage_healed":0.0,"max_hp_gain":0.0,"max_hp_loss":0.0,"gold_gain":0.0,"event_name":"Falling","player_choice":"Removed Power","floor":39.0,"gold_loss":0.0,"damage_taken":0.0},{"damage_healed":0.0,"max_hp_gain":0.0,"max_hp_loss":0.0,"gold_gain":0.0,"event_name":"SensoryStone","player_choice":"Memory 2","floor":47.0,"gold_loss":0.0,"damage_taken":5.0}],"is_beta":true,"boss_relics":[{"not_picked":["FrozenCore","Snecko Eye"],"picked":"Sozu"},{"not_picked":["Empty Cage","Cursed Key"],"picked":"Inserter"}],"items_purged_floors":[22,31,44],"is_endless":false,"potions_floor_spawned":[2,4,5,11,20,24,30,37,40,42,45],"ascension_level":20}