{"gold_per_floor":[117,117,117,132,132,132,167,167,167,202,277,277,191,202,202,275,275,294,294,313,145,161,186,198,208,234,234,72,104,118,144,144,221,221,232,11,1010,1010,365,394,414,424,424,459,470,501,511,526,526,526,526],"floor_reached":52,"playtime":3047,"items_purged":["Cleave","Iron Wave+1"],"score":2770,"play_id":"9961774e-eb07-41c7-afd1-6217dce1d64e","local_time":"20181210213448","daily_mods":["SealedDeck"],"is_ascension_mode":true,"campfire_choices":[{"data":"Spot Weakness","floor":6.0,"key":"SMITH"},{"data":"Entrench","floor":8.0,"key":"SMITH"},{"data":"Disarm","floor":12.0,"key":"SMITH"},{"data":"True Grit","floor":15.0,"key":"SMITH"},{"data":"Corruption","floor":27.0,"key":"SMITH"},{"data":"Feel No Pain","floor":32.0,"key":"SMITH"},{"data":"Disarm","floor":49,"key":"SMITH"}],"neow_cost":"","seed_source_timestamp":0,"circlet_count":0,"master_deck":["AscendersBane","Body Slam+1","True Grit+1","Havoc","Pommel Strike+1","Flame Barrier","Spot Weakness+1","Disarm+1","Shrug It Off","Armaments+1","Entrench+1","Corruption+1","Rage","Impervious","Sentinel","Feel No Pain+1","Shrug It Off","Limit Break","Shockwave","True Grit+1","Ghostly Armor","Fiend Fire","Chrysalis","Entrench","Havoc","Disarm+1","Disarm","Havoc+1"],"special_seed":0,"relics":["Burning Blood","Pear","Dead Branch","Anchor","Sozu","Happy Flower","Omamori","Pen Nib","Whetstone","Nunchaku","Snecko Eye","Medical Kit","Frozen Egg 2","Smiling Mask","Toxic Egg 2","Art of War","Kunai"],"potions_floor_usage":[51],"damage_taken":[{"damage":8.0,"enemies":"Jaw Worm","floor":1.0,"turns":4.0},{"damage":0.0,"enemies":"Small Slimes","floor":4.0,"turns":4.0},{"damage":28.0,"enemies":"Gremlin Nob","floor":7.0,"turns":5.0},{"damage":0.0,"enemies":"3 Sentries","floor":10.0,"turns":7.0},{"damage":0.0,"enemies":"2 Louse","floor":14.0,"turns":2.0},{"damage":28.0,"enemies":"The Guardian","floor":16.0,"turns":8.0},{"damage":0.0,"enemies":"3 Byrds","floor":18.0,"turns":4.0},{"damage":0.0,"enemies":"2 Thieves","floor":20.0,"turns":4.0},{"damage":0.0,"enemies":"Chosen and Byrds","floor":22.0,"turns":4.0},{"damage":0.0,"enemies":"Book of Stabbing","floor":23.0,"turns":3.0},{"damage":0.0,"enemies":"Cultist and Chosen","floor":24.0,"turns":3.0},{"damage":0.0,"enemies":"Centurion and Healer","floor":25.0,"turns":5.0},{"damage":7.0,"enemies":"Slavers","floor":29.0,"turns":4.0},{"damage":0.0,"enemies":"Snake Plant","floor":30.0,"turns":2.0},{"damage":0.0,"enemies":"Gremlin Leader","floor":31.0,"turns":5.0},{"damage":0,"enemies":"Collector","floor":33,"turns":3},{"damage":0,"enemies":"3 Darklings","floor":35,"turns":2},{"damage":6,"enemies":"Giant Head","floor":40,"turns":3},{"damage":0,"enemies":"Orb Walker","floor":41,"turns":2},{"damage":6,"enemies":"Transient","floor":42,"turns":1},{"damage":0,"enemies":"Nemesis","floor":44,"turns":3},{"damage":0,"enemies":"Sphere and 2 Shapes","floor":45,"turns":4},{"damage":3,"enemies":"Reptomancer","floor":46,"turns":2},{"damage":0,"enemies":"Jaw Worm Horde","floor":47,"turns":2},{"damage":0,"enemies":"Maw","floor":48,"turns":2},{"damage":3,"enemies":"Awakened One","floor":50,"turns":4},{"damage":6,"enemies":"Donu and Deca","floor":51,"turns":2}],"seed_played":"899793681915615474","potions_obtained":[{"floor":1.0,"key":"Dexterity Potion"},{"floor":7.0,"key":"Energy Potion"}],"is_trial":true,"path_per_floor":["M","$","?","M","?","R","E","R","T","E","?","R","$","M","R","B",null,"M","?","M","$","M","E","M","M","T","R","$","E","M","E","R","B",null,"M","$","?","?","$","E","M","M","T","E","M","E","M","M","R","B","B",null],"character_chosen":"IRONCLAD","items_purchased":["Corruption","Happy Flower","Limit Break","Medical Kit","Frozen Egg 2","Chrysalis","Entrench"],"campfire_rested":0,"item_purchase_floors":[13,21,28,36,39,39,39],"current_hp_per_floor":[66,66,43,49,49,49,37,37,37,43,32,32,32,38,38,16,68,74,74,80,80,85,85,85,85,85,85,85,84,85,85,85,85,85,85,85,85,81,81,81,81,81,81,81,81,81,81,81,81,81,81],"gold":526,"neow_bonus":"","is_prod":false,"is_daily":false,"chose_seed":true,"campfire_upgraded":7,"win_rate":0,"timestamp":1544506488,"path_taken":["M","$","?","M","?","R","E","R","T","E","?","R","$","M","R","BOSS","M","?","?","$","M","E","M","M","T","R","$","E","M","E","R","BOSS","M","$","?","?","?","E","M","?","T","E","M","E","M","M","R","BOSS","BOSS"],"build_version":"2018-12-06","purchased_purges":2,"victory":true,"max_hp_per_floor":[75,75,75,75,75,75,85,85,85,85,85,85,85,85,85,85,85,85,85,85,85,85,85,85,85,85,85,85,85,85,85,85,85,85,85,85,85,81,81,81,81,81,81,81,81,81,81,81,81,81,81],"card_choices":[{"not_picked":["Anger","Rage"],"picked":"Armaments","floor":1.0},{"not_picked":["Pommel Strike","Havoc"],"picked":"Entrench","floor":4.0},{"not_picked":["Dual Wield","Searing Blow","Thunderclap"],"picked":"SKIP","floor":7.0},{"not_picked":["Intimidate","Sword Boomerang","True Grit"],"picked":"SKIP","floor":10.0},{"not_picked":["Headbutt","Blood for Blood","Rage"],"picked":"SKIP","floor":14.0},{"not_picked":["Headbutt","Blood for Blood"],"picked":"Rage","floor":14.0},{"not_picked":["Juggernaut","Double Tap"],"picked":"Impervious","floor":16.0},{"not_picked":["Flex","Dropkick"],"picked":"Sentinel","floor":18.0},{"not_picked":["Sword Boomerang","Pummel+1","Metallicize"],"picked":"SKIP","floor":20.0},{"not_picked":["Wild Strike","Intimidate"],"picked":"Feel No Pain","floor":22.0},{"not_picked":["Anger","Armaments"],"picked":"Shrug It Off","floor":23.0},{"not_picked":["Searing Blow","Anger","Thunderclap"],"picked":"SKIP","floor":24.0},{"not_picked":["Clothesline","Inflame","Twin Strike+1"],"picked":"SKIP","floor":25.0},{"not_picked":["Perfected Strike","Cleave"],"picked":"Shockwave","floor":29.0},{"not_picked":["Clash","Pommel Strike"],"picked":"True Grit+1","floor":30.0},{"not_picked":["Heavy Blade+1","Evolve"],"picked":"Ghostly Armor","floor":31.0},{"not_picked":["Reaper","Berserk"],"picked":"Fiend Fire","floor":33},{"not_picked":["Rupture","Evolve","Perfected Strike"],"picked":"SKIP","floor":35},{"not_picked":["Headbutt","Bloodletting"],"picked":"Havoc","floor":40},{"not_picked":["Clash","Entrench+1"],"picked":"Disarm","floor":41},{"not_picked":["Sentinel","Heavy Blade"],"picked":"Disarm","floor":42},{"not_picked":["Perfected Strike+1","Clothesline","Reckless Charge+1"],"picked":"SKIP","floor":44},{"not_picked":["Anger","Dropkick","Metallicize+1"],"picked":"SKIP","floor":45},{"not_picked":["Clothesline","Blood for Blood+1","Inflame+1"],"picked":"SKIP","floor":46},{"not_picked":["Searing Blow","Iron Wave+1"],"picked":"Havoc+1","floor":47},{"not_picked":["Immolate","Thunderclap+1","Flex+1"],"picked":"SKIP","floor":48}],"player_experience":1771745,"relics_obtained":[{"floor":7.0,"key":"Pear"},{"floor":9.0,"key":"Dead Branch"},{"floor":10.0,"key":"Anchor"},{"floor":23.0,"key":"Omamori"},{"floor":26.0,"key":"Pen Nib"},{"floor":29.0,"key":"Whetstone"},{"floor":31.0,"key":"Nunchaku"},{"floor":40,"key":"Smiling Mask"},{"floor":43,"key":"Toxic Egg 2"},{"floor":44,"key":"Art of War"},{"floor":46,"key":"Kunai"}],"event_choices":[{"damage_healed":0.0,"max_hp_gain":0.0,"max_hp_loss":0.0,"gold_gain":0.0,"event_name":"Shining Light","player_choice":"Entered Light","floor":3.0,"gold_loss":0.0,"damage_taken":23.0,"cards_upgraded":["Iron Wave","Armaments"]},{"damage_healed":0.0,"max_hp_gain":0.0,"max_hp_loss":0.0,"gold_gain":0.0,"event_name":"Golden Idol","player_choice":"Ignored","floor":5.0,"gold_loss":0.0,"damage_taken":0.0},{"damage_healed":0.0,"max_hp_gain":0.0,"max_hp_loss":0.0,"gold_gain":75.0,"event_name":"World of Goop","player_choice":"Gather Gold","floor":11.0,"gold_loss":0.0,"damage_taken":11.0},{"damage_healed":0.0,"max_hp_gain":0.0,"max_hp_loss":0.0,"gold_gain":0.0,"cards_transformed":["Clothesline"],"event_name":"Transmorgrifier","player_choice":"Transformed","floor":19.0,"gold_loss":0.0,"damage_taken":0.0,"cards_obtained":["Cleave"]},{"damage_healed":0,"gold_gain":999,"player_choice":"Gold","damage_taken":0,"max_hp_gain":0,"max_hp_loss":0,"event_name":"MindBloom","floor":37,"gold_loss":0,"cards_obtained":["Normality","Normality"]},{"damage_healed":0,"gold_gain":0,"player_choice":"Max HP","damage_taken":0,"max_hp_gain":0,"max_hp_loss":4,"event_name":"Winding Halls","floor":38,"gold_loss":0}],"is_beta":false,"boss_relics":[{"not_picked":["Runic Cube","Eternal Feather"],"picked":"Sozu"},{"not_picked":["Velvet Choker","Tiny House"],"picked":"Snecko Eye"}],"items_purged_floors":[28,39],"is_endless":false,"potions_floor_spawned":[1,7,16,18,22,30,31,33,41,42,46,48],"ascension_level":20}