{"gold_per_floor":[117,137,152,165,340,365,365,391,437,437,451,479,92,110,110,110],"floor_reached":16,"playtime":1177,"items_purged":["Doubt"],"score":112,"play_id":"7c167b4c-bc51-4b78-bb35-419e63d54b98","local_time":"20180720104540","is_ascension_mode":false,"campfire_choices":[{"data":"Whirlwind","floor":7,"key":"SMITH"},{"data":"Rupture","floor":10,"key":"SMITH"},{"data":"Seeing Red","floor":15,"key":"SMITH"}],"neow_cost":"NONE","seed_source_timestamp":10549283692407,"circlet_count":0,"master_deck":["Strike_R","Strike_R","Strike_R+1","Strike_R","Defend_R","Defend_R","Defend_R","Defend_R","Bash+1","Bloodletting","Rupture+1","Feel No Pain","Thunderclap","True Grit","Whirlwind+1","Pommel Strike","Flex","Seeing Red+1","Battle Trance"],"relics":["Burning Blood","Centennial Puzzle","Bag of Preparation","Omamori","Boot","Whetstone"],"potions_floor_usage":[6],"damage_taken":[{"damage":6,"enemies":"Cultist","floor":1,"turns":3},{"damage":12,"enemies":"Jaw Worm","floor":2,"turns":4},{"damage":4,"enemies":"2 Louse","floor":3,"turns":6},{"damage":24,"enemies":"Large Slime","floor":4,"turns":11},{"damage":50,"enemies":"Gremlin Nob","floor":6,"turns":5},{"damage":8,"enemies":"Exordium Wildlife","floor":11,"turns":3},{"damage":16,"enemies":"3 Sentries","floor":12,"turns":4},{"damage":3,"enemies":"Looter","floor":14,"turns":2},{"damage":25,"enemies":"Slime Boss","floor":16,"turns":3}],"seed_played":"-5947358112360370933","potions_obtained":[{"floor":1,"key":"SteroidPotion"},{"floor":4,"key":"FairyPotion"}],"is_trial":false,"path_per_floor":["M","M","M","M","?","E","R","T","T","R","M","E","$","M","R"],"character_chosen":"IRONCLAD","items_purchased":["Seeing Red","Battle Trance","Whetstone"],"campfire_rested":0,"item_purchase_floors":[13,13,13],"current_hp_per_floor":[80,74,76,58,58,14,14,14,14,14,12,14,14,17,17,0],"gold":110,"neow_bonus":"TRANSFORM_CARD","is_prod":false,"is_daily":false,"chose_seed":false,"campfire_upgraded":3,"win_rate":0,"timestamp":1532108740,"path_taken":["M","M","?","M","?","E","R","?","T","R","M","E","$","M","R","BOSS"],"build_version":"2018-07-19v2","purchased_purges":1,"victory":false,"max_hp_per_floor":[80,80,80,80,80,80,80,80,80,80,80,80,80,80,80,80],"card_choices":[{"not_picked":["Clash","Iron Wave"],"picked":"Rupture","floor":1},{"not_picked":["Clash","Burning Pact"],"picked":"Feel No Pain","floor":2},{"not_picked":["Disarm","Spot Weakness"],"picked":"Thunderclap","floor":3},{"not_picked":["Battle Trance","Barricade"],"picked":"True Grit","floor":4},{"not_picked":["Shrug It Off","True Grit"],"picked":"Whirlwind","floor":6},{"not_picked":["Metallicize","Perfected Strike"],"picked":"Pommel Strike","floor":11},{"not_picked":["Immolate","Corruption"],"picked":"Flex","floor":12},{"not_picked":["Intimidate","Clothesline","Sentinel"],"picked":"SKIP","floor":14}],"player_experience":808051,"relics_obtained":[{"floor":6,"key":"Centennial Puzzle"},{"floor":8,"key":"Bag of Preparation"},{"floor":9,"key":"Omamori"},{"floor":12,"key":"Boot"}],"event_choices":[{"event_name":"Liars Game","player_choice":"agreed","floor":5,"damage_taken":0}],"is_beta":false,"boss_relics":[],"items_purged_floors":[13],"is_endless":false,"potions_floor_spawned":[1,4],"killed_by":"Slime Boss","ascension_level":0}