{"gold_per_floor":[113,133,103,118,138,138,157,186,211,238,300,317,344,357,357,357,357,377,387,57,57,77,77,94,121,146,171,171,22,52,69,69,141,141,156,156,31,31,43,43,43,43,43,54,82,82,100,100,100,100],"floor_reached":50,"playtime":2540,"items_purged":["Strike_B","Strike_B"],"score":1079,"play_id":"0fe43cfa-a43a-4f29-b3c4-f41e26661cb1","local_time":"20180920001711","is_ascension_mode":true,"campfire_choices":[{"data":"Zap","floor":6.0,"key":"SMITH"},{"floor":15.0,"key":"REST"},{"data":"Redo","floor":23.0,"key":"SMITH"},{"floor":32.0,"key":"REST"},{"floor":40.0,"key":"REST"},{"data":"Hologram","floor":42.0,"key":"SMITH"},{"data":"Go for the Eyes","floor":46.0,"key":"SMITH"},{"data":"Go for the Eyes","floor":49.0,"key":"SMITH"}],"neow_cost":"CURSE","seed_source_timestamp":42792137281303,"circlet_count":0,"master_deck":["Strike_B","Strike_B","Defend_B","Defend_B","Defend_B","Defend_B","Zap+1","Dualcast","AscendersBane","Clumsy","All For One","Go for the Eyes+1","Go for the Eyes+1","BootSequence","Beam Cell","Steam","Steam Power","Coolheaded","Conserve Battery","Ball Lightning","Hologram+1","Beam Cell","Cold Snap+1","Redo+1","Self Repair","Gash","Seek","Steam","Buffer","Madness","Madness","FTL","Gash","Stack","Compile Driver"],"special_seed":0,"relics":["Cracked Core","Vajra","Pen Nib","Happy Flower","Bronze Scales","Sundial","Nuclear Battery","Kunai","Potion Belt","Bag of Marbles","Ornamental Fan","Emotion Chip","Eternal Feather","Du-Vu Doll","Smiling Mask","Boot"],"potions_floor_usage":[50,50],"damage_taken":[{"damage":0.0,"enemies":"Small Slimes","floor":1.0,"turns":4.0},{"damage":0.0,"enemies":"Cultist","floor":2.0,"turns":3.0},{"damage":1.0,"enemies":"2 Louse","floor":4.0,"turns":3.0},{"damage":1.0,"enemies":"Blue Slaver","floor":5.0,"turns":3.0},{"damage":0.0,"enemies":"Large Slime","floor":7.0,"turns":3.0},{"damage":10.0,"enemies":"3 Sentries","floor":8.0,"turns":5.0},{"damage":0.0,"enemies":"Gremlin Nob","floor":10.0,"turns":2.0},{"damage":13.0,"enemies":"Lagavulin Event","floor":11.0,"turns":6.0},{"damage":8.0,"enemies":"Gremlin Gang","floor":12.0,"turns":5.0},{"damage":0.0,"enemies":"Lagavulin","floor":13.0,"turns":3.0},{"damage":13.0,"enemies":"Exordium Thugs","floor":14.0,"turns":5.0},{"damage":16.0,"enemies":"Slime Boss","floor":16.0,"turns":7.0},{"damage":0.0,"enemies":"Chosen","floor":18.0,"turns":4.0},{"damage":0.0,"enemies":"3 Byrds","floor":19.0,"turns":3.0},{"damage":0.0,"enemies":"Cultist and Chosen","floor":22.0,"turns":4.0},{"damage":0.0,"enemies":"Centurion and Healer","floor":24.0,"turns":5.0},{"damage":17.0,"enemies":"Slavers","floor":25.0,"turns":6.0},{"damage":25.0,"enemies":"Book of Stabbing","floor":27.0,"turns":5.0},{"damage":4.0,"enemies":"Gremlin Leader","floor":30.0,"turns":5.0},{"damage":17.0,"enemies":"Snake Plant","floor":31.0,"turns":4.0},{"damage":36.0,"enemies":"Champ","floor":33.0,"turns":18.0},{"damage":8.0,"enemies":"3 Shapes","floor":35.0,"turns":3.0},{"damage":0.0,"enemies":"Mind Bloom Boss Battle","floor":38.0,"turns":6.0},{"damage":26.0,"enemies":"3 Darklings","floor":39.0,"turns":5.0},{"damage":5.0,"enemies":"Transient","floor":44.0,"turns":5.0},{"damage":48.0,"enemies":"2 Orb Walkers","floor":45.0,"turns":5.0},{"damage":10.0,"enemies":"Reptomancer","floor":47.0,"turns":5.0},{"damage":84,"enemies":"Donu and Deca","floor":50,"turns":7}],"seed_played":"5993568175398753547","potions_obtained":[{"floor":3.0,"key":"AttackPotion"},{"floor":3.0,"key":"SkillPotion"},{"floor":8.0,"key":"Block Potion"},{"floor":10.0,"key":"Weak Potion"},{"floor":12.0,"key":"Energy Potion"},{"floor":13.0,"key":"Strength Potion"},{"floor":27.0,"key":"SpeedPotion"},{"floor":31.0,"key":"Poison Potion"},{"floor":33.0,"key":"SpeedPotion"},{"floor":35.0,"key":"SpeedPotion"},{"floor":39.0,"key":"Poison Potion"},{"floor":45.0,"key":"SpeedPotion"}],"is_trial":false,"path_per_floor":["M","M","?","M","M","R","M","E","T","E","?","M","E","M","R","B",null,"M","M","$","?","M","R","M","E","T","E","?","$","E","M","R","B",null,"M","?","$","?","M","R","$","R","T","M","E","R","M","?","R"],"character_chosen":"DEFECT","items_purchased":["Kunai","SkillPotion","FTL","Gash"],"campfire_rested":3,"item_purchase_floors":[20,29,37,37],"current_hp_per_floor":[64,64,64,63,62,62,62,52,52,52,39,31,31,18,39,23,59,59,59,59,59,59,59,59,49,49,31,31,31,34,24,45,16,57,56,43,43,50,31,71,71,71,71,71,30,51,48,81,81,0],"gold":100,"neow_bonus":"THREE_RARE_CARDS","is_prod":false,"is_daily":false,"chose_seed":false,"campfire_upgraded":5,"win_rate":0,"timestamp":1537427831,"path_taken":["M","M","?","M","?","R","?","E","T","E","?","M","E","M","R","BOSS","M","?","$","?","M","R","M","E","T","E","?","$","E","M","R","BOSS","M","?","$","?","?","R","$","R","T","M","E","R","M","?","R","BOSS"],"build_version":"2018-09-06","purchased_purges":2,"victory":false,"max_hp_per_floor":[71,71,71,71,71,71,71,71,71,71,71,71,71,71,71,71,71,71,71,71,71,71,71,71,71,71,71,71,71,71,71,71,71,71,71,71,71,71,71,71,71,71,71,71,71,71,71,81,81,81],"card_choices":[{"not_picked":["Buffer","Machine Learning"],"picked":"All For One","floor":0.0},{"not_picked":["Loop","Turbo"],"picked":"Go for the Eyes","floor":1.0},{"not_picked":["Sunder","Compile Driver"],"picked":"Go for the Eyes","floor":2.0},{"not_picked":["Reinforced Body","Chill"],"picked":"BootSequence","floor":4.0},{"not_picked":["Ball Lightning","Rebound"],"picked":"Beam Cell","floor":5.0},{"not_picked":["Chaos","Rebound"],"picked":"Steam","floor":7.0},{"not_picked":["Force Field","Barrage"],"picked":"Steam Power","floor":8.0},{"not_picked":["Fusion","Barrage"],"picked":"Coolheaded","floor":10.0},{"not_picked":["Tempest","Doom and Gloom"],"picked":"Conserve Battery","floor":11.0},{"not_picked":["Barrage","Conserve Battery"],"picked":"Ball Lightning","floor":12.0},{"not_picked":["Hyperbeam","Stack"],"picked":"Hologram","floor":13.0},{"not_picked":["Turbo","Stack","Hello World"],"picked":"SKIP","floor":14.0},{"not_picked":["Core Surge","Thunder Strike"],"picked":"Hyperbeam","floor":16.0},{"not_picked":["Melter","Compile Driver"],"picked":"Beam Cell","floor":18.0},{"not_picked":["Barrage","Sweeping Beam"],"picked":"Cold Snap+1","floor":19.0},{"not_picked":["Ball Lightning","Streamline","Redo"],"picked":"SKIP","floor":22.0},{"not_picked":["Ball Lightning","Streamline"],"picked":"Redo","floor":22.0},{"not_picked":["Storm","Coolheaded"],"picked":"Self Repair","floor":24.0},{"not_picked":["Storm","Coolheaded"],"picked":"Gash","floor":25.0},{"not_picked":["Lockon","Rip and Tear+1","Sunder+1"],"picked":"SKIP","floor":27.0},{"not_picked":["Reinforced Body","Doom and Gloom+1"],"picked":"Seek","floor":30.0},{"not_picked":["Coolheaded","Go for the Eyes"],"picked":"Steam","floor":31.0},{"not_picked":["Biased Cognition","Amplify"],"picked":"Buffer","floor":33.0},{"not_picked":["Redo","Auto Shields","Storm+1"],"picked":"SKIP","floor":35.0},{"not_picked":["Steam","Capacitor"],"picked":"Stack","floor":38.0},{"not_picked":["Turbo","Aggregate"],"picked":"Compile Driver","floor":39.0},{"not_picked":["Steam Power","Defragment","Lockon"],"picked":"SKIP","floor":44.0},{"not_picked":["Amplify","Stack","Sweeping Beam+1"],"picked":"SKIP","floor":45.0},{"not_picked":["Compile Driver","Stack","Sweeping Beam"],"picked":"SKIP","floor":47.0}],"player_experience":1170153,"relics_obtained":[{"floor":8.0,"key":"Vajra"},{"floor":9.0,"key":"Pen Nib"},{"floor":10.0,"key":"Happy Flower"},{"floor":11.0,"key":"Bronze Scales"},{"floor":13.0,"key":"Sundial"},{"floor":25.0,"key":"Potion Belt"},{"floor":26.0,"key":"Bag of Marbles"},{"floor":27.0,"key":"Ornamental Fan"},{"floor":30.0,"key":"Emotion Chip"},{"floor":38.0,"key":"Du-Vu Doll"},{"floor":43.0,"key":"Smiling Mask"},{"floor":45.0,"key":"Boot"}],"event_choices":[{"event_name":"The Woman in Blue","player_choice":"Bought 2 Potions","floor":3.0,"damage_taken":0.0},{"event_name":"Dead Adventurer","player_choice":"Searched \u00271\u0027 times","floor":11.0,"damage_taken":0.0},{"event_name":"The Lab","player_choice":"Got Potions","floor":21.0,"damage_taken":0.0},{"event_name":"Ghosts","player_choice":"Ignored","floor":28.0,"damage_taken":0.0},{"event_name":"Winding Halls","player_choice":"Embrace Madness","floor":36.0,"damage_taken":0.0},{"event_name":"MindBloom","player_choice":"Fight","floor":38.0,"damage_taken":0.0},{"event_name":"Bonfire Elementals","player_choice":"RARE","floor":48.0,"damage_taken":0.0}],"is_beta":false,"boss_relics":[{"not_picked":["Runic Pyramid","Pandora\u0027s Box"],"picked":"Nuclear Battery"},{"not_picked":["White Beast Statue","Velvet Choker"],"picked":"Eternal Feather"}],"items_purged_floors":[20,29],"is_endless":false,"potions_floor_spawned":[4,5,8,10,12,13,14,18,19,27,31,33,35,39,45],"killed_by":"Donu and Deca","ascension_level":15}