{"gold_per_floor":[117,117,20,33,208,208,240,260,285,304,304,304,335,335,335,335],"floor_reached":16,"playtime":387,"items_purged":[],"score":108,"play_id":"6bd5c1c1-8b13-43d4-b552-37c8a141835c","local_time":"20190106044343","is_ascension_mode":false,"campfire_choices":[{"data":"Static Discharge","floor":6,"key":"SMITH"},{"data":"Static Discharge","floor":11,"key":"SMITH"},{"data":"Glacier","floor":15,"key":"SMITH"}],"neow_cost":"NONE","seed_source_timestamp":1388340938492166,"circlet_count":0,"master_deck":["Strike_B","Strike_B","Strike_B","Defend_B","Defend_B","Defend_B","Defend_B","Zap","Dualcast","Chill","Static Discharge+1","Conserve Battery","Go for the Eyes","Doubt","Steam","Gash","Static Discharge+1","Glacier+1"],"relics":["Runic Dome","Orichalcum","Happy Flower","Golden Idol","Cables","Gambling Chip"],"potions_floor_usage":[13,13,16],"damage_taken":[{"damage":6,"enemies":"Jaw Worm","floor":1,"turns":3},{"damage":5,"enemies":"Small Slimes","floor":4,"turns":3},{"damage":13,"enemies":"Gremlin Nob","floor":7,"turns":5},{"damage":0,"enemies":"2 Louse","floor":8,"turns":5},{"damage":12,"enemies":"Exordium Wildlife","floor":10,"turns":4},{"damage":11,"enemies":"Lagavulin","floor":13,"turns":5},{"damage":8,"enemies":"Slime Boss","floor":16,"turns":3}],"seed_played":"4969001953824078565","potions_obtained":[{"floor":4,"key":"Weak Potion"},{"floor":8,"key":"AttackPotion"},{"floor":10,"key":"AttackPotion"}],"is_trial":false,"path_per_floor":["M","?","$","M","?","R","E","M","T","M","R","?","E","T","R","B"],"character_chosen":"DEFECT","items_purchased":["Static Discharge","Conserve Battery"],"campfire_rested":0,"item_purchase_floors":[3,3],"current_hp_per_floor":[69,62,62,57,57,57,44,44,44,32,32,14,3,3,3,0],"gold":335,"neow_bonus":"BOSS_RELIC","is_prod":false,"is_daily":false,"chose_seed":false,"campfire_upgraded":3,"win_rate":0,"timestamp":1546746223,"path_taken":["M","?","$","M","?","R","E","M","T","M","R","?","E","?","R","BOSS"],"build_version":"2019-01-03v4","purchased_purges":0,"victory":false,"max_hp_per_floor":[75,75,75,75,75,75,75,75,75,75,75,75,75,75,75,75],"card_choices":[{"not_picked":["Stack","Beam Cell"],"picked":"Chill","floor":1},{"not_picked":["Rip and Tear","Compile Driver"],"picked":"Go for the Eyes","floor":4},{"not_picked":["Consume","Hello World"],"picked":"Steam","floor":7},{"not_picked":["Machine Learning","Coolheaded"],"picked":"Gash","floor":8},{"not_picked":["Barrage","Genetic Algorithm"],"picked":"Static Discharge","floor":10},{"not_picked":["Reinforced Body","Static Discharge"],"picked":"Glacier","floor":13}],"player_experience":419106,"relics_obtained":[{"floor":7,"key":"Orichalcum"},{"floor":9,"key":"Happy Flower"},{"floor":13,"key":"Cables"},{"floor":14,"key":"Gambling Chip"}],"event_choices":[{"cards_removed":["Strike_B"],"damage_healed":0,"gold_gain":0,"player_choice":"Card Removal","damage_taken":7,"max_hp_gain":0,"max_hp_loss":0,"event_name":"Golden Wing","floor":2,"gold_loss":0},{"damage_healed":0,"gold_gain":175,"player_choice":"AGREE","damage_taken":0,"max_hp_gain":0,"max_hp_loss":0,"event_name":"Liars Game","floor":5,"gold_loss":0,"cards_obtained":["Doubt"]},{"damage_healed":0,"gold_gain":0,"player_choice":"Take Damage","damage_taken":18,"relics_obtained":["Golden Idol"],"max_hp_gain":0,"max_hp_loss":0,"event_name":"Golden Idol","floor":12,"gold_loss":0}],"is_beta":false,"boss_relics":[],"items_purged_floors":[],"is_endless":false,"potions_floor_spawned":[4,8,10],"killed_by":"Slime Boss","ascension_level":0}