{"gold_per_floor":[113,38,38,38,56,56,56,84,114,114,145,155,169,201,201,304,304,315,68,83,83,20,20,20,51,51,51,13,26,296,307,307,408,408,424,440,226,246,262,289,201,236,313,330,350,367,367,399,399,399,399,399,4,29,29],"floor_reached":56,"playtime":2901,"items_purged":["Strike_B","Strike_B","Strike_B","Defend_B","Defend_B","Defend_B"],"score":2125,"play_id":"bdf18f18-6129-41e8-aafc-287d2c61ccdd","local_time":"20190314024147","is_ascension_mode":true,"campfire_choices":[{"data":"Biased Cognition","floor":6.0,"key":"SMITH"},{"floor":10.0,"key":"REST"},{"data":"Zap","floor":15.0,"key":"SMITH"},{"data":"Coolheaded","floor":23.0,"key":"SMITH"},{"floor":27.0,"key":"REST"},{"data":"Heatsinks","floor":32.0,"key":"SMITH"},{"floor":49,"key":"RECALL"},{"data":"Skim","floor":52,"key":"SMITH"}],"neow_cost":"TEN_PERCENT_HP_LOSS","seed_source_timestamp":30770117783700,"circlet_count":0,"master_deck":["AscendersBane","Defend_B","Zap+1","Dualcast","Core Surge","Beam Cell","Biased Cognition+1","Skim+1","Cold Snap","Barrage","All For One","Echo Form","Coolheaded+1","Ghostly","Ghostly","Ghostly","Ghostly","Ghostly","Heatsinks+1","Self Repair","Multi-Cast","Turbo+1","Capacitor","Purity"],"special_seed":0,"relics":["Cracked Core","FaceOfCleric","Calipers","Tiny Chest","Shuriken","Turnip","Runic Pyramid","Membership Card","Orichalcum","Cables","Runic Dome","Question Card","Bottled Tornado","Ice Cream","Strawberry","Chemical X","Ginger","Incense Burner"],"potions_floor_usage":[55,55],"damage_taken":[{"damage":0.0,"enemies":"2 Louse","floor":1.0,"turns":3.0},{"damage":2.0,"enemies":"Jaw Worm","floor":5.0,"turns":3.0},{"damage":30.0,"enemies":"Lagavulin","floor":8.0,"turns":5.0},{"damage":35.0,"enemies":"Gremlin Nob","floor":11.0,"turns":4.0},{"damage":0.0,"enemies":"Cultist","floor":12.0,"turns":3.0},{"damage":7.0,"enemies":"2 Fungi Beasts","floor":13.0,"turns":3.0},{"damage":1.0,"enemies":"Lagavulin","floor":14.0,"turns":7.0},{"damage":11.0,"enemies":"Slime Boss","floor":16.0,"turns":7.0},{"damage":27.0,"enemies":"2 Thieves","floor":18.0,"turns":4.0},{"damage":7.0,"enemies":"Chosen","floor":20.0,"turns":4.0},{"damage":19.0,"enemies":"Slavers","floor":25.0,"turns":6.0},{"damage":0.0,"enemies":"Centurion and Healer","floor":29.0,"turns":8.0},{"damage":0.0,"enemies":"3 Cultists","floor":31.0,"turns":6.0},{"damage":0,"enemies":"Champ","floor":33,"turns":12},{"damage":0,"enemies":"Orb Walker","floor":35,"turns":5},{"damage":0,"enemies":"3 Darklings","floor":36,"turns":7},{"damage":0,"enemies":"Maw","floor":38,"turns":7},{"damage":2,"enemies":"Sphere and 2 Shapes","floor":39,"turns":5},{"damage":0,"enemies":"Giant Head","floor":40,"turns":7},{"damage":23,"enemies":"Reptomancer","floor":42,"turns":5},{"damage":12,"enemies":"4 Shapes","floor":44,"turns":6},{"damage":0,"enemies":"Writhing Mass","floor":45,"turns":4},{"damage":9,"enemies":"Sphere and 2 Shapes","floor":46,"turns":5},{"damage":0,"enemies":"Giant Head","floor":48,"turns":7},{"damage":0,"enemies":"Awakened One","floor":50,"turns":8},{"damage":0,"enemies":"Shield and Spear","floor":54,"turns":6},{"damage":22,"enemies":"The Heart","floor":55,"turns":10}],"seed_played":"5251366318498884433","potions_obtained":[{"floor":7.0,"key":"Dexterity Potion"},{"floor":7.0,"key":"SmokeBomb"},{"floor":11.0,"key":"GamblersBrew"},{"floor":12.0,"key":"EntropicBrew"},{"floor":16.0,"key":"Fire Potion"},{"floor":25.0,"key":"Swift Potion"},{"floor":31.0,"key":"Fire Potion"},{"floor":33,"key":"FearPotion"},{"floor":38,"key":"GamblersBrew"},{"floor":48,"key":"Ancient Potion"}],"is_trial":false,"path_per_floor":["M","$","?","?","M","R","?","E","T","R","E","M","M","E","R","B",null,"M","$","M","?","$","R","?","E","T","R","$","M","?","M","R","B",null,"M","M","$","M","M","E","$","E","T","M","M","M","?","E","R","B",null,"R","$","E","B",null],"character_chosen":"DEFECT","items_purchased":["Membership Card","Self Repair","Capacitor","Question Card","Chemical X","Purity","Ginger"],"campfire_rested":2,"item_purchase_floors":[19,28,37,37,53,53,53],"current_hp_per_floor":[68,68,61,61,60,60,60,31,31,52,18,19,13,13,13,3,57,31,31,25,25,25,25,25,7,7,18,18,26,2,17,17,25,38,43,44,44,45,46,47,47,39,39,42,50,51,51,59,59,60,60,60,60,61,47],"gold":29,"neow_bonus":"THREE_RARE_CARDS","is_prod":false,"is_daily":false,"chose_seed":true,"campfire_upgraded":5,"win_rate":0,"timestamp":1552502507,"path_taken":["M","$","?","?","?","R","?","E","T","R","E","?","M","E","R","BOSS","M","$","M","?","$","R","?","E","T","R","?","?","?","M","R","BOSS","M","M","$","M","M","E","$","E","T","M","?","M","?","E","R","BOSS","R","$","E","BOSS"],"build_version":"2019-01-23","purchased_purges":6,"victory":true,"max_hp_per_floor":[68,68,68,68,69,69,69,70,70,70,71,72,73,74,74,75,75,76,76,77,38,38,38,38,39,39,39,39,40,40,41,41,42,42,43,44,44,45,46,47,47,48,48,49,50,51,51,59,59,60,60,60,60,61,62],"card_choices":[{"not_picked":["Reboot","Fission"],"picked":"Core Surge","floor":0.0},{"not_picked":["Go for the Eyes","Gash"],"picked":"Beam Cell","floor":1.0},{"not_picked":["Stack","Go for the Eyes"],"picked":"Biased Cognition","floor":5.0},{"not_picked":["Fusion","Steam","Turbo"],"picked":"SKIP","floor":8.0},{"not_picked":["Hello World","Recycle"],"picked":"Skim","floor":11.0},{"not_picked":["Leap","Gash"],"picked":"Cold Snap","floor":12.0},{"not_picked":["Beam Cell","Go for the Eyes"],"picked":"Barrage","floor":13.0},{"not_picked":["Scrape","Sweeping Beam"],"picked":"All For One","floor":14.0},{"not_picked":["Biased Cognition","All For One"],"picked":"Echo Form","floor":16.0},{"not_picked":["Stack","Steam+1","Streamline"],"picked":"SKIP","floor":18.0},{"not_picked":["Stack","Steam"],"picked":"Coolheaded","floor":20.0},{"not_picked":["Beam Cell+1","Reinforced Body"],"picked":"Heatsinks","floor":25.0},{"not_picked":["Gash","Melter","Aggregate"],"picked":"SKIP","floor":29.0},{"not_picked":["Rebound","Hyperbeam","Barrage"],"picked":"SKIP","floor":31.0},{"not_picked":["Creative AI","Echo Form"],"picked":"Multi-Cast","floor":33},{"not_picked":["Beam Cell+1","Static Discharge"],"picked":"Turbo+1","floor":35},{"not_picked":["Reinforced Body","Gash","Steam Power"],"picked":"SKIP","floor":36},{"not_picked":["Reinforced Body","Gash","Steam Power"],"picked":"SKIP","floor":36},{"not_picked":["Gash+1","Skim","Coolheaded","Rebound"],"picked":"SKIP","floor":38},{"not_picked":["Leap","Blizzard","Chaos","Static Discharge"],"picked":"SKIP","floor":39},{"not_picked":["Leap","Blizzard","Chaos","Static Discharge"],"picked":"SKIP","floor":39},{"not_picked":["Cold Snap","Undo","Barrage","Hello World+1"],"picked":"SKIP","floor":40},{"not_picked":["Genetic Algorithm","Barrage+1","Gash","Coolheaded"],"picked":"SKIP","floor":42},{"not_picked":["Go for the Eyes","Hello World","Compile Driver","Scrape"],"picked":"SKIP","floor":44},{"not_picked":["Gash","Beam Cell","Turbo+1","Buffer"],"picked":"SKIP","floor":45},{"not_picked":["Gash","Beam Cell","Turbo+1","Buffer"],"picked":"SKIP","floor":45},{"not_picked":["Genetic Algorithm+1","Beam Cell","Barrage","Redo"],"picked":"SKIP","floor":46},{"not_picked":["Coolheaded","Sweeping Beam","Barrage+1","Auto Shields"],"picked":"SKIP","floor":48},{"not_picked":["Coolheaded","Sweeping Beam","Barrage+1","Auto Shields"],"picked":"SKIP","floor":48},{"not_picked":["Rebound","Coolheaded","Glacier","Static Discharge"],"picked":"SKIP","floor":54}],"player_experience":2824396,"relics_obtained":[{"floor":8.0,"key":"Calipers"},{"floor":9.0,"key":"Tiny Chest"},{"floor":11.0,"key":"Shuriken"},{"floor":14.0,"key":"Turnip"},{"floor":25.0,"key":"Orichalcum"},{"floor":26.0,"key":"Cables"},{"floor":40,"key":"Bottled Tornado"},{"floor":42,"key":"Ice Cream"},{"floor":48,"key":"Strawberry"},{"floor":54,"key":"Incense Burner"}],"event_choices":[{"cards_removed":["Strike_B"],"damage_healed":0.0,"max_hp_gain":0.0,"max_hp_loss":0.0,"gold_gain":0.0,"event_name":"Golden Wing","player_choice":"Card Removal","floor":3.0,"gold_loss":0.0,"damage_taken":7.0},{"damage_healed":0.0,"max_hp_gain":0.0,"max_hp_loss":0.0,"gold_gain":0.0,"event_name":"FaceTrader","player_choice":"Trade","floor":4.0,"gold_loss":0.0,"damage_taken":0.0,"relics_obtained":["FaceOfCleric"]},{"damage_healed":0.0,"max_hp_gain":0.0,"max_hp_loss":0.0,"gold_gain":0.0,"event_name":"Lab","player_choice":"Got Potions","floor":7.0,"gold_loss":0.0,"damage_taken":0.0},{"damage_healed":0.0,"max_hp_gain":0.0,"max_hp_loss":39.0,"gold_gain":0.0,"event_name":"Ghosts","player_choice":"Became a Ghost","floor":21.0,"gold_loss":0.0,"damage_taken":0.0,"cards_obtained":["Ghostly","Ghostly","Ghostly","Ghostly","Ghostly"]},{"damage_healed":0.0,"max_hp_gain":0.0,"max_hp_loss":0.0,"gold_gain":270.0,"event_name":"Knowing Skull","player_choice":"GOLD GOLD GOLD ","floor":30.0,"potions_obtained":[],"gold_loss":0.0,"damage_taken":24.0,"cards_obtained":[]},{"damage_healed":0,"gold_gain":0,"player_choice":"Ignored","damage_taken":0,"max_hp_gain":0,"max_hp_loss":0,"event_name":"SecretPortal","floor":47,"gold_loss":0}],"is_beta":false,"boss_relics":[{"not_picked":["Inserter","Pandora\u0027s Box"],"picked":"Runic Pyramid"},{"not_picked":["Cursed Key","Busted Crown"],"picked":"Runic Dome"}],"items_purged_floors":[2,19,22,37,41,53],"is_endless":false,"potions_floor_spawned":[11,12,16,25,31,33,35,36,38,46,48,54],"ascension_level":12}