{"gold_per_floor":[116,291,39,50,50,50,79,79,157,184,200,0,15,26,26,100,100,55,55,55,55,55,55,55,9,9,9,9,9,9,9,9,9,9,9,0,0,0,0,0,0,0,0,0,0,0,0,0,0,0],"floor_reached":51,"playtime":2549,"items_purged":["Doubt"],"score":1329,"play_id":"554f59e5-ed08-473b-bdf9-21bbde180421","local_time":"25620313223614","is_ascension_mode":true,"campfire_choices":[{"data":"Zap","floor":6.0,"key":"SMITH"},{"data":"Gash","floor":8.0,"key":"SMITH"},{"floor":15.0,"key":"REST"},{"floor":23.0,"key":"REST"},{"data":"Chill","floor":27.0,"key":"SMITH"},{"data":"Defragment","floor":32.0,"key":"SMITH"},{"data":"Capacitor","floor":41.0,"key":"SMITH"},{"floor":49.0,"key":"REST"}],"neow_cost":"NONE","seed_source_timestamp":4681281773702,"circlet_count":0,"master_deck":["AscendersBane","Strike_B","Defend_B","Defend_B","Defend_B","Zap+1","Dualcast","Gash+1","Capacitor+1","Chill+1","Redo","BootSequence","Coolheaded","Ball Lightning","Gash","Beam Cell+1","Thunder Strike","Gash+1","Conserve Battery","Glacier","BootSequence","White Noise","Barrage","Steam","Reboot","Defragment+1","All For One+1","Doom and Gloom+1","Genetic Algorithm+1","Melter+1","Consume+1","Blizzard+1","Steam+1","Gash+1","Parasite","Electrodynamics","Force Field"],"special_seed":0,"relics":["Runic Pyramid","Happy Flower","Ancient Tea Set","Dodecahedron","Dead Branch","Orichalcum","Ectoplasm","Nilry\u0027s Codex","Pen Nib","Kunai","Astrolabe","Red Mask","Art of War","Tiny Chest","Whetstone","Blue Candle","Shuriken"],"potions_floor_usage":[50],"damage_taken":[{"damage":5.0,"enemies":"Small Slimes","floor":1.0,"turns":4.0},{"damage":1.0,"enemies":"Cultist","floor":4.0,"turns":3.0},{"damage":24.0,"enemies":"3 Sentries","floor":7.0,"turns":11.0},{"damage":17.0,"enemies":"Gremlin Nob","floor":10.0,"turns":4.0},{"damage":0.0,"enemies":"2 Louse","floor":11.0,"turns":2.0},{"damage":11.0,"enemies":"Large Slime","floor":13.0,"turns":5.0},{"damage":0.0,"enemies":"Exordium Thugs","floor":14.0,"turns":4.0},{"damage":2.0,"enemies":"Hexaghost","floor":16.0,"turns":9.0},{"damage":4.0,"enemies":"2 Thieves","floor":18.0,"turns":3.0},{"damage":12.0,"enemies":"3 Byrds","floor":19.0,"turns":6.0},{"damage":21.0,"enemies":"Cultist and Chosen","floor":21.0,"turns":6.0},{"damage":0.0,"enemies":"Sentry and Sphere","floor":22.0,"turns":4.0},{"damage":0.0,"enemies":"Snecko","floor":24.0,"turns":6.0},{"damage":1.0,"enemies":"Cultist and Chosen","floor":28.0,"turns":5.0},{"damage":0.0,"enemies":"Shelled Parasite and Fungi","floor":29.0,"turns":2.0},{"damage":0.0,"enemies":"Slavers","floor":30.0,"turns":4.0},{"damage":6.0,"enemies":"Sentry and Sphere","floor":31.0,"turns":4.0},{"damage":2.0,"enemies":"Collector","floor":33.0,"turns":8.0},{"damage":17.0,"enemies":"3 Darklings","floor":35.0,"turns":6.0},{"damage":0.0,"enemies":"Orb Walker","floor":38.0,"turns":4.0},{"damage":0.0,"enemies":"Sphere and 2 Shapes","floor":39.0,"turns":5.0},{"damage":0.0,"enemies":"Giant Head","floor":40.0,"turns":7.0},{"damage":17.0,"enemies":"3 Darklings","floor":42.0,"turns":7.0},{"damage":0.0,"enemies":"4 Shapes","floor":44.0,"turns":5.0},{"damage":9.0,"enemies":"Writhing Mass","floor":46.0,"turns":6.0},{"damage":16.0,"enemies":"Nemesis","floor":47.0,"turns":9.0},{"damage":0.0,"enemies":"Jaw Worm Horde","floor":48.0,"turns":3.0},{"damage":11,"enemies":"Time Eater","floor":50,"turns":10}],"seed_played":"2106833544965484462","potions_obtained":[{"floor":1.0,"key":"SteroidPotion"},{"floor":7.0,"key":"LiquidBronze"},{"floor":13.0,"key":"Weak Potion"},{"floor":16.0,"key":"SneckoOil"},{"floor":21.0,"key":"Fire Potion"},{"floor":22.0,"key":"FocusPotion"},{"floor":28.0,"key":"FocusPotion"},{"floor":33.0,"key":"Dexterity Potion"},{"floor":40.0,"key":"Swift Potion"},{"floor":44.0,"key":"PowerPotion"}],"is_trial":false,"path_per_floor":["M","?","$","M","?","R","E","R","T","E","M","$","M","M","R","B",null,"M","M","?","M","M","R","M","$","T","R","M","M","E","M","R","B",null,"M","?","T","M","M","E","R","M","T","M","T","M","E","M","R","B",null],"character_chosen":"DEFECT","items_purchased":["Happy Flower","Capacitor","Ball Lightning","Orichalcum","Barrage"],"campfire_rested":3,"item_purchase_floors":[3,3,12,12,25],"current_hp_per_floor":[63,63,63,62,62,62,38,38,38,21,21,21,10,10,32,30,64,60,48,32,11,11,33,33,33,33,33,32,32,32,26,26,24,62,45,45,45,45,45,45,45,28,28,28,28,19,3,3,25,14],"gold":0,"neow_bonus":"BOSS_RELIC","is_prod":false,"is_daily":false,"chose_seed":false,"campfire_upgraded":5,"win_rate":0,"timestamp":1552491374,"path_taken":["M","?","$","M","?","R","E","R","T","E","?","?","M","M","R","BOSS","M","?","?","M","M","R","M","$","T","R","M","M","E","M","R","BOSS","M","?","?","M","M","E","R","M","T","M","?","M","E","?","R","BOSS"],"build_version":"2019-01-23","purchased_purges":1,"victory":true,"max_hp_per_floor":[75,75,75,75,75,75,75,75,75,75,75,75,75,75,75,75,75,75,75,75,75,75,75,75,75,75,75,75,75,75,75,75,75,75,75,75,75,75,75,75,75,75,75,75,75,75,75,75,75,75],"card_choices":[{"not_picked":["Force Field","Aggregate"],"picked":"Gash","floor":1.0},{"not_picked":["Steam","Stack"],"picked":"Chill","floor":4.0},{"not_picked":["Steam Power","Rebound"],"picked":"BootSequence","floor":7.0},{"not_picked":["Beam Cell","Sweeping Beam"],"picked":"Coolheaded","floor":10.0},{"not_picked":["Skim","Redo","Undo"],"picked":"SKIP","floor":11.0},{"not_picked":["Stack","Go for the Eyes"],"picked":"Gash","floor":13.0},{"not_picked":["Darkness","Blizzard"],"picked":"Beam Cell","floor":14.0},{"not_picked":["Meteor Strike","Biased Cognition"],"picked":"Thunder Strike","floor":16.0},{"not_picked":["Beam Cell","Redo"],"picked":"Gash+1","floor":18.0},{"not_picked":["Stack","Streamline"],"picked":"Conserve Battery","floor":19.0},{"not_picked":["Hello World","Redo"],"picked":"Glacier","floor":21.0},{"not_picked":["Stack","Beam Cell"],"picked":"BootSequence","floor":22.0},{"not_picked":["Beam Cell","Skim"],"picked":"White Noise","floor":24.0},{"not_picked":["Ball Lightning","Sweeping Beam"],"picked":"Steam","floor":28.0},{"not_picked":["Doom and Gloom","Leap","Coolheaded"],"picked":"SKIP","floor":29.0},{"not_picked":["Cold Snap","Redo"],"picked":"Reboot","floor":30.0},{"not_picked":["Stack","Hologram"],"picked":"Defragment","floor":31.0},{"not_picked":["Creative AI","Electrodynamics"],"picked":"All For One","floor":33.0},{"not_picked":["Leap","Barrage","Darkness"],"picked":"SKIP","floor":35.0},{"not_picked":["Barrage+1","Melter","Doom and Gloom+1"],"picked":"SKIP","floor":38.0},{"not_picked":["Chill","Static Discharge"],"picked":"Consume+1","floor":39.0},{"not_picked":["Ball Lightning","Rebound"],"picked":"Blizzard+1","floor":40.0},{"not_picked":["Sweeping Beam","Stack"],"picked":"Steam+1","floor":42.0},{"not_picked":["Steam+1","Streamline"],"picked":"Gash+1","floor":44.0},{"not_picked":["Gash","Melter"],"picked":"Electrodynamics","floor":46.0},{"not_picked":["Hello World","Turbo"],"picked":"Force Field","floor":47.0},{"not_picked":["Cold Snap","Beam Cell","Tempest"],"picked":"SKIP","floor":48.0}],"player_experience":298340,"relics_obtained":[{"floor":7.0,"key":"Ancient Tea Set"},{"floor":9.0,"key":"Dodecahedron"},{"floor":10.0,"key":"Dead Branch"},{"floor":20.0,"key":"Nilry\u0027s Codex"},{"floor":26.0,"key":"Pen Nib"},{"floor":30.0,"key":"Kunai"},{"floor":37.0,"key":"Art of War"},{"floor":40.0,"key":"Tiny Chest"},{"floor":43.0,"key":"Whetstone"},{"floor":45.0,"key":"Blue Candle"},{"floor":47.0,"key":"Shuriken"}],"event_choices":[{"damage_healed":0.0,"max_hp_gain":0.0,"max_hp_loss":0.0,"gold_gain":175.0,"event_name":"Liars Game","player_choice":"AGREE","floor":2.0,"gold_loss":0.0,"damage_taken":0.0,"cards_obtained":["Doubt"]},{"damage_healed":0.0,"max_hp_gain":0.0,"max_hp_loss":0.0,"gold_gain":0.0,"cards_transformed":["Strike_B"],"event_name":"Transmorgrifier","player_choice":"Transformed","floor":5.0,"gold_loss":0.0,"damage_taken":0.0,"cards_obtained":["Redo"]},{"damage_healed":0.0,"max_hp_gain":0.0,"max_hp_loss":0.0,"gold_gain":0.0,"event_name":"Cursed Tome","player_choice":"Obtained Book","floor":20.0,"gold_loss":0.0,"damage_taken":16.0},{"damage_healed":0.0,"max_hp_gain":0.0,"max_hp_loss":0.0,"gold_gain":0.0,"event_name":"Tomb of Lord Red Mask","player_choice":"Paid","floor":36.0,"gold_loss":9.0,"damage_taken":0.0,"relics_obtained":["Red Mask"]}],"is_beta":false,"boss_relics":[{"not_picked":["Coffee Dripper","Inserter"],"picked":"Ectoplasm"},{"not_picked":["Philosopher\u0027s Stone","Busted Crown"],"picked":"Astrolabe"}],"items_purged_floors":[3],"is_endless":false,"potions_floor_spawned":[1,7,13,16,21,22,24,28,30,33,38,40,44,46,47],"ascension_level":13}