{"gold_per_floor":[112,37,37,48,62,185,185,214,245,245,297,421,449,18,18,28],"floor_reached":16,"playtime":539,"items_purged":["Overencumbered"],"score":240,"play_id":"f75dcbe3-452a-48f2-9874-620b5be21ac1","local_time":"25620211205452","is_ascension_mode":true,"campfire_choices":[{"floor":7.0,"key":"REST"},{"floor":10.0,"key":"REST"},{"data":"Bludgeon","floor":15.0,"key":"SMITH"}],"neow_cost":"CURSE","seed_source_timestamp":12643049811627,"circlet_count":0,"master_deck":["AscendersBane","Strike_R","Strike_R","Strike_R","Strike_R","Strike_R","Defend_R","Defend_R","Defend_R","Defend_R","Bash","Bludgeon+1","Headbutt","Thunderclap","Seeing Red","Heavy Blade","strawberrySpire:CrashLanding","Warcry","strawberrySpire:Incursion"],"special_seed":0,"relics":["Burning Blood","ThirstyCross","aspiration:Lifesprig","Pet Ghost","Bandana","halation:LettersToHer","halation:Jellyphish","Pen Nib","conspire:Dentures"],"potions_floor_usage":[16],"damage_taken":[{"damage":6.0,"enemies":"Cultist","floor":1.0,"turns":3.0},{"damage":6.0,"enemies":"2 Louse","floor":4.0,"turns":3.0},{"damage":2.0,"enemies":"Jaw Worm","floor":5.0,"turns":2.0},{"damage":61.0,"enemies":"strawberrySpire:EnergyPylons","floor":6.0,"turns":7.0},{"damage":26.0,"enemies":"Gremlin Nob","floor":8.0,"turns":4.0},{"damage":16.0,"enemies":"Blue Slaver","floor":9.0,"turns":9.0},{"damage":10.0,"enemies":"3 Sentries","floor":11.0,"turns":4.0},{"damage":3.0,"enemies":"Blue Slaver","floor":12.0,"turns":2.0},{"damage":21.0,"enemies":"Exordium Thugs","floor":13.0,"turns":4.0},{"damage":15,"enemies":"Hexaghost","floor":16,"turns":5}],"seed_played":"354413534676258303","potions_obtained":[{"floor":1.0,"key":"PowerPotion"},{"floor":8.0,"key":"SteroidPotion"},{"floor":12.0,"key":"Reflective Coating"},{"floor":13.0,"key":"Weak Potion"}],"is_trial":false,"path_per_floor":["M","$","?","M","M","E","R","E","MIM","R","E","M","M","$","R","B"],"character_chosen":"IRONCLAD","items_purchased":["halation:Jellyphish","Pen Nib","Poison Potion"],"campfire_rested":2,"item_purchase_floors":[14,14,14],"current_hp_per_floor":[68,68,68,68,72,17,39,20,11,33,30,33,19,19,19,5],"gold":28,"neow_bonus":"THREE_RARE_CARDS","is_prod":false,"is_daily":false,"chose_seed":false,"campfire_upgraded":1,"win_rate":0,"timestamp":1549893292,"path_taken":["M","?","?","M","M","E","R","E","MIM","R","E","M","?","$","R","BOSS"],"build_version":"2019-01-23","purchased_purges":1,"victory":false,"max_hp_per_floor":[75,75,75,75,75,75,75,75,75,75,75,75,75,75,75,75],"card_choices":[{"not_picked":["Hemogenesis","Double Tap"],"picked":"Bludgeon","floor":0.0},{"not_picked":["strawberrySpire:JustAWound","Shrug It Off"],"picked":"Headbutt","floor":1.0},{"not_picked":["Cleave","Headbutt"],"picked":"Thunderclap","floor":4.0},{"not_picked":["Power Through","Run Through"],"picked":"Seeing Red","floor":5.0},{"not_picked":["jedi:unlimitedpower","Uppercut"],"picked":"Heavy Blade","floor":6.0},{"not_picked":["True Grit","conspire:ExplosiveBarrier"],"picked":"strawberrySpire:CrashLanding","floor":8.0},{"not_picked":["Sword Boomerang","Thunderclap"],"picked":"Warcry","floor":9.0},{"not_picked":["Perfected Strike","strawberrySpire:Endurance","Headbutt"],"picked":"SKIP","floor":11.0},{"not_picked":["Pommel Strike","infinitespire:OneForAll"],"picked":"strawberrySpire:Incursion","floor":12.0},{"not_picked":["Wild Strike","Defy Death","Clash"],"picked":"SKIP","floor":13.0}],"player_experience":368958,"relics_obtained":[{"floor":6.0,"key":"aspiration:Lifesprig"},{"floor":8.0,"key":"Pet Ghost"},{"floor":9.0,"key":"Bandana"},{"floor":11.0,"key":"halation:LettersToHer"}],"event_choices":[],"is_beta":false,"boss_relics":[],"items_purged_floors":[2],"is_endless":false,"potions_floor_spawned":[1,8,12,13],"killed_by":"Hexaghost","ascension_level":20}