{"gold_per_floor":[11,11,11,34,46,58,100,112,124,151,163,205,217,229,241,356,368,397,409,436,459,471,483,513,555,567,579,591,603,632,644,656,772,784,813,825,857,869,881,893,920,932,967,991,1003,1015,586,603,603,603],"floor_reached":50,"playtime":3685,"items_purged":["Writhe"],"score":552,"play_id":"9d7ef797-6806-4ee4-9819-2411829d3f4d","local_time":"20181231000623","is_ascension_mode":true,"campfire_choices":[{"floor":6,"key":"REST"},{"floor":8,"key":"REST"},{"data":"Doom and Gloom","floor":15,"key":"SMITH"},{"floor":23,"key":"REST"},{"floor":27,"key":"REST"},{"floor":29,"key":"REST"},{"data":"Doom and Gloom","floor":32,"key":"SMITH"},{"floor":40,"key":"DIG"},{"floor":42,"key":"DIG"},{"floor":46,"key":"REST"},{"floor":49,"key":"DIG"}],"neow_cost":"NO_GOLD","seed_source_timestamp":889740819481373,"circlet_count":0,"master_deck":["Strike_B","Strike_B","Strike_B+1","Strike_B","Defend_B","Defend_B","Defend_B","Defend_B","Zap","Dualcast","Thinking Ahead","Leap+1","Doom and Gloom+1","Leap","Beam Cell","Parasite","Core Surge","Glacier","Rebound+1","Barrage+1","Doom and Gloom+1","Leap","Decay","Streamline+1","Electrodynamics+1","Leap","Reprogram","Heatsinks+1","Panacea","Madness","Mind Blast","Cold Snap","Sadistic Nature+1"],"relics":["Cracked Core","Happy Flower","MawBank","Blue Candle","StoneCalendar","Velvet Choker","Nilry\u0027s Codex","Frozen Egg 2","Du-Vu Doll","Eternal Feather","Shovel","Dream Catcher","Mummified Hand","Lantern","Mango"],"potions_floor_usage":[20,41,48,50],"damage_taken":[{"damage":2,"enemies":"Jaw Worm","floor":1,"turns":2},{"damage":0,"enemies":"Small Slimes","floor":4,"turns":3},{"damage":30,"enemies":"Gremlin Nob","floor":7,"turns":4},{"damage":0,"enemies":"Cultist","floor":10,"turns":3},{"damage":19,"enemies":"Slime Boss","floor":16,"turns":8},{"damage":10,"enemies":"3 Byrds","floor":18,"turns":5},{"damage":4,"enemies":"Shell Parasite","floor":20,"turns":5},{"damage":10,"enemies":"Cultist and Chosen","floor":21,"turns":5},{"damage":33,"enemies":"Snake Plant","floor":24,"turns":6},{"damage":15,"enemies":"Gremlin Leader","floor":25,"turns":7},{"damage":6,"enemies":"Centurion and Healer","floor":30,"turns":7},{"damage":6,"enemies":"Collector","floor":33,"turns":13},{"damage":13,"enemies":"Orb Walker","floor":35,"turns":2},{"damage":4,"enemies":"3 Darklings","floor":37,"turns":3},{"damage":32,"enemies":"Spire Growth","floor":41,"turns":6},{"damage":21,"enemies":"4 Shapes","floor":44,"turns":7},{"damage":20,"enemies":"Jaw Worm Horde","floor":48,"turns":3},{"damage":117,"enemies":"Donu and Deca","floor":50,"turns":9}],"seed_played":"6437100292796819088","potions_obtained":[{"floor":7,"key":"Block Potion"},{"floor":10,"key":"FearPotion"},{"floor":24,"key":"Swift Potion"},{"floor":30,"key":"PowerPotion"}],"is_trial":false,"path_per_floor":["M","?","?","M","$","R","E","R","T","M","$","?","?","?","R","B",null,"M","?","M","M","?","R","M","E","T","R","?","R","M","$","R","B",null,"M","?","M","?","$","R","M","R","T","M","?","R","$","M","R","B"],"character_chosen":"DEFECT","items_purchased":["Regen Potion","Mind Blast","Cold Snap","Sadistic Nature+1"],"campfire_rested":6,"item_purchase_floors":[47,47,47,47],"current_hp_per_floor":[73,48,48,48,48,70,40,62,62,62,62,62,47,65,65,46,75,65,49,45,35,60,75,42,27,27,49,49,71,65,65,65,59,75,62,75,71,71,71,75,43,58,58,37,32,72,72,52,84,0],"gold":603,"neow_bonus":"RANDOM_COLORLESS_2","is_prod":false,"is_daily":false,"chose_seed":false,"campfire_upgraded":2,"win_rate":0,"timestamp":1546214783,"path_taken":["M","?","?","?","$","R","E","R","T","M","$","?","?","?","R","BOSS","M","?","M","M","?","R","M","E","T","R","?","R","M","$","R","BOSS","M","?","M","?","$","R","M","R","T","?","?","R","$","M","R","BOSS"],"build_version":"2018-12-20","purchased_purges":1,"victory":false,"max_hp_per_floor":[75,75,75,75,75,75,75,75,75,75,75,75,75,75,75,75,75,75,75,75,75,75,75,75,75,75,75,75,75,75,75,75,75,75,75,75,75,75,75,75,75,75,75,75,75,75,75,75,89,89],"card_choices":[{"not_picked":["Stack","Hologram"],"picked":"Leap","floor":1},{"not_picked":["Compile Driver","Biased Cognition"],"picked":"Doom and Gloom","floor":4},{"not_picked":["Go for the Eyes","Gash"],"picked":"Leap","floor":7},{"not_picked":["Compile Driver","Hologram"],"picked":"Beam Cell","floor":10},{"not_picked":["Multi-Cast","All For One"],"picked":"Core Surge","floor":16},{"not_picked":["Turbo","Barrage"],"picked":"Glacier","floor":18},{"not_picked":["Chill","Sweeping Beam"],"picked":"Rebound+1","floor":20},{"not_picked":["Go for the Eyes","Coolheaded"],"picked":"Barrage+1","floor":21},{"not_picked":["Coolheaded","Scrape"],"picked":"Doom and Gloom","floor":24},{"not_picked":["Compile Driver","Cold Snap"],"picked":"Leap","floor":25},{"not_picked":["Gash","Recycle"],"picked":"Streamline+1","floor":30},{"not_picked":["Multi-Cast","Amplify"],"picked":"Electrodynamics+1","floor":33},{"not_picked":["Go for the Eyes","Lockon","Undo"],"picked":"SKIP","floor":35},{"not_picked":["Compile Driver","Skim+1"],"picked":"Leap","floor":37},{"not_picked":["Force Field+1","Barrage"],"picked":"Reprogram","floor":41},{"not_picked":["Sweeping Beam","Conserve Battery"],"picked":"Heatsinks+1","floor":44},{"not_picked":["Flash of Steel","Dramatic Entrance"],"picked":"Panacea","floor":45},{"not_picked":["Secret Technique","Flash of Steel"],"picked":"Madness","floor":45},{"not_picked":["Leap+1","Steam Power+1","Barrage"],"picked":"SKIP","floor":48}],"player_experience":362496,"relics_obtained":[{"floor":7,"key":"Blue Candle"},{"floor":9,"key":"StoneCalendar"},{"floor":19,"key":"Nilry\u0027s Codex"},{"floor":25,"key":"Frozen Egg 2"},{"floor":26,"key":"Du-Vu Doll"},{"floor":38,"key":"Shovel"},{"floor":40,"key":"Dream Catcher"},{"floor":42,"key":"Mummified Hand"},{"floor":43,"key":"Lantern"},{"floor":49,"key":"Mango"}],"event_choices":[{"damage_healed":0,"gold_gain":0,"player_choice":"Success","damage_taken":25,"relics_obtained":["Happy Flower"],"max_hp_gain":0,"max_hp_loss":0,"event_name":"Scrap Ooze","floor":2,"gold_loss":0},{"cards_removed":["Dramatic Entrance"],"damage_healed":0,"gold_gain":0,"player_choice":"Gave Card","damage_taken":0,"relics_obtained":["MawBank"],"max_hp_gain":0,"max_hp_loss":0,"event_name":"WeMeetAgain","floor":3,"gold_loss":0},{"damage_healed":0,"gold_gain":30,"player_choice":"Searched \u00271\u0027 times","damage_taken":0,"max_hp_gain":0,"max_hp_loss":0,"event_name":"Dead Adventurer","floor":12,"gold_loss":0},{"damage_healed":0,"gold_gain":0,"player_choice":"Entered Light","damage_taken":15,"max_hp_gain":0,"max_hp_loss":0,"event_name":"Shining Light","floor":13,"gold_loss":0,"cards_upgraded":["Strike_B","Leap"]},{"damage_healed":18,"gold_gain":0,"player_choice":"Healed and dodged fight","damage_taken":0,"max_hp_gain":0,"max_hp_loss":0,"event_name":"Mushrooms","floor":14,"gold_loss":0,"cards_obtained":["Parasite"]},{"damage_healed":0,"gold_gain":0,"player_choice":"Obtained Book","damage_taken":16,"max_hp_gain":0,"max_hp_loss":0,"event_name":"Cursed Tome","floor":19,"gold_loss":0},{"damage_healed":25,"gold_gain":0,"player_choice":"Heal","damage_taken":0,"max_hp_gain":0,"max_hp_loss":0,"event_name":"The Library","floor":22,"gold_loss":0},{"damage_healed":0,"gold_gain":0,"player_choice":"Smashed Altar","damage_taken":0,"max_hp_gain":0,"max_hp_loss":0,"event_name":"Forgotten Altar","floor":28,"gold_loss":0,"cards_obtained":["Decay"]},{"damage_healed":19,"gold_gain":0,"player_choice":"Writhe","damage_taken":0,"max_hp_gain":0,"max_hp_loss":0,"event_name":"Winding Halls","floor":36,"gold_loss":0,"cards_obtained":["Writhe"]},{"damage_healed":0,"gold_gain":0,"player_choice":"Relic","damage_taken":0,"max_hp_gain":0,"max_hp_loss":0,"event_name":"Wheel of Change","floor":38,"gold_loss":0},{"damage_healed":0,"gold_gain":0,"player_choice":"Memory 2","damage_taken":5,"max_hp_gain":0,"max_hp_loss":0,"event_name":"SensoryStone","floor":45,"gold_loss":0}],"is_beta":false,"boss_relics":[{"not_picked":["Runic Dome","White Beast Statue"],"picked":"Velvet Choker"},{"not_picked":["Busted Crown","Black Star"],"picked":"Eternal Feather"}],"items_purged_floors":[47],"is_endless":false,"potions_floor_spawned":[7,10,24,30,35,37],"killed_by":"Donu and Deca","ascension_level":2}