{"gold_per_floor":[118,118,118,133,153,178,178,191,243,243,277,296,296,327,327,425,425,443,224,235,235,42,74,89,108,134,152,152,187,200,213,213,318,348,364,8,19,35,55,55,75,75],"floor_reached":42,"playtime":1250,"items_purged":["Parasite"],"score":535,"play_id":"ce4594d1-ae18-4134-afc9-3bf1763489d5","local_time":"25610720171150","is_ascension_mode":true,"campfire_choices":[{"data":"Whirlwind","floor":7,"key":"SMITH"},{"data":"Cleave","floor":10,"key":"SMITH"},{"data":"Bash","floor":13,"key":"SMITH"},{"floor":15,"key":"REST"},{"floor":28,"key":"REST"},{"floor":32,"key":"REST"},{"data":"Bludgeon","floor":40,"key":"SMITH"}],"neow_cost":"CURSE","seed_source_timestamp":21004091050321,"circlet_count":0,"master_deck":["Strike_R","Strike_R","Strike_R","Strike_R","Defend_R","Defend_R","Defend_R","Defend_R","Bash+1","Clothesline","Whirlwind+1","Cleave+1","Heavy Blade","Thunderclap","Bludgeon+1","Armaments+1","Seeing Red+1","Feed","Decay","Cleave+1"],"relics":["Burning Blood","Mummified Hand","Omamori","Ancient Tea Set","Vajra","Red Skull","Busted Crown","Boot","Enchiridion","HandDrill","Ice Cream","Oddly Smooth Stone","Centennial Puzzle","Calling Bell","Ginger","Singing Bowl","Tiny Chest","Happy Flower","Lee\u0027s Waffle"],"potions_floor_usage":[6,14,14,18,24,24,25,35,39,42],"damage_taken":[{"damage":14,"enemies":"Small Slimes","floor":1,"turns":5},{"damage":6,"enemies":"Cultist","floor":4,"turns":3},{"damage":0,"enemies":"2 Louse","floor":5,"turns":1},{"damage":8,"enemies":"3 Sentries","floor":6,"turns":4},{"damage":12,"enemies":"Looter","floor":8,"turns":3},{"damage":6,"enemies":"Gremlin Nob","floor":11,"turns":3},{"damage":14,"enemies":"3 Louse","floor":12,"turns":2},{"damage":36,"enemies":"Lagavulin","floor":14,"turns":5},{"damage":30,"enemies":"Slime Boss","floor":16,"turns":7},{"damage":26,"enemies":"Shell Parasite","floor":18,"turns":3},{"damage":22,"enemies":"2 Thieves","floor":20,"turns":3},{"damage":28,"enemies":"Slavers","floor":23,"turns":3},{"damage":17,"enemies":"Snake Plant","floor":24,"turns":2},{"damage":0,"enemies":"3 Cultists","floor":25,"turns":3},{"damage":0,"enemies":"Slaver and Parasite","floor":27,"turns":1},{"damage":14,"enemies":"Book of Stabbing","floor":29,"turns":3},{"damage":0,"enemies":"Chosen and Byrds","floor":30,"turns":2},{"damage":2,"enemies":"Centurion and Healer","floor":31,"turns":3},{"damage":50,"enemies":"Champ","floor":33,"turns":9},{"damage":9,"enemies":"Orb Walker","floor":35,"turns":3},{"damage":3,"enemies":"Flame Bruiser 1 Orb","floor":37,"turns":3},{"damage":21,"enemies":"Transient","floor":38,"turns":5},{"damage":18,"enemies":"3 Darklings","floor":39,"turns":4},{"damage":32,"enemies":"Maw","floor":41,"turns":7},{"damage":92,"enemies":"Giant Head","floor":42,"turns":8}],"seed_played":"7561038159990224579","potions_obtained":[{"floor":1,"key":"AttackPotion"},{"floor":8,"key":"SteroidPotion"},{"floor":12,"key":"BloodPotion"},{"floor":16,"key":"AttackPotion"},{"floor":18,"key":"SpeedPotion"},{"floor":23,"key":"LiquidBronze"},{"floor":24,"key":"Block Potion"},{"floor":33,"key":"Fire Potion"},{"floor":35,"key":"Dexterity Potion"},{"floor":38,"key":"Regen Potion"}],"is_trial":false,"path_per_floor":["M","?","?","M","M","E","R","M","T","R","E","M","R","E","R","B",null,"M","$","M","?","$","E","M","M","T","M","R","E","M","M","R","B",null,"M","$","M","M","M","R","M"],"character_chosen":"IRONCLAD","items_purchased":["Boot","HandDrill","Happy Flower","Lee\u0027s Waffle"],"campfire_rested":3,"item_purchase_floors":[19,22,36,36],"current_hp_per_floor":[88,88,76,76,82,80,80,74,74,74,74,66,66,45,73,49,96,76,76,60,44,44,22,11,17,17,23,50,42,48,52,79,35,93,92,102,104,89,91,91,67,0],"gold":75,"neow_bonus":"TWENTY_PERCENT_HP_BONUS","is_prod":false,"is_daily":false,"chose_seed":false,"campfire_upgraded":4,"win_rate":0,"timestamp":1532081510,"path_taken":["M","?","?","M","M","E","R","?","T","R","E","M","R","E","R","BOSS","M","$","M","?","?","E","?","?","T","M","R","E","?","?","R","BOSS","M","$","M","M","M","R","M","E"],"build_version":"2018-07-19v2","purchased_purges":1,"victory":false,"max_hp_per_floor":[96,96,96,96,96,96,96,96,96,96,96,96,96,96,96,96,96,96,93,93,93,93,93,93,93,93,93,93,93,93,93,93,93,93,95,102,104,104,106,106,108,108],"card_choices":[{"not_picked":["Iron Wave","Second Wind"],"picked":"Clothesline","floor":1},{"not_picked":["Pommel Strike","Body Slam","Iron Wave"],"picked":"SKIP","floor":4},{"not_picked":["Flame Barrier","Pommel Strike"],"picked":"Cleave","floor":5},{"not_picked":["Clash","Rampage","Fire Breathing"],"picked":"SKIP","floor":6},{"not_picked":["Armaments","Inflame"],"picked":"Heavy Blade","floor":8},{"not_picked":["Sword Boomerang","Ghostly Armor","Fiend Fire"],"picked":"SKIP","floor":11},{"not_picked":["Twin Strike","Heavy Blade"],"picked":"Thunderclap","floor":12},{"not_picked":["Inflame","Armaments"],"picked":"Bludgeon","floor":14},{"not_picked":["Warcry"],"picked":"SKIP","floor":18},{"not_picked":[],"picked":"Armaments+1","floor":20},{"not_picked":[],"picked":"Seeing Red+1","floor":23},{"not_picked":["True Grit"],"picked":"SKIP","floor":24},{"not_picked":["Perfected Strike"],"picked":"SKIP","floor":25},{"not_picked":["Shrug It Off"],"picked":"SKIP","floor":27},{"not_picked":["Reaper"],"picked":"SKIP","floor":29},{"not_picked":["Heavy Blade"],"picked":"SKIP","floor":30},{"not_picked":["Anger"],"picked":"SKIP","floor":31},{"not_picked":[],"picked":"Feed","floor":33},{"not_picked":["Spot Weakness"],"picked":"Singing Bowl","floor":35},{"not_picked":["Body Slam"],"picked":"Singing Bowl","floor":37},{"not_picked":[],"picked":"Cleave+1","floor":38},{"not_picked":["Perfected Strike"],"picked":"Singing Bowl","floor":39},{"not_picked":["Clash"],"picked":"Singing Bowl","floor":41}],"player_experience":93263,"relics_obtained":[{"floor":6,"key":"Omamori"},{"floor":9,"key":"Ancient Tea Set"},{"floor":11,"key":"Vajra"},{"floor":14,"key":"Red Skull"},{"floor":21,"key":"Enchiridion"},{"floor":23,"key":"Ice Cream"},{"floor":26,"key":"Oddly Smooth Stone"},{"floor":29,"key":"Centennial Puzzle"},{"floor":34,"key":"Ginger"},{"floor":34,"key":"Singing Bowl"},{"floor":34,"key":"Tiny Chest"}],"event_choices":[{"event_name":"Transmorgrifier","player_choice":"Transform","floor":2,"damage_taken":0},{"event_name":"Scrap Ooze","player_choice":"success","floor":3,"damage_taken":12},{"event_name":"Cursed Tome","player_choice":"Obtained Book","floor":21,"damage_taken":0}],"is_beta":false,"boss_relics":[{"not_picked":["Runic Pyramid","Lizard Tail"],"picked":"Busted Crown"},{"not_picked":["Eternal Feather","Runic Dome"],"picked":"Calling Bell"}],"items_purged_floors":[19],"is_endless":false,"potions_floor_spawned":[1,8,12,16,18,23,24,33,35,38],"killed_by":"Giant Head","ascension_level":2}