{"gold_per_floor":[369,143,93,93,104,135,235,267,267,287,13,13,44,59,59,161,161,176,176,196,212,223,223,233,233,233,262,262,262],"floor_reached":29,"playtime":926,"items_purged":[],"score":263,"play_id":"b734eba5-f6e5-459d-8c38-ad65482c0693","local_time":"20181115012600","is_ascension_mode":false,"campfire_choices":[{"data":"Pummel","floor":15,"key":"SMITH"},{"data":"Limit Break","floor":23,"key":"SMITH"},{"data":"Sword Boomerang","floor":25,"key":"SMITH"},{"floor":28,"key":"REST"}],"neow_cost":"CURSE","seed_source_timestamp":63176907523661,"circlet_count":0,"master_deck":["Strike_R","Strike_R","Strike_R","Strike_R","Strike_R","Defend_R","Defend_R+1","Defend_R","Defend_R","Bash","Sword Boomerang+1","Inflame+1","Evolve","Sword Boomerang","Power Through","Pummel+1","Sword Boomerang","Limit Break+1","Pummel","Inflame+1","Normality","Battle Trance"],"relics":["Burning Blood","Juzu Bracelet","Magic Flower","Singing Bowl","FossilizedHelix","Membership Card","Lantern","Dream Catcher","Cursed Key","Enchiridion","Molten Egg 2","Oddly Smooth Stone"],"potions_floor_usage":[16],"damage_taken":[{"damage":6,"enemies":"Cultist","floor":1,"turns":3},{"damage":0,"enemies":"Small Slimes","floor":5,"turns":4},{"damage":25,"enemies":"3 Sentries","floor":6,"turns":7},{"damage":18,"enemies":"Lagavulin","floor":8,"turns":5},{"damage":0,"enemies":"2 Louse","floor":10,"turns":2},{"damage":14,"enemies":"Gremlin Nob","floor":13,"turns":4},{"damage":26,"enemies":"Gremlin Gang","floor":14,"turns":5},{"damage":25,"enemies":"Hexaghost","floor":16,"turns":9},{"damage":5,"enemies":"Chosen","floor":18,"turns":3},{"damage":17,"enemies":"2 Thieves","floor":20,"turns":3},{"damage":0,"enemies":"Shelled Parasite and Fungi","floor":21,"turns":4},{"damage":21,"enemies":"Snake Plant","floor":22,"turns":5},{"damage":0,"enemies":"Snecko","floor":24,"turns":3},{"damage":49,"enemies":"Book of Stabbing","floor":27,"turns":6},{"damage":13,"enemies":"Colosseum Slavers","floor":29,"turns":3},{"damage":92,"enemies":"Colosseum Nobs","floor":29,"turns":5}],"seed_played":"4221866519687875870","potions_obtained":[{"floor":8,"key":"Dexterity Potion"},{"floor":12,"key":"Poison Potion"},{"floor":12,"key":"FairyPotion"},{"floor":20,"key":"Ancient Potion"}],"is_trial":false,"path_per_floor":["M","$","?","?","M","E","?","E","T","M","$","?","E","M","R","B",null,"M","?","M","M","M","R","M","R","T","E","R","?"],"character_chosen":"IRONCLAD","items_purchased":["Juzu Bracelet","Inflame","Membership Card","Lantern"],"campfire_rested":1,"item_purchase_floors":[2,2,11,11],"current_hp_per_floor":[80,80,80,64,70,51,51,44,44,53,53,53,48,31,31,15,82,84,68,62,73,61,61,70,70,70,30,58,0],"gold":262,"neow_bonus":"TWO_FIFTY_GOLD","is_prod":false,"is_daily":false,"chose_seed":false,"campfire_upgraded":3,"win_rate":0,"timestamp":1542241560,"path_taken":["M","$","?","?","M","E","?","E","T","M","$","?","E","M","R","BOSS","M","?","M","M","M","R","M","R","T","E","R","?"],"build_version":"2018-11-08","purchased_purges":0,"victory":false,"max_hp_per_floor":[80,80,80,80,80,80,80,82,82,82,82,82,82,82,82,82,82,84,84,86,88,88,88,88,88,88,88,90,90],"card_choices":[{"not_picked":["Pommel Strike","Armaments"],"picked":"Sword Boomerang","floor":1},{"not_picked":["Wild Strike","Second Wind"],"picked":"Evolve","floor":5},{"not_picked":["Blood for Blood","Anger"],"picked":"Sword Boomerang","floor":6},{"not_picked":["Sentinel","Body Slam","Shrug It Off"],"picked":"Singing Bowl","floor":8},{"not_picked":["Reckless Charge","Bludgeon"],"picked":"Power Through","floor":10},{"not_picked":["Sword Boomerang","Havoc"],"picked":"Pummel","floor":13},{"not_picked":["Seeing Red","Infernal Blade"],"picked":"Sword Boomerang","floor":14},{"not_picked":["Demon Form","Fiend Fire"],"picked":"Limit Break","floor":16},{"not_picked":["Rupture+1","Perfected Strike","Anger"],"picked":"Singing Bowl","floor":18},{"not_picked":["Thunderclap+1","Armaments","True Grit+1"],"picked":"Singing Bowl","floor":20},{"not_picked":["Juggernaut","True Grit","Twin Strike"],"picked":"Singing Bowl","floor":21},{"not_picked":["Wild Strike","Anger"],"picked":"Pummel","floor":22},{"not_picked":["Clash","Headbutt"],"picked":"Inflame+1","floor":24},{"not_picked":["Infernal Blade","Heavy Blade+1"],"picked":"Battle Trance","floor":27},{"not_picked":["Berserk","Entrench","Clash+1"],"picked":"Singing Bowl","floor":28}],"player_experience":333889,"relics_obtained":[{"floor":6,"key":"Magic Flower"},{"floor":8,"key":"Singing Bowl"},{"floor":9,"key":"FossilizedHelix"},{"floor":13,"key":"Dream Catcher"},{"floor":19,"key":"Enchiridion"},{"floor":26,"key":"Molten Egg 2"},{"floor":27,"key":"Oddly Smooth Stone"}],"event_choices":[{"cards_removed":["Writhe"],"damage_healed":0,"gold_gain":0,"player_choice":"Card Removal","damage_taken":0,"max_hp_gain":0,"max_hp_loss":0,"event_name":"The Cleric","floor":3,"gold_loss":50},{"damage_healed":0,"gold_gain":0,"player_choice":"Entered Light","damage_taken":16,"max_hp_gain":0,"max_hp_loss":0,"event_name":"Shining Light","floor":4,"gold_loss":0,"cards_upgraded":["Defend_R","Inflame"]},{"damage_healed":0,"gold_gain":100,"player_choice":"Gold","damage_taken":0,"max_hp_gain":0,"max_hp_loss":0,"event_name":"Wheel of Change","floor":7,"gold_loss":0},{"damage_healed":0,"gold_gain":0,"player_choice":"Got Potions","damage_taken":0,"max_hp_gain":0,"max_hp_loss":0,"event_name":"Lab","floor":12,"gold_loss":0},{"damage_healed":0,"gold_gain":0,"player_choice":"Obtained Book","damage_taken":16,"max_hp_gain":0,"max_hp_loss":0,"event_name":"Cursed Tome","floor":19,"gold_loss":0},{"damage_healed":0,"gold_gain":0,"player_choice":"Fight","damage_taken":0,"max_hp_gain":0,"max_hp_loss":0,"event_name":"Colosseum","floor":29,"gold_loss":0},{"damage_healed":0,"gold_gain":0,"player_choice":"Fought Nobs","damage_taken":0,"max_hp_gain":0,"max_hp_loss":0,"event_name":"Colosseum","floor":29,"gold_loss":0}],"is_beta":false,"boss_relics":[{"not_picked":["Ectoplasm","Tiny House"],"picked":"Cursed Key"}],"items_purged_floors":[],"is_endless":false,"potions_floor_spawned":[8,13,14,20,27,29],"killed_by":"Colosseum Nobs","ascension_level":0}