{"gold_per_floor":[117,192,204,223,77,77,95,125,199,199,213,213,187,205,205,304,304,319,339,350,360,360],"floor_reached":22,"playtime":1468,"items_purged":["Parasite"],"score":257,"play_id":"ab8214d2-5ea7-4a4b-bc74-ca05984b7b7f","local_time":"20181219031334","is_ascension_mode":true,"campfire_choices":[{"data":"Zap","floor":6.0,"key":"SMITH"},{"data":"Dualcast","floor":10.0,"key":"SMITH"},{"floor":12.0,"key":"REST"},{"data":"Redo","floor":15.0,"key":"SMITH"}],"neow_cost":"CURSE","seed_source_timestamp":476575817934131,"circlet_count":0,"master_deck":["Strike_B","Strike_B","Strike_B","Strike_B","Defend_B","Defend_B","Defend_B","Defend_B","Zap+1","Dualcast+1","Self Repair","FTL","Conserve Battery","BootSequence","Gash","Chaos","Leap","Redo+1","Electrodynamics","Gash","Defragment","Go for the Eyes+1"],"special_seed":0,"relics":["Cracked Core","Du-Vu Doll","Sundial","Cursed Key"],"potions_floor_usage":[22],"damage_taken":[{"damage":0.0,"enemies":"2 Louse","floor":1.0,"turns":3.0},{"damage":1.0,"enemies":"Cultist","floor":3.0,"turns":4.0},{"damage":2.0,"enemies":"Jaw Worm","floor":4.0,"turns":3.0},{"damage":10.0,"enemies":"Exordium Thugs","floor":7.0,"turns":4.0},{"damage":50.0,"enemies":"Gremlin Nob","floor":8.0,"turns":5.0},{"damage":6.0,"enemies":"2 Fungi Beasts","floor":11.0,"turns":3.0},{"damage":6.0,"enemies":"Blue Slaver","floor":14.0,"turns":4.0},{"damage":56.0,"enemies":"Slime Boss","floor":16.0,"turns":11.0},{"damage":13.0,"enemies":"Shell Parasite","floor":18.0,"turns":6.0},{"damage":10.0,"enemies":"3 Byrds","floor":19.0,"turns":4.0},{"damage":19.0,"enemies":"Snake Plant","floor":20.0,"turns":4.0},{"damage":12.0,"enemies":"3 Cultists","floor":21.0,"turns":4.0},{"damage":41,"enemies":"Snecko","floor":22,"turns":5}],"seed_played":"5871822299130817248","potions_obtained":[{"floor":3.0,"key":"Strength Potion"},{"floor":4.0,"key":"FearPotion"},{"floor":21.0,"key":"FearPotion"}],"is_trial":false,"path_per_floor":["M","?","M","M","$","R","M","E","T","R","M","R","?","M","R","B",null,"M","M","M","M","M"],"character_chosen":"DEFECT","items_purchased":["BootSequence"],"campfire_rested":1,"item_purchase_floors":[5],"current_hp_per_floor":[82,74,80,85,85,85,82,39,39,39,33,58,58,59,59,10,67,61,58,46,41,0],"gold":360,"neow_bonus":"TWENTY_PERCENT_HP_BONUS","is_prod":false,"is_daily":false,"chose_seed":false,"campfire_upgraded":3,"win_rate":0,"timestamp":1545185614,"path_taken":["M","?","?","M","$","R","M","E","T","R","M","R","?","M","R","BOSS","M","M","M","M","M"],"build_version":"2018-12-17","purchased_purges":1,"victory":false,"max_hp_per_floor":[89,89,89,89,86,86,86,86,86,86,86,86,86,86,86,86,86,86,86,86,86,86],"card_choices":[{"not_picked":["Stack","Ball Lightning"],"picked":"Self Repair","floor":1.0},{"not_picked":["Streamline","Beam Cell"],"picked":"FTL","floor":3.0},{"not_picked":["Reinforced Body","Rebound"],"picked":"Conserve Battery","floor":4.0},{"not_picked":["Steam","Capacitor"],"picked":"Gash","floor":7.0},{"not_picked":["Compile Driver","Hologram"],"picked":"Chaos","floor":8.0},{"not_picked":["FTL","Rip and Tear"],"picked":"Leap","floor":11.0},{"not_picked":["Storm","Sweeping Beam"],"picked":"Redo","floor":14.0},{"not_picked":["Rainbow","Core Surge"],"picked":"Electrodynamics","floor":16.0},{"not_picked":["Sweeping Beam","Rebound"],"picked":"Gash","floor":18.0},{"not_picked":["Steam","Sweeping Beam+1"],"picked":"Defragment","floor":19.0},{"not_picked":["Rebound","Turbo","Storm"],"picked":"SKIP","floor":20.0},{"not_picked":["Gash","Leap+1"],"picked":"Go for the Eyes+1","floor":21.0}],"player_experience":257860,"relics_obtained":[{"floor":8.0,"key":"Du-Vu Doll"},{"floor":9.0,"key":"Sundial"}],"event_choices":[{"damage_healed":0.0,"max_hp_gain":0.0,"max_hp_loss":0.0,"gold_gain":75.0,"event_name":"FaceTrader","player_choice":"Touch","floor":2.0,"gold_loss":0.0,"damage_taken":8.0},{"damage_healed":0.0,"max_hp_gain":0.0,"max_hp_loss":0.0,"gold_gain":0.0,"event_name":"World of Goop","player_choice":"Left Gold","floor":13.0,"gold_loss":26.0,"damage_taken":0.0}],"is_beta":true,"boss_relics":[{"not_picked":["Fusion Hammer","Tiny House"],"picked":"Cursed Key"}],"items_purged_floors":[5],"is_endless":false,"potions_floor_spawned":[3,4,21],"killed_by":"Snecko","ascension_level":7}