{"gold_per_floor":[115,40,40,51,51,51,70,70,96,96,110,110,120,135,135,230,230,247,247,172,172,192,192,192,205,205,205,223,45,45,55,55,55],"floor_reached":33,"playtime":2499,"items_purged":["Strike_B","Strike_B"],"score":237,"play_id":"06d04bfb-e37b-4b2a-b7f4-c52203246195","local_time":"20181004235838","is_ascension_mode":false,"campfire_choices":[{"floor":6,"key":"REST"},{"data":"Chaos","floor":12,"key":"SMITH"},{"data":"Chaos","floor":15,"key":"SMITH"},{"data":"Buffer","floor":23,"key":"SMITH"},{"floor":27,"key":"REST"},{"data":"Capacitor","floor":30,"key":"SMITH"},{"floor":32,"key":"REST"}],"neow_cost":"NONE","seed_source_timestamp":1563438249587386,"circlet_count":0,"master_deck":["Strike_B","Defend_B","Defend_B","Defend_B","Defend_B","Zap","Dualcast","Stack","Chaos+1","Chaos+1","Stack+1","Seek+1","Stack+1","Gash","Buffer+1","Coolheaded+1","Leap+1","Cold Snap","Coolheaded+1","Capacitor+1","Heatsinks"],"relics":["FrozenCore","Toxic Egg 2","Smiling Mask","NlothsMask"],"potions_floor_usage":[31,31],"damage_taken":[{"damage":6,"enemies":"Jaw Worm","floor":1,"turns":3},{"damage":5,"enemies":"Small Slimes","floor":4,"turns":4},{"damage":0,"enemies":"Cultist","floor":7,"turns":4},{"damage":6,"enemies":"Blue Slaver","floor":11,"turns":5},{"damage":5,"enemies":"3 Louse","floor":13,"turns":4},{"damage":1,"enemies":"Large Slime","floor":14,"turns":7},{"damage":15,"enemies":"The Guardian","floor":16,"turns":15},{"damage":8,"enemies":"Chosen","floor":18,"turns":6},{"damage":21,"enemies":"Shell Parasite","floor":22,"turns":12},{"damage":16,"enemies":"Sentry and Sphere","floor":25,"turns":9},{"damage":19,"enemies":"Shelled Parasite and Fungi","floor":28,"turns":10},{"damage":36,"enemies":"Cultist and Chosen","floor":31,"turns":12},{"damage":38,"enemies":"Champ","floor":33,"turns":26}],"seed_played":"-3773046162354503897","potions_obtained":[{"floor":4,"key":"SteroidPotion"},{"floor":11,"key":"FocusPotion"},{"floor":16,"key":"Explosive Potion"},{"floor":18,"key":"Regen Potion"}],"is_trial":false,"path_per_floor":["M","$","?","M","?","R","M","?","T","?","M","R","M","M","R","B",null,"M","?","?","?","M","R","?","M","T","R","M","$","R","M","R"],"character_chosen":"DEFECT","items_purchased":["Coolheaded+1","Capacitor"],"campfire_rested":3,"item_purchase_floors":[29,29],"current_hp_per_floor":[69,69,69,64,61,75,75,75,75,75,69,69,64,63,63,48,75,67,67,67,67,46,46,46,30,30,52,33,33,33,12,34,0],"gold":55,"neow_bonus":"THREE_CARDS","is_prod":false,"is_daily":false,"chose_seed":false,"campfire_upgraded":4,"win_rate":0,"timestamp":1538690318,"path_taken":["M","$","?","?","?","R","M","?","T","?","M","R","M","M","R","BOSS","M","?","?","?","M","R","?","M","T","R","?","?","R","M","R","BOSS"],"build_version":"2018-09-27","purchased_purges":2,"victory":false,"max_hp_per_floor":[75,75,75,75,75,75,75,75,75,75,75,75,75,75,75,75,75,75,75,75,75,75,75,75,75,75,75,75,75,75,75,75,75],"card_choices":[{"not_picked":["Redo","Beam Cell"],"picked":"Stack","floor":0},{"not_picked":["Ball Lightning","Redo"],"picked":"Chaos","floor":1},{"not_picked":["Rebound","Beam Cell"],"picked":"Chaos","floor":4},{"not_picked":["Turbo+1","White Noise+1"],"picked":"Stack+1","floor":7},{"not_picked":["Rebound","Storm"],"picked":"Seek+1","floor":11},{"not_picked":["Darkness+1","Beam Cell"],"picked":"Stack+1","floor":13},{"not_picked":["Hello World","Hologram+1"],"picked":"Gash","floor":14},{"not_picked":["Fission+1","Meteor Strike"],"picked":"Buffer","floor":16},{"not_picked":["Consume+1","Sunder+1","Reinforced Body+1"],"picked":"SKIP","floor":18},{"not_picked":["Redo+1","Sweeping Beam"],"picked":"Coolheaded+1","floor":22},{"not_picked":["Skim+1","Lockon+1"],"picked":"Leap+1","floor":25},{"not_picked":["Stack+1","Tempest+1"],"picked":"Cold Snap","floor":28},{"not_picked":["Compile Driver","Ball Lightning"],"picked":"Heatsinks","floor":31}],"player_experience":87411,"relics_obtained":[{"floor":9,"key":"Smiling Mask"}],"event_choices":[{"event_name":"Golden Idol","player_choice":"Ignored","floor":3,"damage_taken":0},{"event_name":"Scrap Ooze","player_choice":"success","floor":5,"damage_taken":3},{"event_name":"Liars Game","player_choice":"disagreed","floor":8,"damage_taken":0},{"event_name":"The Woman in Blue","player_choice":"Bought 0 Potions","floor":10,"damage_taken":0},{"event_name":"FaceTrader","player_choice":"Trade","floor":19,"damage_taken":0},{"event_name":"Beggar","player_choice":"Gave Gold","floor":20,"damage_taken":0},{"event_name":"Ghosts","player_choice":"Ignored","floor":21,"damage_taken":0},{"event_name":"Cursed Tome","player_choice":"Ignored","floor":24,"damage_taken":0}],"is_beta":false,"boss_relics":[{"not_picked":["White Beast Statue","Snecko Eye"],"picked":"FrozenCore"}],"items_purged_floors":[2,29],"is_endless":false,"potions_floor_spawned":[4,11,16,18,28],"killed_by":"Champ","ascension_level":0}