{"gold_per_floor":[13,32,45,45,64,99,99,133,133,5,19,19,32,59,59,136,136,146,126,137,147,38,70,82,94,106,144,170,201,245,172,184,270,282,310,339,363,375,412,453,475,521,533,565,595,627,108,123,123,123],"floor_reached":51,"playtime":2705,"items_purged":["Strike_R","Strike_R"],"score":1557,"play_id":"cf994f0f-44eb-4f5a-81db-a442ca7aab86","local_time":"20190404091120","is_ascension_mode":true,"campfire_choices":[{"data":"Immolate","floor":7.0,"key":"SMITH"},{"data":"Armaments","floor":12,"key":"SMITH"},{"data":"Inflame","floor":15,"key":"SMITH"},{"floor":24,"key":"REST"},{"floor":32,"key":"REST"},{"floor":49,"key":"REST"}],"neow_cost":"NO_GOLD","seed_source_timestamp":3894268936484,"circlet_count":0,"master_deck":["AscendersBane","Strike_R","Strike_R+1","Strike_R","Defend_R","Defend_R","Defend_R+1","Defend_R+1","Bash","Immolate+1","Iron Wave","Anger","Pommel Strike","Feed","Inflame+1","Armaments+1","Flame Barrier","Clothesline","Impervious","Flame Barrier+1","Disarm","Shockwave","Corruption","Battle Trance","Disarm+1","Shockwave+1","Fiend Fire+1","Feel No Pain+1","Ghostly Armor+1","Armaments+1","Spot Weakness+1","Ghostly Armor+1","Headbutt+1","Uppercut+1","Shrug It Off+1","Sentinel+1","Impervious+1"],"special_seed":0,"relics":["Burning Blood","Pocketwatch","Potion Belt","Sundial","Calipers","Fusion Hammer","MawBank","Toxic Egg 2","Pantograph","Molten Egg 2","Red Skull","Sozu","Ancient Tea Set","Bag of Preparation","Bottled Flame","Blood Vial","War Paint","Bronze Scales"],"potions_floor_usage":[23,23,29,50,50],"damage_taken":[{"damage":1.0,"enemies":"Cultist","floor":1.0,"turns":3.0},{"damage":0.0,"enemies":"Small Slimes","floor":2.0,"turns":2.0},{"damage":8.0,"enemies":"2 Louse","floor":3.0,"turns":2.0},{"damage":7.0,"enemies":"2 Fungi Beasts","floor":5.0,"turns":2.0},{"damage":11.0,"enemies":"Gremlin Nob","floor":6.0,"turns":3.0},{"damage":2,"enemies":"3 Sentries","floor":8,"turns":3},{"damage":22,"enemies":"Exordium Thugs","floor":11,"turns":4},{"damage":1,"enemies":"Looter","floor":13,"turns":3},{"damage":1,"enemies":"Lagavulin","floor":14,"turns":6},{"damage":38,"enemies":"Slime Boss","floor":16,"turns":4},{"damage":0,"enemies":"Chosen","floor":18,"turns":4},{"damage":14,"enemies":"2 Thieves","floor":20,"turns":5},{"damage":2,"enemies":"Snecko","floor":21,"turns":5},{"damage":13,"enemies":"Book of Stabbing","floor":23,"turns":3},{"damage":14,"enemies":"Gremlin Leader","floor":27,"turns":6},{"damage":0,"enemies":"Centurion and Healer","floor":28,"turns":6},{"damage":8,"enemies":"3 Cultists","floor":29,"turns":5},{"damage":22,"enemies":"Slavers","floor":30,"turns":5},{"damage":50,"enemies":"Collector","floor":33,"turns":11},{"damage":10,"enemies":"3 Shapes","floor":35,"turns":5},{"damage":0,"enemies":"3 Darklings","floor":36,"turns":4},{"damage":5,"enemies":"Writhing Mass","floor":37,"turns":7},{"damage":0,"enemies":"Nemesis","floor":40,"turns":9},{"damage":3,"enemies":"Jaw Worm Horde","floor":41,"turns":3},{"damage":23,"enemies":"Reptomancer","floor":42,"turns":6},{"damage":7,"enemies":"4 Shapes","floor":44,"turns":8},{"damage":1,"enemies":"Maw","floor":45,"turns":6},{"damage":38,"enemies":"Transient","floor":46,"turns":5},{"damage":0,"enemies":"Writhing Mass","floor":48,"turns":7},{"damage":0,"enemies":"Awakened One","floor":50,"turns":14}],"seed_played":"-6163145496320621838","potions_obtained":[{"floor":2.0,"key":"Poison Potion"},{"floor":6.0,"key":"GamblersBrew"},{"floor":11,"key":"SmokeBomb"},{"floor":13,"key":"Energy Potion"},{"floor":14,"key":"SpeedPotion"},{"floor":19,"key":"Fire Potion"},{"floor":23,"key":"Ancient Potion"},{"floor":27,"key":"SneckoOil"},{"floor":29,"key":"Regen Potion"},{"floor":33,"key":"SteroidPotion"}],"is_trial":false,"path_per_floor":["M","M","M","?","M","E","R","E","T","$","M","R","M","E","R","B",null,"M","?","M","M","$","E","R","?","T","E","M","M","E","?","R","B",null,"M","M","M","?","T","E","M","E","T","M","M","M","$","M","R","B",null],"character_chosen":"IRONCLAD","items_purchased":["Armaments","Shockwave","Corruption","Shrug It Off+1","War Paint","Bronze Scales","Sentinel+1"],"campfire_rested":3,"item_purchase_floors":[10,22,22,47,47,47,47],"current_hp_per_floor":[73,75,73,50,49,44,44,51,51,51,39,39,47,56,56,24,73,79,79,75,82,82,78,99,99,99,91,101,102,86,86,106,65,98,97,103,104,104,104,110,115,102,102,107,114,84,84,92,123,126],"gold":123,"neow_bonus":"THREE_RARE_CARDS","is_prod":false,"is_daily":false,"chose_seed":false,"campfire_upgraded":3,"win_rate":0,"timestamp":1554394280,"path_taken":["M","M","?","?","M","E","R","E","T","$","M","R","M","E","R","BOSS","M","?","M","?","?","E","R","?","T","E","M","M","E","?","R","BOSS","M","M","M","?","?","E","M","E","T","M","M","?","$","M","R","BOSS"],"build_version":"2019-01-23","purchased_purges":2,"victory":true,"max_hp_per_floor":[75,75,75,75,75,75,75,78,78,78,82,82,85,89,89,89,89,89,89,93,96,96,99,99,99,99,99,103,106,106,106,106,109,109,112,112,112,112,112,112,115,119,119,123,123,123,123,123,123,126],"card_choices":[{"not_picked":["Fiend Fire","Brutality"],"picked":"Immolate","floor":0.0},{"not_picked":["Heavy Blade","Havoc"],"picked":"Iron Wave","floor":1.0},{"not_picked":["Shrug It Off","Clash"],"picked":"Anger","floor":2.0},{"not_picked":["Clash","Anger","Sword Boomerang"],"picked":"SKIP","floor":3.0},{"not_picked":["Cleave","Iron Wave"],"picked":"Pommel Strike","floor":5.0},{"not_picked":["Heavy Blade","Warcry"],"picked":"Feed","floor":6.0},{"not_picked":["Searing Blow","Battle Trance"],"picked":"Inflame","floor":8},{"not_picked":["Armaments","Heavy Blade","Flex"],"picked":"SKIP","floor":11},{"not_picked":["Infernal Blade","Flex"],"picked":"Flame Barrier","floor":13},{"not_picked":["Iron Wave","Blood for Blood"],"picked":"Clothesline","floor":14},{"not_picked":["Offering","Dark Embrace"],"picked":"Impervious","floor":16},{"not_picked":["Twin Strike+1","Perfected Strike"],"picked":"Flame Barrier","floor":18},{"not_picked":["Sword Boomerang","Pommel Strike","Perfected Strike+1"],"picked":"SKIP","floor":20},{"not_picked":["Rupture","Heavy Blade"],"picked":"Disarm","floor":21},{"not_picked":["Anger","Power Through"],"picked":"Battle Trance","floor":23},{"not_picked":["Immolate","Wild Strike"],"picked":"Disarm+1","floor":27},{"not_picked":["Hemokinesis","Burning Pact+1","Clothesline+1"],"picked":"SKIP","floor":28},{"not_picked":["Reckless Charge","Sever Soul","Fire Breathing+1"],"picked":"SKIP","floor":29},{"not_picked":["Brutality","Clash"],"picked":"Shockwave+1","floor":30},{"not_picked":["Berserk","Bludgeon+1"],"picked":"Fiend Fire+1","floor":33},{"not_picked":["Flex+1","Blood for Blood+1","Inflame+1"],"picked":"SKIP","floor":35},{"not_picked":["Carnage+1","Pommel Strike+1"],"picked":"Feel No Pain+1","floor":36},{"not_picked":["Thunderclap+1","Flex+1"],"picked":"Ghostly Armor+1","floor":37},{"not_picked":["Cleave+1","Body Slam+1"],"picked":"Armaments+1","floor":40},{"not_picked":["Warcry+1","Havoc+1"],"picked":"Spot Weakness+1","floor":41},{"not_picked":["Sentinel+1","Bloodletting+1"],"picked":"Ghostly Armor+1","floor":42},{"not_picked":["Clash+1","Shockwave+1"],"picked":"Headbutt+1","floor":44},{"not_picked":["Clothesline+1","Anger+1","Sword Boomerang+1"],"picked":"SKIP","floor":45},{"not_picked":["Clothesline+1","Anger+1","Sword Boomerang+1"],"picked":"SKIP","floor":45},{"not_picked":["Flex+1","Power Through+1"],"picked":"Uppercut+1","floor":46},{"not_picked":["Entrench+1","True Grit+1"],"picked":"Impervious+1","floor":48}],"player_experience":2413366,"relics_obtained":[{"floor":6.0,"key":"Pocketwatch"},{"floor":8,"key":"Potion Belt"},{"floor":9,"key":"Sundial"},{"floor":14,"key":"Calipers"},{"floor":23,"key":"MawBank"},{"floor":26,"key":"Toxic Egg 2"},{"floor":27,"key":"Pantograph"},{"floor":30,"key":"Molten Egg 2"},{"floor":39,"key":"Ancient Tea Set"},{"floor":40,"key":"Bag of Preparation"},{"floor":42,"key":"Bottled Flame"},{"floor":43,"key":"Blood Vial"}],"event_choices":[{"damage_healed":0.0,"max_hp_gain":0.0,"max_hp_loss":0.0,"gold_gain":0.0,"event_name":"Shining Light","player_choice":"Entered Light","floor":4.0,"gold_loss":0.0,"damage_taken":23.0,"cards_upgraded":["Strike_R","Defend_R"]},{"damage_healed":0,"gold_gain":0,"player_choice":"Bought 1 Potion","damage_taken":0,"max_hp_gain":0,"max_hp_loss":0,"event_name":"The Woman in Blue","floor":19,"gold_loss":0},{"damage_healed":0,"gold_gain":0,"player_choice":"Ignored","damage_taken":0,"max_hp_gain":0,"max_hp_loss":0,"event_name":"Vampires","floor":25,"gold_loss":0},{"damage_healed":0,"gold_gain":0,"player_choice":"Obtained Relic","damage_taken":0,"relics_obtained":["Red Skull"],"max_hp_gain":0,"max_hp_loss":0,"event_name":"Addict","floor":31,"gold_loss":85},{"damage_healed":0,"gold_gain":0,"player_choice":"Ignored","damage_taken":0,"max_hp_gain":0,"max_hp_loss":0,"event_name":"Tomb of Lord Red Mask","floor":38,"gold_loss":0}],"is_beta":false,"boss_relics":[{"not_picked":["Black Blood","Lizard Tail"],"picked":"Fusion Hammer"},{"not_picked":["Runic Cube","Busted Crown"],"picked":"Sozu"}],"items_purged_floors":[10,47],"is_endless":false,"potions_floor_spawned":[2,6,11,13,14,23,27,29,33,36,37,40,42,44,45],"ascension_level":15}