{"gold_per_floor":[114,189,206,217,49,49,84,84,84,84,100,100,129,145,145,216,216,230,70,120,133,233,233,264,264,264,294,305,305,339,352,352,424,424,439,454,454,310,324,353,353,380,380,408,425,454,472,472,472,472,472],"floor_reached":52,"playtime":2134,"items_purged":[],"score":2701,"play_id":"b92d06f0-cbcb-41ce-afbb-2ece856e6fd4","local_time":"20181101125136","daily_mods":["SealedDeck"],"is_ascension_mode":true,"campfire_choices":[{"data":"Uppercut","floor":6.0,"key":"SMITH"},{"data":"Corruption","floor":10.0,"key":"SMITH"},{"data":"Feel No Pain","floor":12.0,"key":"SMITH"},{"data":"Body Slam","floor":15.0,"key":"SMITH"},{"data":"Spot Weakness","floor":23.0,"key":"SMITH"},{"floor":25.0,"key":"REST"},{"data":"Fiend Fire","floor":29,"key":"SMITH"},{"data":"Warcry","floor":32,"key":"SMITH"},{"floor":41,"key":"REST"},{"floor":49,"key":"REST"}],"neow_cost":"","seed_source_timestamp":1370422359841,"circlet_count":0,"master_deck":["AscendersBane","Thunderclap","Sword Boomerang","Cleave","Iron Wave","Headbutt","Body Slam+1","Anger","Sentinel","Corruption+1","Feel No Pain+1","Uppercut+1","Warcry+1","Battle Trance","Impervious","Spot Weakness+1","Shrug It Off+1","True Grit+1","Disarm+1","Fiend Fire+1","Spot Weakness+1","Offering+1","Disarm+1","Sentinel+1","Flame Barrier+1","Limit Break+1","Shrug It Off+1","Discovery+1","Shockwave+1","Corruption+1"],"special_seed":0,"relics":["Burning Blood","Red Skull","Matryoshka","Ancient Tea Set","Toxic Egg 2","Anchor","Snecko Eye","Charon\u0027s Ashes","Ornamental Fan","Happy Flower","Pen Nib","Singing Bowl","Bronze Scales","FossilizedHelix","Fusion Hammer","Pear","Bag of Preparation","Potion Belt","Mummified Hand","Boot"],"potions_floor_usage":[28,51,51],"damage_taken":[{"damage":7.0,"enemies":"Jaw Worm","floor":1.0,"turns":2.0},{"damage":8.0,"enemies":"2 Louse","floor":3.0,"turns":2.0},{"damage":0.0,"enemies":"Small Slimes","floor":4.0,"turns":1.0},{"damage":0.0,"enemies":"Lagavulin","floor":7.0,"turns":7.0},{"damage":18.0,"enemies":"Exordium Wildlife","floor":11.0,"turns":3.0},{"damage":0.0,"enemies":"Gremlin Nob","floor":13.0,"turns":3.0},{"damage":1.0,"enemies":"Large Slime","floor":14.0,"turns":5.0},{"damage":10.0,"enemies":"Hexaghost","floor":16.0,"turns":8.0},{"damage":8.0,"enemies":"2 Thieves","floor":18.0,"turns":3.0},{"damage":6.0,"enemies":"Spheric Guardian","floor":21.0,"turns":2.0},{"damage":6.0,"enemies":"Colosseum Slavers","floor":22.0,"turns":3.0},{"damage":10.0,"enemies":"Colosseum Nobs","floor":22.0,"turns":4.0},{"damage":11.0,"enemies":"Book of Stabbing","floor":24.0,"turns":2.0},{"damage":0,"enemies":"Gremlin Leader","floor":27,"turns":3},{"damage":0,"enemies":"Snake Plant","floor":28,"turns":2},{"damage":6,"enemies":"Slavers","floor":30,"turns":3},{"damage":0,"enemies":"Shelled Parasite and Fungi","floor":31,"turns":2},{"damage":18,"enemies":"Automaton","floor":33,"turns":5},{"damage":0,"enemies":"Orb Walker","floor":35,"turns":1},{"damage":0,"enemies":"3 Shapes","floor":36,"turns":2},{"damage":0,"enemies":"Spire Growth","floor":39,"turns":4},{"damage":0,"enemies":"Nemesis","floor":40,"turns":5},{"damage":0,"enemies":"Reptomancer","floor":42,"turns":2},{"damage":0,"enemies":"Nemesis","floor":44,"turns":5},{"damage":0,"enemies":"Sphere and 2 Shapes","floor":45,"turns":1},{"damage":0,"enemies":"Reptomancer","floor":46,"turns":2},{"damage":0,"enemies":"Writhing Mass","floor":47,"turns":2},{"damage":0,"enemies":"Donu and Deca","floor":50,"turns":3},{"damage":0,"enemies":"Time Eater","floor":51,"turns":5}],"seed_played":"-1024827982073222266","potions_obtained":[{"floor":3.0,"key":"Explosive Potion"},{"floor":7.0,"key":"BloodPotion"},{"floor":11.0,"key":"Dexterity Potion"},{"floor":14.0,"key":"Energy Potion"},{"floor":24.0,"key":"SpeedPotion"},{"floor":27,"key":"Energy Potion"},{"floor":28,"key":"Poison Potion"},{"floor":44,"key":"Fire Potion"},{"floor":45,"key":"SpeedPotion"}],"is_trial":true,"path_per_floor":["M","?","M","M","$","R","E","?","T","R","M","R","E","M","R","B",null,"M","$","?","M","?","R","E","R","T","E","M","R","E","M","R","B",null,"M","M","?","$","M","E","R","E","T","E","M","E","M","?","R","B","B"],"character_chosen":"IRONCLAD","items_purchased":["Impervious","Offering+1","PowerPotion","Discovery+1"],"campfire_rested":3,"item_purchase_floors":[5,19,38,38],"current_hp_per_floor":[67,56,54,60,60,60,66,48,48,48,36,36,49,54,54,50,69,67,67,67,67,63,63,58,75,75,77,79,79,81,81,81,69,78,83,83,79,79,81,93,93,95,95,97,97,99,101,101,101,101,101],"gold":472,"neow_bonus":"","is_prod":false,"is_daily":false,"chose_seed":false,"campfire_upgraded":7,"win_rate":0,"timestamp":1541101896,"path_taken":["M","?","M","M","$","R","E","?","T","R","M","R","E","M","R","BOSS","M","$","?","M","?","R","E","R","T","E","M","R","E","M","R","BOSS","M","M","?","$","M","E","R","E","T","E","M","E","M","?","R","BOSS","BOSS"],"build_version":"2018-10-25v2","purchased_purges":0,"victory":true,"max_hp_per_floor":[75,75,75,75,75,75,75,75,75,75,75,75,75,75,75,75,75,75,75,75,75,75,75,75,75,75,77,79,79,81,81,81,81,81,83,83,79,79,81,93,93,95,95,97,97,99,101,101,101,101,101],"card_choices":[{"not_picked":["Heavy Blade","Thunderclap"],"picked":"Uppercut","floor":1.0},{"not_picked":["Thunderclap","Uppercut"],"picked":"Warcry","floor":3.0},{"not_picked":["Rupture","Entrench"],"picked":"Battle Trance","floor":4.0},{"not_picked":["Pommel Strike","Heavy Blade"],"picked":"Spot Weakness","floor":7.0},{"not_picked":["Combust","Wild Strike"],"picked":"Shrug It Off+1","floor":11.0},{"not_picked":["Barricade","Bloodletting+1"],"picked":"True Grit+1","floor":13.0},{"not_picked":["Fire Breathing","Armaments+1"],"picked":"Disarm+1","floor":14.0},{"not_picked":["Juggernaut","Dark Embrace"],"picked":"Fiend Fire","floor":16.0},{"not_picked":["Wild Strike","Headbutt"],"picked":"Spot Weakness+1","floor":18.0},{"not_picked":["Hemokinesis","Body Slam","Clothesline"],"picked":"SKIP","floor":21.0},{"not_picked":["Cleave","Iron Wave"],"picked":"Disarm+1","floor":22.0},{"not_picked":["Demon Form","Pommel Strike"],"picked":"Sentinel+1","floor":24.0},{"not_picked":["Bloodletting+1","Fire Breathing","Rage+1"],"picked":"Singing Bowl","floor":27},{"not_picked":["Searing Blow","Second Wind+1","Havoc+1"],"picked":"Singing Bowl","floor":28},{"not_picked":["Sever Soul+1","Fiend Fire","Hemokinesis"],"picked":"Singing Bowl","floor":30},{"not_picked":["Pommel Strike","Hemokinesis"],"picked":"Flame Barrier+1","floor":31},{"not_picked":["Immolate","Double Tap+1"],"picked":"Limit Break+1","floor":33},{"not_picked":["Body Slam+1","Twin Strike","Pommel Strike"],"picked":"Singing Bowl","floor":35},{"not_picked":["Combust+1","Armaments+1"],"picked":"Shrug It Off+1","floor":36},{"not_picked":["Flex+1","Rage+1","Headbutt+1"],"picked":"Singing Bowl","floor":39},{"not_picked":["Thunderclap","Immolate","Iron Wave+1"],"picked":"Singing Bowl","floor":40},{"not_picked":["Evolve","Heavy Blade","Pummel"],"picked":"Singing Bowl","floor":42},{"not_picked":["Clash+1","Power Through+1","Seeing Red+1"],"picked":"Singing Bowl","floor":44},{"not_picked":["Dropkick","Body Slam"],"picked":"Shockwave+1","floor":45},{"not_picked":["Headbutt","Twin Strike","Rage+1"],"picked":"Singing Bowl","floor":46},{"not_picked":["Ghostly Armor+1","Fire Breathing","True Grit+1"],"picked":"Singing Bowl","floor":47}],"player_experience":1540677,"relics_obtained":[{"floor":7.0,"key":"Red Skull"},{"floor":9.0,"key":"Ancient Tea Set"},{"floor":9.0,"key":"Toxic Egg 2"},{"floor":13.0,"key":"Anchor"},{"floor":22.0,"key":"Charon\u0027s Ashes"},{"floor":22.0,"key":"Ornamental Fan"},{"floor":24.0,"key":"Happy Flower"},{"floor":26.0,"key":"Pen Nib"},{"floor":26.0,"key":"Singing Bowl"},{"floor":27,"key":"Bronze Scales"},{"floor":30,"key":"FossilizedHelix"},{"floor":40,"key":"Pear"},{"floor":42,"key":"Bag of Preparation"},{"floor":43,"key":"Potion Belt"},{"floor":44,"key":"Mummified Hand"},{"floor":46,"key":"Boot"}],"event_choices":[{"damage_healed":0.0,"max_hp_gain":0.0,"max_hp_loss":0.0,"gold_gain":75.0,"event_name":"World of Goop","player_choice":"Gather Gold","floor":2.0,"gold_loss":0.0,"damage_taken":11.0},{"damage_healed":0.0,"max_hp_gain":0.0,"max_hp_loss":0.0,"gold_gain":0.0,"event_name":"Scrap Ooze","player_choice":"Success","floor":8.0,"gold_loss":0.0,"damage_taken":18.0,"relics_obtained":["Matryoshka"]},{"damage_healed":0.0,"max_hp_gain":0.0,"max_hp_loss":0.0,"gold_gain":50.0,"event_name":"Nest","player_choice":"Stole From Cult","floor":20.0,"gold_loss":0.0,"damage_taken":0.0},{"damage_healed":0.0,"max_hp_gain":0.0,"max_hp_loss":0.0,"gold_gain":0.0,"event_name":"Colosseum","player_choice":"Fight","floor":22.0,"gold_loss":0.0,"damage_taken":0.0},{"damage_healed":0.0,"max_hp_gain":0.0,"max_hp_loss":0.0,"gold_gain":0.0,"event_name":"Colosseum","player_choice":"Fought Nobs","floor":22.0,"gold_loss":0.0,"damage_taken":0.0},{"damage_healed":0,"gold_gain":0,"player_choice":"Max HP","damage_taken":0,"max_hp_gain":0,"max_hp_loss":4,"event_name":"Winding Halls","floor":37,"gold_loss":0},{"damage_healed":0,"gold_gain":0,"player_choice":"Copied","damage_taken":0,"max_hp_gain":0,"max_hp_loss":0,"event_name":"Duplicator","floor":48,"gold_loss":0,"cards_obtained":["Corruption"]}],"is_beta":false,"boss_relics":[{"not_picked":["Lizard Tail","Black Blood"],"picked":"Snecko Eye"},{"not_picked":["Pandora\u0027s Box","Runic Cube"],"picked":"Fusion Hammer"}],"items_purged_floors":[],"is_endless":false,"potions_floor_spawned":[3,7,11,14,18,24,27,28,30,39,42,44,45],"ascension_level":20}