{"gold_per_floor":[115,130,146,146,19,19,52,68,68,99,24,45,84,103,103,103],"floor_reached":16,"playtime":611,"items_purged":["Strike_R"],"score":294,"play_id":"8441d2e4-4261-4fa4-b284-db0be29fe721","local_time":"20181227161129","is_ascension_mode":true,"campfire_choices":[{"data":"Flex","floor":6.0,"key":"SMITH"},{"floor":15,"key":"REST"}],"neow_cost":"NONE","seed_source_timestamp":5747620618222,"circlet_count":0,"master_deck":["AscendersBane","Strike_R","Strike_R","Strike_R","Defend_R","Defend_R","Defend_R","Defend_R","Bash+1","Wild Strike","Sword Boomerang","Flex+1","Fiend Fire","Power Through","Disarm"],"special_seed":0,"relics":["Burning Blood","Golden Idol","Omamori","Kunai","Gremlin Horn","Potion Belt"],"potions_floor_usage":[16],"damage_taken":[{"damage":1.0,"enemies":"Cultist","floor":1.0,"turns":3.0},{"damage":14.0,"enemies":"Jaw Worm","floor":2.0,"turns":4.0},{"damage":7.0,"enemies":"Small Slimes","floor":3.0,"turns":3.0},{"damage":30.0,"enemies":"3 Sentries","floor":7.0,"turns":7.0},{"damage":7.0,"enemies":"Exordium Thugs","floor":8.0,"turns":3.0},{"damage":0.0,"enemies":"Gremlin Nob","floor":10.0,"turns":3.0},{"damage":10.0,"enemies":"Gremlin Gang","floor":12.0,"turns":4.0},{"damage":40.0,"enemies":"3 Sentries","floor":13.0,"turns":13.0},{"damage":3,"enemies":"Blue Slaver","floor":14,"turns":2},{"damage":28,"enemies":"The Guardian","floor":16,"turns":13}],"seed_played":"1292155555574678829","potions_obtained":[{"floor":2.0,"key":"Energy Potion"},{"floor":3.0,"key":"Ancient Potion"},{"floor":10.0,"key":"Ancient Potion"},{"floor":14,"key":"Poison Potion"}],"is_trial":false,"path_per_floor":["M","M","M","?","$","R","E","M","T","E","?","M","E","R","B"],"character_chosen":"IRONCLAD","items_purchased":["Flex"],"campfire_rested":1,"item_purchase_floors":[5],"current_hp_per_floor":[73,65,64,64,64,64,40,39,39,45,45,41,7,10,30,2],"gold":103,"neow_bonus":"UPGRADE_CARD","is_prod":false,"is_daily":false,"chose_seed":false,"campfire_upgraded":1,"win_rate":0,"timestamp":1545898289,"path_taken":["M","?","M","?","$","R","E","M","T","E","?","?","E","?","R","BOSS"],"build_version":"2018-12-25","purchased_purges":1,"victory":false,"max_hp_per_floor":[75,75,75,68,68,68,68,68,68,68,68,68,68,68,68,68],"card_choices":[{"not_picked":["Headbutt","Sword Boomerang"],"picked":"Wild Strike","floor":1.0},{"not_picked":["Clothesline","Body Slam","Warcry"],"picked":"SKIP","floor":2.0},{"not_picked":["Body Slam","Warcry"],"picked":"Sword Boomerang","floor":3.0},{"not_picked":["Wild Strike","Sword Boomerang"],"picked":"Fiend Fire","floor":7.0},{"not_picked":["Entrench","Body Slam"],"picked":"Power Through","floor":8.0},{"not_picked":["Iron Wave","Headbutt","Twin Strike"],"picked":"SKIP","floor":10.0},{"not_picked":["Armaments","Iron Wave","Berserk"],"picked":"SKIP","floor":12.0},{"not_picked":["Armaments","Iron Wave","Berserk"],"picked":"SKIP","floor":12.0},{"not_picked":["Armaments","Iron Wave","Berserk"],"picked":"SKIP","floor":12.0},{"not_picked":["Sever Soul","Clothesline"],"picked":"Disarm","floor":13.0},{"not_picked":["Fire Breathing","Body Slam","Carnage"],"picked":"SKIP","floor":14}],"player_experience":1188027,"relics_obtained":[{"floor":7.0,"key":"Omamori"},{"floor":9.0,"key":"Kunai"},{"floor":10.0,"key":"Gremlin Horn"},{"floor":13.0,"key":"Potion Belt"}],"event_choices":[{"damage_healed":0.0,"max_hp_gain":0.0,"max_hp_loss":7.0,"gold_gain":0.0,"event_name":"Golden Idol","player_choice":"Lose Max HP","floor":4.0,"gold_loss":0.0,"damage_taken":0.0,"relics_obtained":["Golden Idol"]},{"cards_removed":["Strike_R"],"damage_healed":0.0,"max_hp_gain":0.0,"max_hp_loss":0.0,"gold_gain":0.0,"event_name":"The Cleric","player_choice":"Card Removal","floor":11.0,"gold_loss":75.0,"damage_taken":0.0}],"is_beta":true,"boss_relics":[],"items_purged_floors":[5],"is_endless":false,"potions_floor_spawned":[2,3,10,14],"killed_by":"The Guardian","ascension_level":20}