{"gold_per_floor":[109,120,133,150,150,150,23,44,44,44,67,67,105,123,123,222,222,246,262,262,262,277,313,313,351,377,377,11,31,47,61,61,157,157,172,185,205,205,205,248,248,269,293,313,313,45,89,89,89,89,89,89,89,39,78,78],"floor_reached":57,"playtime":2614,"items_purged":["Slice","Predator","Flechettes+1","Outmaneuver+1"],"score":3612,"play_id":"ac0aab98-43e5-4e46-aee6-80d51472cb00","local_time":"20190420024629","daily_mods":["SealedDeck","Vintage","Uncertain Future"],"is_ascension_mode":true,"campfire_choices":[{"data":"Sucker Punch","floor":6.0,"key":"SMITH"},{"data":"Acrobatics","floor":12.0,"key":"SMITH"},{"data":"Finisher","floor":15.0,"key":"SMITH"},{"floor":24.0,"key":"DIG"},{"floor":27.0,"key":"DIG"},{"floor":32.0,"key":"DIG"},{"floor":41.0,"key":"DIG"},{"floor":45.0,"key":"DIG"},{"floor":49,"key":"RECALL"},{"floor":53,"key":"DIG"}],"neow_cost":"","seed_source_timestamp":3474289226200,"circlet_count":0,"master_deck":["AscendersBane","PiercingWail","Endless Agony+1","Backflip+1","Footwork","Acrobatics+1","Reflex+1","Apotheosis","Grand Finale","Well Laid Plans+1","Envenom+1","Concentrate"],"special_seed":0,"relics":["Ring of the Snake","Meat on the Bone","Paper Crane","War Paint","Regal Pillow","Golden Idol","Ornamental Fan","Bottled Tornado","Shovel","Pen Nib","Darkstone Periapt","Question Card","Fusion Hammer","Art of War","Blood Vial","Omamori","Unceasing Top","Matryoshka","PreservedInsect","Juzu Bracelet","Potion Belt","Snake Skull","Anchor","Whetstone","Bag of Preparation","Calipers","Astrolabe","Smiling Mask","Bag of Marbles","Pantograph","Centennial Puzzle","Ancient Tea Set","FossilizedHelix","Bronze Scales","Shuriken","Blue Candle","ClockworkSouvenir","Pear","Nunchaku"],"potions_floor_usage":[56,56],"damage_taken":[{"damage":0.0,"enemies":"Jaw Worm","floor":1.0,"turns":3.0},{"damage":0.0,"enemies":"Small Slimes","floor":2.0,"turns":2.0},{"damage":0.0,"enemies":"Cultist","floor":3.0,"turns":2.0},{"damage":0.0,"enemies":"Red Slaver","floor":4.0,"turns":3.0},{"damage":0.0,"enemies":"Exordium Thugs","floor":8.0,"turns":3.0},{"damage":1.0,"enemies":"Large Slime","floor":11.0,"turns":6.0},{"damage":0.0,"enemies":"3 Sentries","floor":13.0,"turns":8.0},{"damage":0.0,"enemies":"Exordium Wildlife","floor":14.0,"turns":4.0},{"damage":0.0,"enemies":"Hexaghost","floor":16.0,"turns":4.0},{"damage":6.0,"enemies":"Spheric Guardian","floor":18.0,"turns":4.0},{"damage":0.0,"enemies":"3 Byrds","floor":19.0,"turns":3.0},{"damage":0.0,"enemies":"Snecko","floor":22.0,"turns":3.0},{"damage":0.0,"enemies":"Gremlin Leader","floor":23.0,"turns":5.0},{"damage":0.0,"enemies":"Book of Stabbing","floor":25.0,"turns":4.0},{"damage":0.0,"enemies":"Centurion and Healer","floor":29.0,"turns":4.0},{"damage":2.0,"enemies":"Sentry and Sphere","floor":30.0,"turns":4.0},{"damage":2.0,"enemies":"Cultist and Chosen","floor":31.0,"turns":3.0},{"damage":0.0,"enemies":"Champ","floor":33.0,"turns":4.0},{"damage":0.0,"enemies":"3 Shapes","floor":35.0,"turns":1.0},{"damage":0.0,"enemies":"Orb Walker","floor":36.0,"turns":2.0},{"damage":0.0,"enemies":"3 Darklings","floor":37.0,"turns":2.0},{"damage":0.0,"enemies":"Reptomancer","floor":40.0,"turns":2.0},{"damage":0.0,"enemies":"Jaw Worm Horde","floor":42.0,"turns":1.0},{"damage":0.0,"enemies":"Sphere and 2 Shapes","floor":44.0,"turns":1.0},{"damage":0.0,"enemies":"Giant Head","floor":47.0,"turns":2.0},{"damage":0,"enemies":"Donu and Deca","floor":50,"turns":1},{"damage":0,"enemies":"Awakened One","floor":51,"turns":2},{"damage":0,"enemies":"Shield and Spear","floor":55,"turns":1},{"damage":0,"enemies":"The Heart","floor":56,"turns":4}],"seed_played":"-524940566997807281","potions_obtained":[{"floor":2.0,"key":"FearPotion"},{"floor":8.0,"key":"Explosive Potion"},{"floor":13.0,"key":"SkillPotion"},{"floor":16.0,"key":"Block Potion"},{"floor":33.0,"key":"SteroidPotion"},{"floor":37.0,"key":"SkillPotion"},{"floor":40.0,"key":"Strength Potion"},{"floor":44.0,"key":"PowerPotion"}],"is_trial":true,"path_per_floor":["M","M","M","M","?","R","$","M","T","?","M","R","E","M","R","B",null,"M","M","$","?","M","E","R","E","T","R","$","M","M","M","R","B",null,"M","M","M","?","?","E","R","M","T","M","R","$","E","?","R","B","B",null,"R","$","E","B",null],"character_chosen":"THE_SILENT","items_purchased":["Acrobatics","Apotheosis","Well Laid Plans","ClockworkSouvenir"],"campfire_rested":0,"item_purchase_floors":[7,28,28,46],"current_hp_per_floor":[59,59,59,59,36,36,36,36,36,18,29,29,41,41,41,41,60,54,54,54,54,56,58,58,60,60,60,60,62,62,62,62,64,66,66,66,66,66,66,66,66,66,66,66,66,66,66,63,63,63,63,63,73,73,73,73],"gold":78,"neow_bonus":"","is_prod":false,"is_daily":false,"chose_seed":false,"campfire_upgraded":3,"win_rate":0,"timestamp":1555699589,"path_taken":["M","M","M","M","?","R","$","M","T","?","?","R","E","M","R","BOSS","M","M","$","?","?","E","R","E","T","R","?","M","M","M","R","BOSS","M","M","M","?","?","E","R","M","T","M","R","$","E","?","R","BOSS","BOSS","R","$","E","BOSS"],"build_version":"2019-01-23","purchased_purges":4,"victory":true,"max_hp_per_floor":[66,66,66,66,66,66,66,66,66,66,66,66,66,66,66,66,66,66,66,66,66,66,66,66,66,66,66,66,66,66,66,66,66,66,66,66,66,66,66,66,66,66,66,66,66,66,66,63,63,63,63,63,73,73,73,73],"card_choices":[{"not_picked":["Sucker Punch","PiercingWail","Dagger Throw"],"picked":"SKIP","floor":13.0},{"not_picked":["Accuracy+1","Dodge and Roll","Expertise","Poisoned Stab"],"picked":"SKIP","floor":23.0},{"not_picked":["Dash","Backflip","Cloak And Dagger"],"picked":"Reflex+1","floor":25.0},{"not_picked":["After Image","Adrenaline","Bullet Time"],"picked":"Grand Finale","floor":33.0},{"not_picked":["Backstab","Backflip","Sucker Punch","Dagger Spray"],"picked":"SKIP","floor":40.0},{"not_picked":["PiercingWail","Wraith Form v2","Dodge and Roll"],"picked":"Concentrate","floor":47},{"not_picked":["Deadly Poison","Setup","Blade Dance","Flechettes"],"picked":"SKIP","floor":55}],"player_experience":3025362,"relics_obtained":[{"floor":1.0,"key":"Meat on the Bone"},{"floor":2.0,"key":"Paper Crane"},{"floor":3.0,"key":"War Paint"},{"floor":4.0,"key":"Regal Pillow"},{"floor":8.0,"key":"Ornamental Fan"},{"floor":9.0,"key":"Bottled Tornado"},{"floor":11.0,"key":"Pen Nib"},{"floor":13.0,"key":"Darkstone Periapt"},{"floor":14.0,"key":"Question Card"},{"floor":18.0,"key":"Art of War"},{"floor":19.0,"key":"Blood Vial"},{"floor":22.0,"key":"Omamori"},{"floor":23.0,"key":"Unceasing Top"},{"floor":24.0,"key":"Matryoshka"},{"floor":25.0,"key":"PreservedInsect"},{"floor":26.0,"key":"Juzu Bracelet"},{"floor":26.0,"key":"Potion Belt"},{"floor":27.0,"key":"Snake Skull"},{"floor":29.0,"key":"Anchor"},{"floor":30.0,"key":"Whetstone"},{"floor":31.0,"key":"Bag of Preparation"},{"floor":32.0,"key":"Calipers"},{"floor":35.0,"key":"Smiling Mask"},{"floor":36.0,"key":"Bag of Marbles"},{"floor":37.0,"key":"Pantograph"},{"floor":40.0,"key":"Centennial Puzzle"},{"floor":41.0,"key":"Ancient Tea Set"},{"floor":42.0,"key":"FossilizedHelix"},{"floor":43.0,"key":"Bronze Scales"},{"floor":44.0,"key":"Shuriken"},{"floor":45.0,"key":"Blue Candle"},{"floor":53,"key":"Pear"},{"floor":55,"key":"Nunchaku"}],"event_choices":[{"damage_healed":0.0,"max_hp_gain":0.0,"max_hp_loss":0.0,"gold_gain":0.0,"event_name":"Golden Idol","player_choice":"Take Damage","floor":5.0,"gold_loss":0.0,"damage_taken":23.0,"relics_obtained":["Golden Idol"]},{"damage_healed":0.0,"max_hp_gain":0.0,"max_hp_loss":0.0,"gold_gain":0.0,"event_name":"Scrap Ooze","player_choice":"Success","floor":10.0,"gold_loss":0.0,"damage_taken":18.0,"relics_obtained":["Shovel"]},{"damage_healed":0.0,"max_hp_gain":0.0,"max_hp_loss":0.0,"gold_gain":0.0,"cards_transformed":["Deflect"],"event_name":"Transmorgrifier","player_choice":"Transformed","floor":21.0,"gold_loss":0.0,"damage_taken":0.0,"cards_obtained":["Predator"]},{"damage_healed":0.0,"max_hp_gain":0.0,"max_hp_loss":0.0,"gold_gain":0.0,"cards_transformed":["Well Laid Plans"],"event_name":"Transmorgrifier","player_choice":"Transformed","floor":38.0,"gold_loss":0.0,"damage_taken":0.0,"cards_obtained":["Dodge and Roll"]},{"cards_removed":["Dodge and Roll"],"damage_healed":0.0,"max_hp_gain":0.0,"max_hp_loss":0.0,"gold_gain":0.0,"event_name":"Falling","player_choice":"Removed Skill","floor":39.0,"gold_loss":0.0,"damage_taken":0.0},{"damage_healed":0,"gold_gain":0,"player_choice":"Max HP","damage_taken":0,"max_hp_gain":0,"max_hp_loss":3,"event_name":"Winding Halls","floor":48,"gold_loss":0}],"is_beta":false,"boss_relics":[{"not_picked":["WristBlade","White Beast Statue"],"picked":"Fusion Hammer"},{"not_picked":["Eternal Feather","Tiny House"],"picked":"Astrolabe"}],"items_purged_floors":[7,28,46,54],"is_endless":false,"potions_floor_spawned":[2,8,13,14,16,22,23,25,33,37,40,44,47],"ascension_level":20}