{"gold_per_floor":[115,127,127,127,137,137,162,162,162,197,197,197,215,5,5,83,83,99,9,9,9,9,9,43,43,92,92,17,17,31,65,65,139,139,151,51,70,70,70,70,70,83,132,161,7,20,20],"floor_reached":47,"playtime":2443,"items_purged":["Strike_B","Strike_B+1","Defend_B"],"score":990,"play_id":"cf187145-b020-4a8a-bcdd-d6813b6eadf7","local_time":"20190326013553","is_ascension_mode":true,"campfire_choices":[{"data":"Beam Cell","floor":6.0,"key":"SMITH"},{"floor":8.0,"key":"REST"},{"floor":12.0,"key":"REST"},{"data":"Consume","floor":15.0,"key":"SMITH"},{"data":"Capacitor","floor":23.0,"key":"SMITH"},{"data":"Skim","floor":25.0,"key":"SMITH"},{"floor":27.0,"key":"REST"},{"data":"Turbo","floor":29.0,"key":"SMITH"},{"data":"Chaos","floor":32.0,"key":"SMITH"},{"floor":40.0,"key":"REST"}],"neow_cost":"BASIC_CARDS","seed_source_timestamp":21235861752100,"circlet_count":0,"master_deck":["AscendersBane","Defend_B","Defend_B","Defend_B","Zap","Dualcast","Panacea","Swift Strike+1","Defend_R+1","Neutralize","Rip and Tear","Skim+1","Consume+1","Electrodynamics","Turbo+1","Capacitor+1","Meteor Strike+1","ReplayTheSpireMod:GoodbyeWorld","Glacier","Chaos+1","Steam+1","Biased Cognition","Coolheaded","ReplayTheSpireMod:Reroute Power","Echo Form","BasicCrystalCard","Parasite","Hologram"],"special_seed":0,"relics":["Cracked Core","Molten Egg 2","Simple Rune","Regal Pillow","ReplayFunnel","Runic Dome","Oddly Smooth Stone","Ancient Bracer","Bronze Scales","Runic Pyramid","Dodecahedron"],"potions_floor_usage":[47,47],"damage_taken":[{"damage":3.0,"enemies":"Small Slimes","floor":1.0,"turns":3.0},{"damage":5.0,"enemies":"2 Louse","floor":2.0,"turns":2.0},{"damage":0.0,"enemies":"Cultist","floor":5.0,"turns":3.0},{"damage":27.0,"enemies":"Lagavulin","floor":7.0,"turns":6.0},{"damage":26.0,"enemies":"Erikyupuro","floor":10.0,"turns":6.0},{"damage":7.0,"enemies":"2 Fungi Beasts","floor":13.0,"turns":3.0},{"damage":3.0,"enemies":"Fading Forest","floor":16.0,"turns":13.0},{"damage":19.0,"enemies":"Shell Parasite","floor":18.0,"turns":6.0},{"damage":25.0,"enemies":"Book of Stabbing","floor":24.0,"turns":8.0},{"damage":12.0,"enemies":"3 Byrds","floor":30.0,"turns":4.0},{"damage":28.0,"enemies":"Slavers","floor":31.0,"turns":6.0},{"damage":18.0,"enemies":"Pondfish","floor":33.0,"turns":13.0},{"damage":3.0,"enemies":"Orb Walker","floor":35.0,"turns":4.0},{"damage":13.0,"enemies":"3 Shapes","floor":37.0,"turns":5.0},{"damage":0.0,"enemies":"Spire Growth","floor":42.0,"turns":6.0},{"damage":27,"enemies":"Giant Head","floor":44,"turns":12},{"damage":28,"enemies":"Writhing Mass","floor":46,"turns":6},{"damage":23,"enemies":"Reptomancer","floor":47,"turns":2}],"seed_played":"-6618029221828382357","potions_obtained":[{"floor":7.0,"key":"Swift Potion"},{"floor":10.0,"key":"Elixir"},{"floor":16.0,"key":"Swift Potion"},{"floor":18.0,"key":"Adrenaline Potion"},{"floor":30.0,"key":"Block Potion"},{"floor":31.0,"key":"Fire Potion"},{"floor":42.0,"key":"Fire Potion"},{"floor":44,"key":"Toxic Potion"}],"is_trial":false,"path_per_floor":["M","M","?","?","M","R","E","R","T","E","?","R","M","$","R","B",null,"M","$","?","$","?","R","E","R","T","R","$","R","M","E","R","B",null,"M","$","M","?","$","R","?","M","T","E","$","M","E"],"character_chosen":"DEFECT","items_purchased":["Capacitor","ReplayFunnel","Glacier","BasicCrystalCard"],"campfire_rested":4,"item_purchase_floors":[14,14,19,45],"current_hp_per_floor":[61,56,61,38,38,38,11,33,33,7,7,44,37,37,37,52,70,51,51,51,51,51,51,26,26,26,63,63,63,51,23,23,5,58,55,55,42,42,42,76,76,76,76,49,49,21,0],"gold":20,"neow_bonus":"RANDOM_COLORLESS_2","is_prod":false,"is_daily":false,"chose_seed":false,"campfire_upgraded":6,"win_rate":0,"timestamp":1553535353,"path_taken":["M","M","?","?","M","R","E","R","T","E","?","R","M","$","R","BOSS","M","$","?","?","?","R","E","R","T","R","?","R","M","E","R","BOSS","M","$","?","?","?","R","?","M","T","E","$","M","E"],"build_version":"2019-03-15","purchased_purges":3,"victory":false,"max_hp_per_floor":[71,71,76,76,76,76,76,76,76,76,76,76,76,76,76,76,76,76,76,76,76,76,76,76,76,76,76,76,76,76,76,76,76,76,76,76,76,76,76,76,76,76,76,76,76,76,76],"card_choices":[{"not_picked":["Panic Button","Tempest"],"picked":"Rip and Tear","floor":1.0},{"not_picked":["Gash","Hologram"],"picked":"Skim","floor":2.0},{"not_picked":["Storm","Chaos"],"picked":"Beam Cell","floor":5.0},{"not_picked":["Reinforced Body","Streamline"],"picked":"Consume","floor":7.0},{"not_picked":["Ball Lightning+1","Leap","Aggregate"],"picked":"SKIP","floor":10.0},{"not_picked":["Turbo","Rebound+1","Panic Button"],"picked":"SKIP","floor":13.0},{"not_picked":["Rebound+1","Panic Button"],"picked":"Turbo","floor":13.0},{"not_picked":["Thunder Strike+1","Core Surge+1"],"picked":"Meteor Strike+1","floor":16.0},{"not_picked":["Defragment","Heatsinks"],"picked":"ReplayTheSpireMod:GoodbyeWorld","floor":18.0},{"not_picked":["Barrage+1","Ball Lightning+1","Multi-Cast"],"picked":"SKIP","floor":24.0},{"not_picked":["Conserve Battery+1","Reprogram"],"picked":"Chaos","floor":30.0},{"not_picked":["Stack+1","Reinforced Body"],"picked":"Steam+1","floor":31.0},{"not_picked":["Core Surge+1","Reboot"],"picked":"Biased Cognition","floor":33.0},{"not_picked":["Streamline+1","ReplayTheSpireMod:Reroute Power+1"],"picked":"Coolheaded","floor":35.0},{"not_picked":["Tempest","Chaos","Redo"],"picked":"SKIP","floor":37.0},{"not_picked":["Double Energy","Hello World+1"],"picked":"ReplayTheSpireMod:Reroute Power","floor":42.0},{"not_picked":["Compile Driver+1","Glacier+1"],"picked":"Echo Form","floor":44},{"not_picked":["Coolheaded","Capacitor"],"picked":"Hologram","floor":46}],"player_experience":1294268,"relics_obtained":[{"floor":7.0,"key":"Molten Egg 2"},{"floor":9.0,"key":"Simple Rune"},{"floor":10.0,"key":"Regal Pillow"},{"floor":24.0,"key":"Oddly Smooth Stone"},{"floor":26.0,"key":"Ancient Bracer"},{"floor":31.0,"key":"Bronze Scales"},{"floor":44,"key":"Dodecahedron"}],"event_choices":[{"damage_healed":0.0,"max_hp_gain":5.0,"max_hp_loss":0.0,"gold_gain":0.0,"event_name":"Big Fish","player_choice":"Donut","floor":3.0,"gold_loss":0.0,"damage_taken":0.0},{"damage_healed":0.0,"max_hp_gain":0.0,"max_hp_loss":0.0,"gold_gain":0.0,"event_name":"Shining Light","player_choice":"Entered Light","floor":4.0,"gold_loss":0.0,"damage_taken":23.0,"cards_upgraded":["Defend_R","Swift Strike"]},{"damage_healed":0.0,"max_hp_gain":0.0,"max_hp_loss":0.0,"gold_gain":0.0,"cards_transformed":["Strike_B"],"event_name":"Living Wall","player_choice":"Change","floor":11.0,"gold_loss":0.0,"damage_taken":0.0,"cards_obtained":["Electrodynamics"]},{"cards_removed":["Strike_B"],"damage_healed":0.0,"max_hp_gain":0.0,"max_hp_loss":0.0,"gold_gain":0.0,"event_name":"Bonfire Elementals","player_choice":"Offered Basic","floor":20.0,"gold_loss":0.0,"damage_taken":0.0},{"damage_healed":0.0,"max_hp_gain":0.0,"max_hp_loss":0.0,"gold_gain":0.0,"event_name":"Ghosts","player_choice":"Ignored","floor":22.0,"gold_loss":0.0,"damage_taken":0.0},{"damage_healed":0.0,"max_hp_gain":0.0,"max_hp_loss":0.0,"gold_gain":0.0,"event_name":"Match and Keep!","player_choice":"0 cards matched","floor":38.0,"gold_loss":0.0,"damage_taken":0.0,"cards_obtained":[]},{"cards_removed":["Beam Cell"],"damage_healed":0.0,"max_hp_gain":0.0,"max_hp_loss":0.0,"gold_gain":0.0,"event_name":"Falling","player_choice":"Removed Attack","floor":41.0,"gold_loss":0.0,"damage_taken":0.0}],"is_beta":true,"boss_relics":[{"not_picked":["Pandora\u0027s Box","Astrolabe"],"picked":"Runic Dome"},{"not_picked":["Fusion Hammer","Busted Crown"],"picked":"Runic Pyramid"}],"items_purged_floors":[28,36,45],"is_endless":false,"potions_floor_spawned":[7,10,16,18,30,31,42,44],"killed_by":"Reptomancer","ascension_level":20}