{"gold_per_floor":[109,109,53,53,53,53,83,83,83,100,117,135,135,135,135,212,212,225,225,225,242,252,252,252,264,264,264,314,5,5,55,55,128,128,144,194,244,294,2,2,37,87,113,127,158,177,197,231,231,231,231],"floor_reached":52,"playtime":2638,"items_purged":["Defend_G"],"score":2043,"play_id":"62501162-1e94-4874-958e-428b6cd71030","local_time":"20190305180255","is_ascension_mode":true,"campfire_choices":[{"data":"Dagger Spray","floor":6.0,"key":"SMITH"},{"floor":8.0,"key":"REST"},{"data":"Blade Dance","floor":13.0,"key":"SMITH"},{"data":"Finisher","floor":15.0,"key":"SMITH"},{"data":"Neutralize","floor":23.0,"key":"SMITH"},{"data":"A Thousand Cuts","floor":27.0,"key":"SMITH"},{"data":"Catalyst","floor":32.0,"key":"SMITH"},{"data":"Cloak And Dagger","floor":40.0,"key":"SMITH"},{"floor":49.0,"key":"REST"}],"neow_cost":"PERCENT_DAMAGE","seed_source_timestamp":14738083533700,"circlet_count":0,"master_deck":["AscendersBane","Defend_G","Defend_G","Survivor","Neutralize+1","Finisher+1","Escape Plan","Blade Dance+1","Envenom+1","Die Die Die+1","Malaise+1","Well Laid Plans","Catalyst+1","Prepared+1","Leg Sweep","Infinite Blades","Footwork","Cloak And Dagger+1","Footwork+1"],"special_seed":0,"relics":["Ring of the Snake","Bag of Preparation","PreservedInsect","Paper Crane","Astrolabe","Enchiridion","Juzu Bracelet","Shuriken","SsserpentHead","Runic Dome","Darkstone Periapt","Orichalcum","Singing Bowl","Whetstone"],"potions_floor_usage":[50,51],"damage_taken":[{"damage":11.0,"enemies":"Jaw Worm","floor":1.0,"turns":10.0},{"damage":17.0,"enemies":"3 Sentries","floor":7.0,"turns":9.0},{"damage":0.0,"enemies":"Cultist","floor":10.0,"turns":4.0},{"damage":0.0,"enemies":"2 Louse","floor":11.0,"turns":2.0},{"damage":3.0,"enemies":"Blue Slaver","floor":12.0,"turns":4.0},{"damage":0.0,"enemies":"Slime Boss","floor":16.0,"turns":5.0},{"damage":16.0,"enemies":"2 Thieves","floor":18.0,"turns":4.0},{"damage":2.0,"enemies":"3 Byrds","floor":21.0,"turns":4.0},{"damage":14.0,"enemies":"Snake Plant","floor":22.0,"turns":6.0},{"damage":3.0,"enemies":"Centurion and Healer","floor":25.0,"turns":6.0},{"damage":7.0,"enemies":"Automaton","floor":33.0,"turns":6.0},{"damage":17.0,"enemies":"3 Darklings","floor":35.0,"turns":4.0},{"damage":30.0,"enemies":"Reptomancer","floor":41.0,"turns":4.0},{"damage":0.0,"enemies":"Orb Walker","floor":44.0,"turns":3.0},{"damage":0.0,"enemies":"Giant Head","floor":45.0,"turns":5.0},{"damage":7.0,"enemies":"Transient","floor":46.0,"turns":6.0},{"damage":2.0,"enemies":"Jaw Worm Horde","floor":47.0,"turns":5.0},{"damage":14.0,"enemies":"Reptomancer","floor":48.0,"turns":5.0},{"damage":20,"enemies":"Donu and Deca","floor":50,"turns":7},{"damage":5,"enemies":"Time Eater","floor":51,"turns":8}],"seed_played":"2519462903499289523","potions_obtained":[{"floor":10.0,"key":"Poison Potion"},{"floor":12.0,"key":"SkillPotion"},{"floor":16.0,"key":"Regen Potion"},{"floor":18.0,"key":"GamblersBrew"},{"floor":22.0,"key":"EssenceOfSteel"},{"floor":46.0,"key":"Swift Potion"},{"floor":47.0,"key":"SneckoOil"},{"floor":48.0,"key":"Fire Potion"}],"is_trial":false,"path_per_floor":["M","?","$","?","$","R","E","R","T","M","M","M","R","T","R","B",null,"M","?","?","M","M","R","?","M","T","R","?","$","?","?","R","B",null,"M","?","?","?","$","R","E","?","T","M","E","M","M","E","R","B","B",null],"character_chosen":"THE_SILENT","items_purchased":["Strength Potion","Shuriken","Leg Sweep","Footwork","Cloak And Dagger","GhostInAJar"],"campfire_rested":2,"item_purchase_floors":[3,29,29,39,39,39],"current_hp_per_floor":[33,33,33,28,28,28,11,30,30,30,30,27,27,27,27,27,56,40,19,19,29,15,15,15,12,12,12,12,12,12,12,12,5,51,34,34,73,73,73,73,43,43,43,43,45,40,40,28,52,32,27],"gold":231,"neow_bonus":"REMOVE_TWO","is_prod":false,"is_daily":false,"chose_seed":false,"campfire_upgraded":7,"win_rate":0,"timestamp":1551780175,"path_taken":["M","?","?","?","$","R","E","R","T","M","M","M","R","?","R","BOSS","M","?","?","M","M","R","?","?","T","R","?","$","?","?","R","BOSS","M","?","?","?","$","R","E","?","T","M","E","M","M","E","R","BOSS","BOSS"],"build_version":"2019-01-23","purchased_purges":1,"victory":true,"max_hp_per_floor":[66,66,66,66,66,66,66,66,66,66,66,66,66,66,66,66,66,66,66,66,66,66,66,66,66,66,66,66,66,66,66,66,66,66,66,63,73,73,73,73,73,73,73,73,75,77,79,81,81,81,81],"card_choices":[{"not_picked":["Acrobatics","Noxious Fumes"],"picked":"Dagger Spray","floor":1.0},{"not_picked":["Catalyst","Prepared","Slice"],"picked":"SKIP","floor":7.0},{"not_picked":["Prepared","Poisoned Stab"],"picked":"Finisher","floor":10.0},{"not_picked":["Flying Knee","Underhanded Strike"],"picked":"Escape Plan","floor":11.0},{"not_picked":["Acrobatics","Underhanded Strike"],"picked":"Blade Dance","floor":12.0},{"not_picked":["Storm of Steel","Phantasmal Killer"],"picked":"A Thousand Cuts","floor":16.0},{"not_picked":["Dagger Spray","Noxious Fumes"],"picked":"Well Laid Plans","floor":18.0},{"not_picked":["Blade Dance","Quick Slash"],"picked":"Catalyst","floor":21.0},{"not_picked":["Distraction","Dodge and Roll+1","Deadly Poison"],"picked":"SKIP","floor":22.0},{"not_picked":["Backflip","Backstab+1"],"picked":"Prepared+1","floor":25.0},{"not_picked":["Deadly Poison+1","Blade Dance+1","Bouncing Flask+1"],"picked":"SKIP","floor":35.0},{"not_picked":["Deadly Poison+1","Blade Dance+1","Bouncing Flask+1"],"picked":"SKIP","floor":35.0},{"not_picked":["Poisoned Stab","Terror+1","Eviscerate"],"picked":"SKIP","floor":41.0},{"not_picked":["Bane","Reflex+1"],"picked":"Footwork+1","floor":44.0},{"not_picked":["Dash+1","Accuracy+1","Reflex+1"],"picked":"Singing Bowl","floor":45.0},{"not_picked":["Deadly Poison","Outmaneuver","Poisoned Stab"],"picked":"Singing Bowl","floor":46.0},{"not_picked":["Acrobatics","Riddle With Holes+1","Storm of Steel"],"picked":"Singing Bowl","floor":47.0},{"not_picked":["Leg Sweep","Dagger Spray","Phantasmal Killer"],"picked":"Singing Bowl","floor":48.0}],"player_experience":2738089,"relics_obtained":[{"floor":7.0,"key":"PreservedInsect"},{"floor":9.0,"key":"Paper Crane"},{"floor":19.0,"key":"Enchiridion"},{"floor":26.0,"key":"Juzu Bracelet"},{"floor":41.0,"key":"Darkstone Periapt"},{"floor":43.0,"key":"Orichalcum"},{"floor":45.0,"key":"Singing Bowl"},{"floor":48.0,"key":"Whetstone"}],"event_choices":[{"cards_removed":["Strike_G"],"damage_healed":0.0,"max_hp_gain":0.0,"max_hp_loss":0.0,"gold_gain":0.0,"event_name":"Purifier","player_choice":"Purged","floor":2.0,"gold_loss":0.0,"damage_taken":0.0},{"damage_healed":0.0,"max_hp_gain":0.0,"max_hp_loss":0.0,"gold_gain":0.0,"event_name":"Scrap Ooze","player_choice":"Success","floor":4.0,"gold_loss":0.0,"damage_taken":5.0,"relics_obtained":["Bag of Preparation"]},{"damage_healed":0.0,"max_hp_gain":0.0,"max_hp_loss":0.0,"gold_gain":0.0,"event_name":"Cursed Tome","player_choice":"Obtained Book","floor":19.0,"gold_loss":0.0,"damage_taken":21.0},{"damage_healed":0.0,"max_hp_gain":0.0,"max_hp_loss":0.0,"gold_gain":0.0,"event_name":"Forgotten Altar","player_choice":"Smashed Altar","floor":20.0,"gold_loss":0.0,"damage_taken":0.0,"cards_obtained":["Decay"]},{"cards_removed":["Decay"],"damage_healed":0.0,"max_hp_gain":0.0,"max_hp_loss":0.0,"gold_gain":0.0,"event_name":"Purifier","player_choice":"Purged","floor":24.0,"gold_loss":0.0,"damage_taken":0.0},{"damage_healed":0.0,"max_hp_gain":0.0,"max_hp_loss":0.0,"gold_gain":50.0,"event_name":"Nest","player_choice":"Stole From Cult","floor":28.0,"gold_loss":0.0,"damage_taken":0.0},{"damage_healed":0.0,"max_hp_gain":0.0,"max_hp_loss":0.0,"gold_gain":0.0,"event_name":"FaceTrader","player_choice":"Trade","floor":30.0,"gold_loss":0.0,"damage_taken":0.0,"relics_obtained":["SsserpentHead"]},{"damage_healed":0.0,"max_hp_gain":0.0,"max_hp_loss":0.0,"gold_gain":0.0,"event_name":"Beggar","player_choice":"Ignored","floor":31.0,"gold_loss":0.0,"damage_taken":0.0},{"damage_healed":0.0,"max_hp_gain":0.0,"max_hp_loss":3.0,"gold_gain":0.0,"event_name":"Winding Halls","player_choice":"Max HP","floor":36.0,"gold_loss":0.0,"damage_taken":0.0},{"cards_removed":["A Thousand Cuts"],"damage_healed":29.0,"max_hp_gain":10.0,"max_hp_loss":0.0,"gold_gain":0.0,"event_name":"Bonfire Elementals","player_choice":"Offered Rare","floor":37.0,"gold_loss":0.0,"damage_taken":0.0},{"damage_healed":0.0,"max_hp_gain":0.0,"max_hp_loss":0.0,"gold_gain":0.0,"cards_transformed":["Defend_G"],"event_name":"Transmorgrifier","player_choice":"Transformed","floor":38.0,"gold_loss":0.0,"damage_taken":0.0,"cards_obtained":["Infinite Blades"]},{"cards_removed":["Dagger Spray"],"damage_healed":0.0,"max_hp_gain":0.0,"max_hp_loss":0.0,"gold_gain":0.0,"event_name":"Falling","player_choice":"Removed Attack","floor":42.0,"gold_loss":0.0,"damage_taken":0.0}],"is_beta":false,"boss_relics":[{"not_picked":["Cursed Key","Empty Cage"],"picked":"Astrolabe"},{"not_picked":["Snecko Eye","Velvet Choker"],"picked":"Runic Dome"}],"items_purged_floors":[39],"is_endless":false,"potions_floor_spawned":[10,12,16,18,22,46,47,48],"ascension_level":20}