{"gold_per_floor":[118,131,149,149,149,149,178,178,225,225,289,289,318,338,338,415,415,429,429,449,137,153,180,190,190,190,218,238,269,284,296,296,296],"floor_reached":33,"playtime":1158,"items_purged":[],"score":599,"play_id":"58d575e5-b609-4b27-a1be-dec1e8255fd8","local_time":"20181124181553","is_ascension_mode":true,"campfire_choices":[{"data":"Armaments","floor":6.0,"key":"SMITH"},{"data":"Bash","floor":8.0,"key":"SMITH"},{"data":"Perfected Strike","floor":10.0,"key":"SMITH"},{"data":"Pommel Strike","floor":12.0,"key":"SMITH"},{"data":"Perfected Strike","floor":15.0,"key":"SMITH"},{"data":"Perfected Strike","floor":25,"key":"SMITH"},{"data":"Pommel Strike","floor":32,"key":"SMITH"}],"neow_cost":"NONE","seed_source_timestamp":39237851605806,"circlet_count":0,"master_deck":["AscendersBane","Strike_R","Strike_R","Strike_R+1","Strike_R","Strike_R","Defend_R","Defend_R","Defend_R","Defend_R","Bash+1","Perfected Strike+1","Flame Barrier+1","Armaments+1","Pommel Strike+1","Headbutt","Perfected Strike+1","Perfected Strike+1","Offering","Shrug It Off","Warcry","Disarm","Pommel Strike+1"],"special_seed":0,"relics":["Burning Blood","Anchor","Orichalcum","Magic Flower","Peace Pipe","Coffee Dripper","Torii","Ornamental Fan","Pear","Ancient Tea Set","Sundial"],"potions_floor_usage":[23,33],"damage_taken":[{"damage":5.0,"enemies":"Small Slimes","floor":1.0,"turns":4.0},{"damage":0.0,"enemies":"2 Louse","floor":2.0,"turns":3.0},{"damage":0.0,"enemies":"Cultist","floor":3.0,"turns":2.0},{"damage":18.0,"enemies":"Gremlin Nob","floor":7.0,"turns":4.0},{"damage":10.0,"enemies":"Gremlin Nob","floor":11.0,"turns":3.0},{"damage":8.0,"enemies":"3 Sentries","floor":13.0,"turns":6.0},{"damage":0.0,"enemies":"Blue Slaver","floor":14.0,"turns":2.0},{"damage":35.0,"enemies":"Slime Boss","floor":16.0,"turns":10.0},{"damage":5.0,"enemies":"2 Thieves","floor":18.0,"turns":3.0},{"damage":0.0,"enemies":"Spheric Guardian","floor":20.0,"turns":1.0},{"damage":9.0,"enemies":"Snake Plant","floor":22.0,"turns":3.0},{"damage":6,"enemies":"Gremlin Leader","floor":23,"turns":5},{"damage":6,"enemies":"3 Cultists","floor":24,"turns":4},{"damage":18,"enemies":"Slavers","floor":27,"turns":6},{"damage":6,"enemies":"Chosen and Byrds","floor":28,"turns":4},{"damage":19,"enemies":"Gremlin Leader","floor":29,"turns":6},{"damage":31,"enemies":"Shelled Parasite and Fungi","floor":30,"turns":3},{"damage":7,"enemies":"Centurion and Healer","floor":31,"turns":4},{"damage":67,"enemies":"Automaton","floor":33,"turns":6}],"seed_played":"-6885543965133889930","potions_obtained":[{"floor":1.0,"key":"FearPotion"},{"floor":3.0,"key":"SmokeBomb"},{"floor":13.0,"key":"Dexterity Potion"},{"floor":18.0,"key":"PowerPotion"},{"floor":27,"key":"SteroidPotion"},{"floor":31,"key":"Strength Potion"}],"is_trial":false,"path_per_floor":["M","M","M","?","$","R","E","R","T","R","?","R","E","M","R","B",null,"M","?","M","$","M","E","M","R","T","E","M","E","M","M","R","B"],"character_chosen":"IRONCLAD","items_purchased":["Torii"],"campfire_rested":0,"item_purchase_floors":[21],"current_hp_per_floor":[76,82,82,57,57,57,45,45,45,45,41,41,42,51,51,25,68,72,72,81,81,81,82,82,82,92,83,86,76,54,56,56,0],"gold":296,"neow_bonus":"TEN_PERCENT_HP_BONUS","is_prod":false,"is_daily":false,"chose_seed":false,"campfire_upgraded":7,"win_rate":0,"timestamp":1543112153,"path_taken":["M","M","M","?","$","R","E","R","T","R","?","R","E","M","R","BOSS","M","?","M","$","?","E","M","R","T","E","M","E","M","M","R","BOSS"],"build_version":"2018-11-15","purchased_purges":0,"victory":false,"max_hp_per_floor":[82,82,82,82,82,82,82,82,82,82,82,82,82,82,82,82,82,82,82,82,82,82,82,82,82,92,92,92,92,92,92,92,92],"card_choices":[{"not_picked":["Combust","Warcry"],"picked":"Perfected Strike","floor":1.0},{"not_picked":["Thunderclap","True Grit"],"picked":"Flame Barrier","floor":2.0},{"not_picked":["Flame Barrier","Warcry"],"picked":"Armaments","floor":3.0},{"not_picked":["Anger","Heavy Blade"],"picked":"Pommel Strike","floor":7.0},{"not_picked":["Heavy Blade","Blood for Blood"],"picked":"Headbutt","floor":11.0},{"not_picked":["Warcry","Headbutt"],"picked":"Perfected Strike","floor":13.0},{"not_picked":["Sword Boomerang","Reckless Charge"],"picked":"Perfected Strike","floor":14.0},{"not_picked":["Fiend Fire","Double Tap"],"picked":"Offering","floor":16.0},{"not_picked":["Pommel Strike","Combust"],"picked":"Shrug It Off","floor":18.0},{"not_picked":["Clothesline","True Grit","Heavy Blade+1"],"picked":"SKIP","floor":20.0},{"not_picked":["Rupture","Shockwave"],"picked":"Warcry","floor":22.0},{"not_picked":["Flex","Armaments","Rupture+1"],"picked":"SKIP","floor":23},{"not_picked":["Twin Strike","Brutality","Armaments"],"picked":"SKIP","floor":24},{"not_picked":["Sentinel","Second Wind","Cleave+1"],"picked":"SKIP","floor":27},{"not_picked":["Entrench+1","Clash","Searing Blow"],"picked":"SKIP","floor":28},{"not_picked":["Combust","Havoc","Seeing Red"],"picked":"SKIP","floor":29},{"not_picked":["Combust","Barricade"],"picked":"Disarm","floor":30},{"not_picked":["Corruption","Combust+1"],"picked":"Pommel Strike","floor":31}],"player_experience":1669861,"relics_obtained":[{"floor":7.0,"key":"Anchor"},{"floor":9.0,"key":"Orichalcum"},{"floor":11.0,"key":"Magic Flower"},{"floor":13.0,"key":"Peace Pipe"},{"floor":23,"key":"Ornamental Fan"},{"floor":26,"key":"Pear"},{"floor":27,"key":"Ancient Tea Set"},{"floor":29,"key":"Sundial"}],"event_choices":[{"damage_healed":0.0,"max_hp_gain":0.0,"max_hp_loss":0.0,"gold_gain":0.0,"event_name":"Shining Light","player_choice":"Entered Light","floor":4.0,"gold_loss":0.0,"damage_taken":25.0,"cards_upgraded":["Flame Barrier","Strike_R"]},{"damage_healed":0.0,"max_hp_gain":0.0,"max_hp_loss":0.0,"gold_gain":0.0,"event_name":"Dead Adventurer","player_choice":"Searched \u00271\u0027 times","floor":11.0,"gold_loss":0.0,"damage_taken":0.0},{"damage_healed":0.0,"max_hp_gain":0.0,"max_hp_loss":0.0,"gold_gain":0.0,"event_name":"Lab","player_choice":"Got Potions","floor":19.0,"gold_loss":0.0,"damage_taken":0.0}],"is_beta":false,"boss_relics":[{"not_picked":["Lizard Tail","Orrery"],"picked":"Coffee Dripper"}],"items_purged_floors":[],"is_endless":false,"potions_floor_spawned":[1,3,13,14,16,18,20,27,28,30,31],"killed_by":"Automaton","ascension_level":15}