{"gold_per_floor":[114,114,114,128,53,78,90,135,147,159,9,22,22,38,38,115,115,128,128,128,28,328,360,97,156,156,191,209,209,209,238,238,313,313,324,335,348,348,362,397,432,462,462,493,522,573,573,4,4,4,4,4,4,4,31,31],"floor_reached":57,"playtime":2661,"items_purged":["Strike_R","Strike_R","Strike_R","Defend_R"],"score":3945,"play_id":"7274ba29-93d7-4c19-8bcf-150ee2601c12","local_time":"20181224173350","is_ascension_mode":true,"campfire_choices":[{"data":"Bash","floor":7.0,"key":"SMITH"},{"data":"Pommel Strike","floor":10.0,"key":"SMITH"},{"data":"Corruption","floor":13.0,"key":"SMITH"},{"data":"Dropkick","floor":15.0,"key":"SMITH"},{"data":"Evolve","floor":30.0,"key":"SMITH"},{"floor":32.0,"key":"DIG"},{"data":"Strike_R","floor":47.0,"key":"PURGE"},{"floor":49.0,"key":"RECALL"},{"data":"Defend_R","floor":53,"key":"PURGE"}],"neow_cost":"NONE","seed_source_timestamp":5552757166546,"circlet_count":0,"master_deck":["AscendersBane","Defend_R","Defend_R","Bash+1","Dropkick+1","Ghostly Armor","Pommel Strike+1","Corruption+1","Dropkick","Fiend Fire","Power Through+1","Shrug It Off","Evolve+1","Shockwave+1","Shrug It Off+1","Battle Trance+1"],"special_seed":0,"relics":["Burning Blood","NeowsBlessing","Shuriken","MawBank","Matryoshka","Lantern","Mummified Hand","PreservedInsect","Coffee Dripper","MutagenicStrength","Sundial","Old Coin","Charon\u0027s Ashes","Tiny Chest","Toxic Egg 2","Orichalcum","WingedGreaves","Shovel","Self Forming Clay","Runic Pyramid","Peace Pipe","Calipers","Frozen Egg 2","Thread and Needle","Paper Frog","Du-Vu Doll","Bottled Tornado","Anchor","Ornamental Fan"],"potions_floor_usage":[50],"damage_taken":[{"damage":0.0,"enemies":"2 Louse","floor":1.0,"turns":1.0},{"damage":0.0,"enemies":"Small Slimes","floor":4.0,"turns":1.0},{"damage":0.0,"enemies":"3 Sentries","floor":6.0,"turns":2.0},{"damage":15.0,"enemies":"Lagavulin","floor":8.0,"turns":5.0},{"damage":0.0,"enemies":"Cultist","floor":12.0,"turns":2.0},{"damage":0.0,"enemies":"3 Louse","floor":14.0,"turns":4.0},{"damage":30.0,"enemies":"Slime Boss","floor":16.0,"turns":9.0},{"damage":13.0,"enemies":"Chosen","floor":18.0,"turns":4.0},{"damage":55.0,"enemies":"Book of Stabbing","floor":23.0,"turns":5.0},{"damage":0.0,"enemies":"Gremlin Leader","floor":25.0,"turns":4.0},{"damage":0.0,"enemies":"Slavers","floor":27.0,"turns":2.0},{"damage":5.0,"enemies":"2 Thieves","floor":28.0,"turns":3.0},{"damage":0.0,"enemies":"Gremlin Leader","floor":31.0,"turns":3.0},{"damage":0.0,"enemies":"Champ","floor":33.0,"turns":4.0},{"damage":0.0,"enemies":"Orb Walker","floor":35.0,"turns":3.0},{"damage":19.0,"enemies":"3 Darklings","floor":36.0,"turns":4.0},{"damage":0.0,"enemies":"Maw","floor":37.0,"turns":3.0},{"damage":15.0,"enemies":"Writhing Mass","floor":39.0,"turns":3.0},{"damage":0.0,"enemies":"Giant Head","floor":40.0,"turns":4.0},{"damage":0.0,"enemies":"Nemesis","floor":41.0,"turns":3.0},{"damage":0.0,"enemies":"Giant Head","floor":42.0,"turns":2.0},{"damage":0.0,"enemies":"Nemesis","floor":44.0,"turns":3.0},{"damage":14.0,"enemies":"Reptomancer","floor":45.0,"turns":3.0},{"damage":0.0,"enemies":"2 Orb Walkers","floor":46.0,"turns":3.0},{"damage":0,"enemies":"Donu and Deca","floor":50,"turns":2},{"damage":0,"enemies":"Time Eater","floor":51,"turns":8},{"damage":0,"enemies":"Shield and Spear","floor":55,"turns":2},{"damage":44,"enemies":"The Heart","floor":56,"turns":6}],"seed_played":"-923772527965242807","potions_obtained":[{"floor":1.0,"key":"SkillPotion"},{"floor":14.0,"key":"LiquidBronze"},{"floor":27.0,"key":"LiquidBronze"},{"floor":28.0,"key":"GamblersBrew"},{"floor":35.0,"key":"LiquidBronze"},{"floor":39.0,"key":"Regen Potion"},{"floor":40.0,"key":"Swift Potion"},{"floor":42.0,"key":"SteroidPotion"},{"floor":46.0,"key":"Swift Potion"},{"floor":55,"key":"Regen Potion"}],"is_trial":false,"path_per_floor":["M","?","?","M","$","E","R","E","T","R","$","M","R","M","R","B",null,"M","?","?","$","T","E","$","E","T","E","M","T","R","E","E","R","B",null,"M","M","M","?","M","E","E","E","T","E","E","?","R","$","R","B","B",null,"R","$","E","B",null],"character_chosen":"IRONCLAD","items_purchased":["PreservedInsect","PowerPotion","Swift Potion","Shrug It Off","Bottled Tornado","Anchor"],"campfire_rested":0,"item_purchase_floors":[11,24,24,24,48,48],"current_hp_per_floor":[74,63,63,69,69,75,75,66,66,66,66,72,72,75,75,51,69,62,62,62,62,62,13,13,19,19,25,26,26,26,32,32,38,66,72,59,65,65,56,62,68,74,74,75,67,73,73,73,73,75,75,75,75,75,75,37],"gold":31,"neow_bonus":"THREE_ENEMY_KILL","is_prod":false,"is_daily":false,"chose_seed":false,"campfire_upgraded":5,"win_rate":0,"timestamp":1545644030,"path_taken":["M","?","?","?","$","E","R","E","T","R","$","M","R","M","R","BOSS","M","?","?","$","?","E","?","E","T","E","M","?","R","E","R","BOSS","M","M","M","?","M","E","E","E","T","E","E","?","R","$","R","BOSS","BOSS","R","$","E","BOSS"],"build_version":"2018-12-20","purchased_purges":4,"victory":true,"max_hp_per_floor":[75,75,75,75,75,75,75,75,75,75,75,75,75,75,75,75,75,75,75,75,75,75,75,75,75,75,75,75,75,75,75,75,75,75,75,75,75,75,75,75,75,75,75,75,75,75,75,75,75,75,75,75,75,75,75,75],"card_choices":[{"not_picked":["True Grit","Heavy Blade"],"picked":"Dropkick","floor":1.0},{"not_picked":["Clothesline","Rage"],"picked":"Pommel Strike","floor":4.0},{"not_picked":["Bludgeon","Armaments","Sever Soul"],"picked":"SKIP","floor":6.0},{"not_picked":["Sentinel","Armaments","Pommel Strike"],"picked":"SKIP","floor":8.0},{"not_picked":["True Grit","Burning Pact"],"picked":"Corruption","floor":12.0},{"not_picked":["Blood for Blood","Evolve"],"picked":"Dropkick","floor":14.0},{"not_picked":["Offering","Impervious"],"picked":"Fiend Fire","floor":16.0},{"not_picked":["Clothesline+1","Hemokinesis","Infernal Blade+1"],"picked":"SKIP","floor":18.0},{"not_picked":["Blood for Blood","Clothesline"],"picked":"Power Through+1","floor":23.0},{"not_picked":["Body Slam","Sever Soul"],"picked":"Evolve","floor":25.0},{"not_picked":["Fiend Fire","Pommel Strike","Hemokinesis"],"picked":"SKIP","floor":27.0},{"not_picked":["Blood for Blood","Twin Strike"],"picked":"Shockwave+1","floor":28.0},{"not_picked":["Rage+1","Thunderclap","Blood for Blood"],"picked":"SKIP","floor":31.0},{"not_picked":["Warcry+1","Pommel Strike"],"picked":"Shrug It Off+1","floor":35.0},{"not_picked":["Clash+1","True Grit+1","Uppercut+1"],"picked":"SKIP","floor":36.0},{"not_picked":["Combust","Twin Strike"],"picked":"Battle Trance+1","floor":37.0},{"not_picked":["Whirlwind","Rage+1","Searing Blow"],"picked":"SKIP","floor":39.0},{"not_picked":["Reckless Charge+1","Sword Boomerang","Havoc+1"],"picked":"SKIP","floor":40.0},{"not_picked":["Pommel Strike","Demon Form","Uppercut"],"picked":"SKIP","floor":41.0},{"not_picked":["Feel No Pain","Shrug It Off+1","Wild Strike"],"picked":"SKIP","floor":42.0},{"not_picked":["Thunderclap","Shrug It Off+1","Seeing Red+1"],"picked":"SKIP","floor":44.0},{"not_picked":["Combust+1","Blood for Blood","Demon Form+1"],"picked":"SKIP","floor":45.0},{"not_picked":["Berserk+1","Pommel Strike","Dropkick+1"],"picked":"SKIP","floor":55}],"player_experience":2433731,"relics_obtained":[{"floor":6.0,"key":"MawBank"},{"floor":8.0,"key":"Matryoshka"},{"floor":9.0,"key":"Lantern"},{"floor":9.0,"key":"Mummified Hand"},{"floor":22.0,"key":"Sundial"},{"floor":22.0,"key":"Old Coin"},{"floor":23.0,"key":"Charon\u0027s Ashes"},{"floor":25.0,"key":"Tiny Chest"},{"floor":26.0,"key":"Toxic Egg 2"},{"floor":27.0,"key":"Orichalcum"},{"floor":29.0,"key":"WingedGreaves"},{"floor":31.0,"key":"Shovel"},{"floor":32.0,"key":"Self Forming Clay"},{"floor":40.0,"key":"Peace Pipe"},{"floor":41.0,"key":"Calipers"},{"floor":42.0,"key":"Frozen Egg 2"},{"floor":44.0,"key":"Thread and Needle"},{"floor":45.0,"key":"Paper Frog"},{"floor":46.0,"key":"Du-Vu Doll"},{"floor":55,"key":"Ornamental Fan"}],"event_choices":[{"damage_healed":0.0,"max_hp_gain":0.0,"max_hp_loss":0.0,"gold_gain":0.0,"event_name":"Scrap Ooze","player_choice":"Success","floor":2.0,"gold_loss":0.0,"damage_taken":11.0,"relics_obtained":["Shuriken"]},{"damage_healed":0.0,"max_hp_gain":0.0,"max_hp_loss":0.0,"gold_gain":0.0,"cards_transformed":["Strike_R"],"event_name":"Transmorgrifier","player_choice":"Transformed","floor":3.0,"gold_loss":0.0,"damage_taken":0.0,"cards_obtained":["Ghostly Armor"]},{"damage_healed":0.0,"max_hp_gain":0.0,"max_hp_loss":0.0,"gold_gain":0.0,"event_name":"The Mausoleum","player_choice":"Ignored","floor":19.0,"gold_loss":0.0,"damage_taken":0.0},{"damage_healed":0.0,"max_hp_gain":0.0,"max_hp_loss":0.0,"gold_gain":0.0,"event_name":"Drug Dealer","player_choice":"Inject Mutagens","floor":20.0,"gold_loss":0.0,"damage_taken":0.0,"relics_obtained":["MutagenicStrength"]},{"damage_healed":0.0,"max_hp_gain":0.0,"max_hp_loss":0.0,"gold_gain":0.0,"event_name":"Tomb of Lord Red Mask","player_choice":"Ignored","floor":38.0,"gold_loss":0.0,"damage_taken":0.0},{"damage_healed":0.0,"max_hp_gain":0.0,"max_hp_loss":0.0,"gold_gain":0.0,"event_name":"Mysterious Sphere","player_choice":"Fight","floor":46.0,"gold_loss":0.0,"damage_taken":0.0}],"is_beta":false,"boss_relics":[{"not_picked":["Runic Dome","White Beast Statue"],"picked":"Coffee Dripper"},{"not_picked":["Cursed Key","Orrery"],"picked":"Runic Pyramid"}],"items_purged_floors":[5,21,24,48],"is_endless":false,"potions_floor_spawned":[1,14,27,28,35,39,40,41,42,46,55],"ascension_level":20}