{"gold_per_floor":[116,132,57,73,87,87,12,12,96,96,110,110,145,37,37,108,108,128,128,147,161,3,3,23,23,46,75,94,94,126,23,23,98,98,109,59,59,71,91,124,124,124,124,136,162,174,187,218,218,218,218],"floor_reached":52,"playtime":3562,"items_purged":["Strike_B","Strike_B","Defend_B","Defend_B","Defend_B"],"score":2239,"play_id":"bca91c56-acfc-48ed-8c6b-2f321f6d34f7","local_time":"20190222132241","is_ascension_mode":true,"campfire_choices":[{"data":"1","floor":6.0,"key":"LIFT"},{"floor":10.0,"key":"REST"},{"data":"2","floor":12.0,"key":"LIFT"},{"data":"3","floor":15.0,"key":"LIFT"},{"data":"Buffer","floor":23.0,"key":"SMITH"},{"data":"Beam Cell","floor":25.0,"key":"SMITH"},{"data":"White Noise","floor":29.0,"key":"SMITH"},{"data":"Coolheaded","floor":32.0,"key":"SMITH"},{"data":"Fission","floor":42.0,"key":"SMITH"},{"data":"Coolheaded","floor":49.0,"key":"SMITH"}],"neow_cost":"PERCENT_DAMAGE","seed_source_timestamp":323799943200,"circlet_count":0,"master_deck":["AscendersBane","Defend_B","Zap","Dualcast","White Noise+1","FTL","Undo","FTL","Rebound","Buffer+1","Beam Cell+1","Machine Learning","Barrage+1","Panacea","Chill","Glacier","Coolheaded+1","Fission+1","Go for the Eyes+1","Purity","Turbo+1","Coolheaded+1"],"special_seed":0,"relics":["Cracked Core","Girya","PreservedInsect","Tiny Chest","Smiling Mask","Eternal Feather","Dream Catcher","Boot","Ornamental Fan","Black Star","Ancient Tea Set","Pocketwatch","Symbiotic Virus","Turnip","Bronze Scales","Oddly Smooth Stone"],"potions_floor_usage":[51],"damage_taken":[{"damage":0.0,"enemies":"Small Slimes","floor":1.0,"turns":2.0},{"damage":10.0,"enemies":"2 Louse","floor":2.0,"turns":3.0},{"damage":7.0,"enemies":"Jaw Worm","floor":4.0,"turns":3.0},{"damage":0.0,"enemies":"2 Fungi Beasts","floor":5.0,"turns":3.0},{"damage":0.0,"enemies":"Gremlin Gang","floor":11.0,"turns":4.0},{"damage":0.0,"enemies":"3 Sentries","floor":13.0,"turns":4.0},{"damage":0.0,"enemies":"Slime Boss","floor":16.0,"turns":8.0},{"damage":0.0,"enemies":"Chosen","floor":18.0,"turns":5.0},{"damage":15.0,"enemies":"3 Byrds","floor":20.0,"turns":3.0},{"damage":0.0,"enemies":"Snecko","floor":21.0,"turns":5.0},{"damage":0.0,"enemies":"Centurion and Healer","floor":24.0,"turns":5.0},{"damage":0.0,"enemies":"Gremlin Leader","floor":27.0,"turns":4.0},{"damage":0.0,"enemies":"Sentry and Sphere","floor":28.0,"turns":5.0},{"damage":14.0,"enemies":"Slavers","floor":30.0,"turns":7.0},{"damage":0.0,"enemies":"Champ","floor":33.0,"turns":10.0},{"damage":7.0,"enemies":"Orb Walker","floor":35.0,"turns":4.0},{"damage":0.0,"enemies":"3 Darklings","floor":38.0,"turns":5.0},{"damage":13.0,"enemies":"4 Shapes","floor":39.0,"turns":13.0},{"damage":0.0,"enemies":"Giant Head","floor":40.0,"turns":5.0},{"damage":5.0,"enemies":"Transient","floor":44.0,"turns":6.0},{"damage":8.0,"enemies":"Nemesis","floor":45.0,"turns":6.0},{"damage":5.0,"enemies":"Maw","floor":46.0,"turns":7.0},{"damage":0.0,"enemies":"Spire Growth","floor":47.0,"turns":4.0},{"damage":21.0,"enemies":"Reptomancer","floor":48.0,"turns":8.0},{"damage":14.0,"enemies":"Awakened One","floor":50.0,"turns":14.0},{"damage":16,"enemies":"Donu and Deca","floor":51,"turns":13}],"seed_played":"2670255935868974316","potions_obtained":[{"floor":1.0,"key":"SkillPotion"},{"floor":5.0,"key":"Poison Potion"},{"floor":16.0,"key":"Block Potion"},{"floor":21.0,"key":"Block Potion"},{"floor":24.0,"key":"Explosive Potion"},{"floor":28.0,"key":"FocusPotion"},{"floor":38.0,"key":"Block Potion"},{"floor":39.0,"key":"FocusPotion"},{"floor":44.0,"key":"GamblersBrew"}],"is_trial":false,"path_per_floor":["M","M","?","M","M","R","$","?","T","R","M","R","E","$","R","B",null,"M","?","M","M","$","R","M","R","T","E","M","R","E","$","R","B",null,"M","$","?","M","M","E","?","R","T","M","E","M","M","E","R","B","B",null],"character_chosen":"DEFECT","items_purchased":["Beam Cell","Panacea","PowerPotion"],"campfire_rested":1,"item_purchase_floors":[14,22,31],"current_hp_per_floor":[46,36,36,29,29,29,29,11,11,32,32,32,32,32,32,32,61,61,61,46,46,46,55,55,64,64,64,64,71,57,57,66,66,70,63,63,63,63,50,50,50,62,62,57,49,44,44,23,35,21,5],"gold":218,"neow_bonus":"ONE_RARE_RELIC","is_prod":false,"is_daily":false,"chose_seed":false,"campfire_upgraded":6,"win_rate":0,"timestamp":1550812961,"path_taken":["M","M","?","M","M","R","$","?","T","R","M","R","E","?","R","BOSS","M","?","?","?","$","R","M","R","T","E","M","R","E","$","R","BOSS","M","$","?","?","M","E","?","R","T","M","E","M","M","E","R","BOSS","BOSS"],"build_version":"2019-01-23","purchased_purges":5,"victory":true,"max_hp_per_floor":[71,71,71,71,71,71,71,71,71,71,71,71,71,71,71,71,71,71,71,71,71,71,71,71,71,71,71,71,71,71,71,71,71,71,71,71,71,71,71,71,71,71,71,71,71,71,71,71,71,71,71],"card_choices":[{"not_picked":["Conserve Battery","Coolheaded"],"picked":"White Noise","floor":1.0},{"not_picked":["Stack","Static Discharge"],"picked":"FTL","floor":2.0},{"not_picked":["Static Discharge","Barrage"],"picked":"Undo","floor":4.0},{"not_picked":["Doom and Gloom","Go for the Eyes"],"picked":"FTL","floor":5.0},{"not_picked":["Loop","Rebound","Aggregate"],"picked":"SKIP","floor":11.0},{"not_picked":["Loop","Aggregate"],"picked":"Rebound","floor":11.0},{"not_picked":["Amplify","Force Field"],"picked":"Buffer","floor":13.0},{"not_picked":["Creative AI","Fission"],"picked":"Machine Learning","floor":16.0},{"not_picked":["Compile Driver+1","Go for the Eyes"],"picked":"Barrage+1","floor":18.0},{"not_picked":["Rebound","FTL","Blizzard"],"picked":"SKIP","floor":20.0},{"not_picked":["Streamline","Hologram","Chaos"],"picked":"SKIP","floor":21.0},{"not_picked":["Melter","Tempest"],"picked":"Chill","floor":24.0},{"not_picked":["Hello World","Fusion"],"picked":"Glacier","floor":27.0},{"not_picked":["Ball Lightning+1","Compile Driver","Rebound"],"picked":"SKIP","floor":28.0},{"not_picked":["Ball Lightning+1","Compile Driver","Rebound"],"picked":"SKIP","floor":28.0},{"not_picked":["Beam Cell","Redo"],"picked":"Coolheaded","floor":30.0},{"not_picked":["Machine Learning","Reboot"],"picked":"Fission","floor":33.0},{"not_picked":["Redo","Coolheaded+1","Gash"],"picked":"SKIP","floor":35.0},{"not_picked":["Sweeping Beam+1","Compile Driver","Leap"],"picked":"SKIP","floor":38.0},{"not_picked":["Genetic Algorithm","Rebound","Heatsinks"],"picked":"SKIP","floor":39.0},{"not_picked":["Beam Cell","Cold Snap"],"picked":"Go for the Eyes+1","floor":40.0},{"not_picked":["Jack Of All Trades","Bandage Up"],"picked":"Purity","floor":41.0},{"not_picked":["Stack","Turbo","Chill"],"picked":"SKIP","floor":44.0},{"not_picked":["Stack","Turbo","Chill"],"picked":"SKIP","floor":44.0},{"not_picked":["Sweeping Beam","Turbo","Auto Shields+1"],"picked":"SKIP","floor":45.0},{"not_picked":["Sweeping Beam","Turbo","Auto Shields+1"],"picked":"SKIP","floor":45.0},{"not_picked":["Sweeping Beam","Turbo","Auto Shields+1"],"picked":"SKIP","floor":45.0},{"not_picked":["Hyperbeam","Melter"],"picked":"Turbo+1","floor":46.0},{"not_picked":["Stack","Steam Power","Chaos"],"picked":"SKIP","floor":47.0},{"not_picked":["Compile Driver","Reinforced Body"],"picked":"Coolheaded","floor":48.0}],"player_experience":2651755,"relics_obtained":[{"floor":9.0,"key":"Tiny Chest"},{"floor":13.0,"key":"Smiling Mask"},{"floor":26.0,"key":"Dream Catcher"},{"floor":27.0,"key":"Boot"},{"floor":30.0,"key":"Ornamental Fan"},{"floor":40.0,"key":"Ancient Tea Set"},{"floor":40.0,"key":"Pocketwatch"},{"floor":45.0,"key":"Symbiotic Virus"},{"floor":45.0,"key":"Turnip"},{"floor":48.0,"key":"Bronze Scales"},{"floor":48.0,"key":"Oddly Smooth Stone"}],"event_choices":[{"cards_removed":["Strike_B"],"damage_healed":0.0,"max_hp_gain":0.0,"max_hp_loss":0.0,"gold_gain":0.0,"event_name":"The Cleric","player_choice":"Card Removal","floor":3.0,"gold_loss":75.0,"damage_taken":0.0},{"damage_healed":0.0,"max_hp_gain":0.0,"max_hp_loss":0.0,"gold_gain":0.0,"event_name":"Scrap Ooze","player_choice":"Success","floor":8.0,"gold_loss":0.0,"damage_taken":18.0,"relics_obtained":["PreservedInsect"]},{"cards_removed":["Strike_B"],"damage_healed":0.0,"max_hp_gain":0.0,"max_hp_loss":0.0,"gold_gain":0.0,"event_name":"Bonfire Elementals","player_choice":"Offered Basic","floor":19.0,"gold_loss":0.0,"damage_taken":0.0},{"damage_healed":0.0,"max_hp_gain":0.0,"max_hp_loss":0.0,"gold_gain":0.0,"event_name":"Match and Keep!","player_choice":"0 cards matched","floor":37.0,"gold_loss":0.0,"damage_taken":0.0,"cards_obtained":[]},{"damage_healed":0.0,"max_hp_gain":0.0,"max_hp_loss":0.0,"gold_gain":0.0,"event_name":"SensoryStone","player_choice":"Memory 1","floor":41.0,"gold_loss":0.0,"damage_taken":0.0}],"is_beta":false,"boss_relics":[{"not_picked":["Fusion Hammer","Snecko Eye"],"picked":"Eternal Feather"},{"not_picked":["Pandora\u0027s Box","Astrolabe"],"picked":"Black Star"}],"items_purged_floors":[7,14,22,31,36],"is_endless":false,"potions_floor_spawned":[1,5,16,21,24,28,38,39,44,46],"ascension_level":20}