{"gold_per_floor":[116,167,184,259,259,293,293,328,328,328,361,361,401,482,482,578,578,594,594,171,195,215,215,265,300,300,300,344,371,419,446,458,566,578,605,617,629,654,22,63,131,166,234,252,268,393,427,447,447,447,447,447,447,53,87,87],"floor_reached":57,"playtime":3557,"items_purged":["Pain","Strike_B"],"score":3548,"play_id":"893ace30-8bc2-4409-8b40-5fd2572de274","local_time":"20190121132119","is_ascension_mode":true,"campfire_choices":[{"data":"Beam Cell","floor":7.0,"key":"SMITH"},{"floor":10.0,"key":"REST"},{"data":"Rip and Tear","floor":15.0,"key":"SMITH"},{"floor":23.0,"key":"REST"},{"floor":27.0,"key":"REST"},{"data":"Hologram","floor":32.0,"key":"SMITH"},{"floor":49.0,"key":"RECALL"},{"floor":53.0,"key":"REST"}],"neow_cost":"TEN_PERCENT_HP_LOSS","seed_source_timestamp":1477645217935,"circlet_count":0,"master_deck":["AscendersBane","Strike_B","Strike_B","Strike_B+1","Defend_B","Defend_B","Defend_B","Defend_B","Zap","Dualcast","Beam Cell+1","Rip and Tear+1","Hyperbeam+1","Skim","Gash+1","Undo","All For One","Fusion+1","Purity","Hologram+1","BootSequence","Go for the Eyes","Madness","Madness","Reinforced Body","Good Instincts","Gash","Gash"],"special_seed":0,"relics":["Cracked Core","Ginger","Bag of Preparation","Golden Idol","Potion Belt","Thread and Needle","Mummified Hand","Kunai","Symbiotic Virus","Whetstone","Busted Crown","WarpedTongs","Omamori","Orichalcum","Shuriken","MawBank","FossilizedHelix","Fusion Hammer","Gremlin Horn","Sundial","Dead Branch","Ancient Tea Set","Torii","Toxic Egg 2","Unceasing Top","Centennial Puzzle"],"potions_floor_usage":[56],"damage_taken":[{"damage":1.0,"enemies":"Cultist","floor":1.0,"turns":3.0},{"damage":4.0,"enemies":"Small Slimes","floor":3.0,"turns":3.0},{"damage":30.0,"enemies":"Lagavulin","floor":6.0,"turns":7.0},{"damage":10.0,"enemies":"3 Sentries","floor":8.0,"turns":3.0},{"damage":16.0,"enemies":"Lagavulin","floor":11.0,"turns":4.0},{"damage":1.0,"enemies":"3 Sentries","floor":13.0,"turns":3.0},{"damage":1.0,"enemies":"Gremlin Nob","floor":14.0,"turns":3.0},{"damage":0.0,"enemies":"Slime Boss","floor":16.0,"turns":5.0},{"damage":10.0,"enemies":"3 Byrds","floor":18.0,"turns":3.0},{"damage":11.0,"enemies":"Shell Parasite","floor":21.0,"turns":2.0},{"damage":0.0,"enemies":"Cultist and Chosen","floor":22.0,"turns":3.0},{"damage":16.0,"enemies":"Slavers","floor":25.0,"turns":3.0},{"damage":14.0,"enemies":"Book of Stabbing","floor":28.0,"turns":4.0},{"damage":0.0,"enemies":"Snake Plant","floor":29.0,"turns":2.0},{"damage":0.0,"enemies":"Slavers","floor":30.0,"turns":3.0},{"damage":0.0,"enemies":"Shelled Parasite and Fungi","floor":31.0,"turns":1.0},{"damage":0.0,"enemies":"Champ","floor":33.0,"turns":8.0},{"damage":0.0,"enemies":"Orb Walker","floor":35.0,"turns":2.0},{"damage":0.0,"enemies":"3 Darklings","floor":38.0,"turns":2.0},{"damage":0.0,"enemies":"Reptomancer","floor":40.0,"turns":3.0},{"damage":0.0,"enemies":"2 Orb Walkers","floor":41.0,"turns":4.0},{"damage":0.0,"enemies":"Giant Head","floor":42.0,"turns":6.0},{"damage":0.0,"enemies":"Spire Growth","floor":44.0,"turns":4.0},{"damage":0.0,"enemies":"Maw","floor":45.0,"turns":4.0},{"damage":0.0,"enemies":"Mind Bloom Boss Battle","floor":46.0,"turns":4.0},{"damage":0.0,"enemies":"Reptomancer","floor":47.0,"turns":4.0},{"damage":9.0,"enemies":"Writhing Mass","floor":48.0,"turns":4.0},{"damage":0.0,"enemies":"Donu and Deca","floor":50.0,"turns":7.0},{"damage":0.0,"enemies":"Time Eater","floor":51.0,"turns":9.0},{"damage":0.0,"enemies":"Shield and Spear","floor":55.0,"turns":8.0},{"damage":26,"enemies":"The Heart","floor":56,"turns":9}],"seed_played":"2523927643165398566","potions_obtained":[{"floor":6.0,"key":"SteroidPotion"},{"floor":8.0,"key":"FocusPotion"},{"floor":13.0,"key":"Swift Potion"},{"floor":18.0,"key":"GamblersBrew"},{"floor":21.0,"key":"Dexterity Potion"},{"floor":28.0,"key":"Swift Potion"},{"floor":31.0,"key":"Ancient Potion"},{"floor":38.0,"key":"Fruit Juice"},{"floor":44.0,"key":"FairyPotion"}],"is_trial":false,"path_per_floor":["M","T","M","?","?","E","R","E","T","R","E","?","E","?","R","B",null,"M","?","$","M","M","R","?","E","T","R","E","M","E","M","R","B",null,"M","?","?","M","$","E","?","E","T","M","M","?","E","M","R","B","B",null,"R","$","E","B",null],"character_chosen":"DEFECT","items_purchased":["Strength Potion","Omamori","Purity","Hologram","Gremlin Horn","Good Instincts","Block Potion","Dexterity Potion","Gash","Unceasing Top","Block Potion"],"campfire_rested":4,"item_purchase_floors":[20,20,20,20,39,39,39,39,39,54,54],"current_hp_per_floor":[63,63,59,48,48,18,18,8,8,25,9,9,8,7,7,7,45,35,35,35,24,24,41,41,25,25,42,28,28,28,28,28,28,51,51,51,41,46,46,46,46,46,46,46,46,46,46,37,37,37,37,57,63,63,63,37],"gold":87,"neow_bonus":"ONE_RARE_RELIC","is_prod":false,"is_daily":false,"chose_seed":false,"campfire_upgraded":3,"win_rate":0,"timestamp":1548048079,"path_taken":["M","?","M","?","?","E","R","E","T","R","E","?","E","?","R","BOSS","M","?","$","M","?","R","?","E","T","R","E","M","E","M","R","BOSS","M","?","?","M","$","E","?","E","T","M","M","?","E","M","R","BOSS","BOSS","R","$","E","BOSS"],"build_version":"2019-01-17v2","purchased_purges":2,"victory":true,"max_hp_per_floor":[64,64,64,64,58,58,58,58,58,58,58,58,58,58,58,58,58,58,58,58,58,58,58,58,58,58,58,58,58,58,58,58,58,58,58,58,58,63,63,63,63,63,63,63,63,63,63,63,63,63,63,63,63,63,63,63],"card_choices":[{"not_picked":["Ball Lightning","Loop"],"picked":"Beam Cell","floor":1.0},{"not_picked":["Reinforced Body","Redo"],"picked":"Rip and Tear","floor":3.0},{"not_picked":["Capacitor","Ball Lightning"],"picked":"Hyperbeam","floor":6.0},{"not_picked":["Capacitor","Conserve Battery"],"picked":"Skim","floor":8.0},{"not_picked":["Coolheaded","Capacitor","Cold Snap"],"picked":"SKIP","floor":11.0},{"not_picked":["Coolheaded","Capacitor","Cold Snap"],"picked":"SKIP","floor":11.0},{"not_picked":["Turbo","Beam Cell"],"picked":"Gash","floor":13.0},{"not_picked":["Lockon","Stack"],"picked":"Undo","floor":14.0},{"not_picked":["Buffer","Electrodynamics"],"picked":"All For One","floor":16.0},{"not_picked":[],"picked":"Fusion+1","floor":18.0},{"not_picked":["Aggregate"],"picked":"SKIP","floor":21.0},{"not_picked":["Conserve Battery"],"picked":"SKIP","floor":22.0},{"not_picked":[],"picked":"BootSequence","floor":25.0},{"not_picked":["Streamline"],"picked":"SKIP","floor":28.0},{"not_picked":["Leap"],"picked":"SKIP","floor":29.0},{"not_picked":["Leap"],"picked":"SKIP","floor":29.0},{"not_picked":["Leap"],"picked":"SKIP","floor":30.0},{"not_picked":["Melter"],"picked":"SKIP","floor":31.0},{"not_picked":[],"picked":"Go for the Eyes","floor":35.0},{"not_picked":[],"picked":"Reinforced Body","floor":38.0},{"not_picked":["Fusion+1"],"picked":"SKIP","floor":40.0},{"not_picked":["Fusion+1"],"picked":"SKIP","floor":40.0},{"not_picked":["Streamline+1"],"picked":"SKIP","floor":42.0},{"not_picked":["Sweeping Beam+1"],"picked":"SKIP","floor":44.0},{"not_picked":["Beam Cell"],"picked":"SKIP","floor":45.0},{"not_picked":["Aggregate+1"],"picked":"SKIP","floor":47.0},{"not_picked":["Aggregate+1"],"picked":"SKIP","floor":47.0},{"not_picked":["Leap+1"],"picked":"SKIP","floor":48.0},{"not_picked":[],"picked":"Gash","floor":55.0}],"player_experience":2570226,"relics_obtained":[{"floor":2.0,"key":"Bag of Preparation"},{"floor":6.0,"key":"Potion Belt"},{"floor":8.0,"key":"Thread and Needle"},{"floor":9.0,"key":"Mummified Hand"},{"floor":11.0,"key":"Kunai"},{"floor":13.0,"key":"Symbiotic Virus"},{"floor":14.0,"key":"Whetstone"},{"floor":25.0,"key":"Orichalcum"},{"floor":26.0,"key":"Shuriken"},{"floor":28.0,"key":"MawBank"},{"floor":30.0,"key":"FossilizedHelix"},{"floor":40.0,"key":"Sundial"},{"floor":41.0,"key":"Dead Branch"},{"floor":42.0,"key":"Ancient Tea Set"},{"floor":46.0,"key":"Torii"},{"floor":47.0,"key":"Toxic Egg 2"},{"floor":55.0,"key":"Centennial Puzzle"}],"event_choices":[{"damage_healed":0.0,"max_hp_gain":0.0,"max_hp_loss":0.0,"gold_gain":75.0,"event_name":"World of Goop","player_choice":"Gather Gold","floor":4.0,"gold_loss":0.0,"damage_taken":11.0},{"damage_healed":0.0,"max_hp_gain":0.0,"max_hp_loss":6.0,"gold_gain":0.0,"event_name":"Golden Idol","player_choice":"Lose Max HP","floor":5.0,"gold_loss":0.0,"damage_taken":0.0,"relics_obtained":["Golden Idol"]},{"damage_healed":0.0,"max_hp_gain":0.0,"max_hp_loss":0.0,"gold_gain":0.0,"event_name":"Living Wall","player_choice":"Grow","floor":12.0,"gold_loss":0.0,"damage_taken":0.0,"cards_upgraded":["Hyperbeam"]},{"damage_healed":0.0,"max_hp_gain":0.0,"max_hp_loss":0.0,"gold_gain":0.0,"event_name":"Dead Adventurer","player_choice":"Searched \u00272\u0027 times","floor":14.0,"gold_loss":0.0,"damage_taken":0.0},{"damage_healed":0.0,"max_hp_gain":0.0,"max_hp_loss":0.0,"gold_gain":0.0,"event_name":"Accursed Blacksmith","player_choice":"Rummage","floor":19.0,"gold_loss":0.0,"damage_taken":0.0,"relics_obtained":["WarpedTongs"],"cards_obtained":["Pain"]},{"damage_healed":0.0,"max_hp_gain":0.0,"max_hp_loss":0.0,"gold_gain":50.0,"event_name":"Nest","player_choice":"Stole From Cult","floor":24.0,"gold_loss":0.0,"damage_taken":0.0},{"damage_healed":0.0,"max_hp_gain":0.0,"max_hp_loss":0.0,"gold_gain":0.0,"event_name":"SensoryStone","player_choice":"Memory 1","floor":36.0,"gold_loss":0.0,"damage_taken":0.0},{"damage_healed":0.0,"max_hp_gain":0.0,"max_hp_loss":0.0,"gold_gain":0.0,"event_name":"Winding Halls","player_choice":"Embrace Madness","floor":37.0,"gold_loss":0.0,"damage_taken":10.0,"cards_obtained":["Madness","Madness"]},{"damage_healed":0.0,"max_hp_gain":0.0,"max_hp_loss":0.0,"gold_gain":0.0,"event_name":"Mysterious Sphere","player_choice":"Fight","floor":41.0,"gold_loss":0.0,"damage_taken":0.0},{"damage_healed":0.0,"max_hp_gain":0.0,"max_hp_loss":0.0,"gold_gain":0.0,"event_name":"MindBloom","player_choice":"Fight","floor":46.0,"gold_loss":0.0,"damage_taken":0.0}],"is_beta":false,"boss_relics":[{"not_picked":["Eternal Feather","Orrery"],"picked":"Busted Crown"},{"not_picked":["Velvet Choker","FrozenCore"],"picked":"Fusion Hammer"}],"items_purged_floors":[20,39],"is_endless":false,"potions_floor_spawned":[6,8,13,18,21,28,31,38,41,44,47,48],"ascension_level":20}