{"gold_per_floor":[115,4,4,20,36,71,71,99,99,113,144,144,144,160,160,253,253,269,319,340,354,20,20,20,20,45,45,125,148,183,453,453,546,546,561,580,580],"floor_reached":37,"playtime":918,"items_purged":["Strike_R","Strike_R"],"score":914,"play_id":"08ace967-838e-474e-ad11-0739245e9efd","local_time":"20190415160424","is_ascension_mode":true,"campfire_choices":[{"floor":7.0,"key":"REST"},{"data":"Immolate","floor":13.0,"key":"SMITH"},{"data":"Shockwave","floor":15.0,"key":"SMITH"},{"data":"Immolate","floor":23.0,"key":"SMITH"},{"data":"Bludgeon","floor":25.0,"key":"SMITH"},{"floor":32.0,"key":"REST"}],"neow_cost":"NONE","seed_source_timestamp":10069205472200,"circlet_count":0,"master_deck":["AscendersBane","Strike_R","Strike_R","Strike_R","Defend_R","Defend_R","Defend_R","Defend_R","Bash","Wild Strike","Carnage+1","Immolate+1","Shockwave+1","Bludgeon+1","Headbutt","Immolate+1","Bloodletting+1","Clash"],"special_seed":0,"relics":["Burning Blood","Ancient Tea Set","Bag of Marbles","Smiling Mask","Golden Idol","Velvet Choker","Meat on the Bone","Pen Nib","Shuriken","Sundial","Mark of Pain"],"potions_floor_usage":[],"damage_taken":[{"damage":19.0,"enemies":"Jaw Worm","floor":1.0,"turns":4.0},{"damage":0.0,"enemies":"Cultist","floor":4.0,"turns":3.0},{"damage":10.0,"enemies":"2 Louse","floor":5.0,"turns":2.0},{"damage":55.0,"enemies":"3 Sentries","floor":6.0,"turns":11.0},{"damage":25.0,"enemies":"Lagavulin","floor":8.0,"turns":4.0},{"damage":0.0,"enemies":"Looter","floor":10.0,"turns":1.0},{"damage":6.0,"enemies":"Gremlin Nob","floor":11.0,"turns":3.0},{"damage":8.0,"enemies":"Blue Slaver","floor":14.0,"turns":3.0},{"damage":0.0,"enemies":"Slime Boss","floor":16.0,"turns":5.0},{"damage":0.0,"enemies":"Chosen","floor":18.0,"turns":2.0},{"damage":27.0,"enemies":"Spheric Guardian","floor":20.0,"turns":4.0},{"damage":0.0,"enemies":"Snake Plant","floor":21.0,"turns":2.0},{"damage":4.0,"enemies":"Centurion and Healer","floor":29.0,"turns":3.0},{"damage":24.0,"enemies":"Slavers","floor":30.0,"turns":2.0},{"damage":38.0,"enemies":"Automaton","floor":33.0,"turns":6.0},{"damage":11.0,"enemies":"Orb Walker","floor":35.0,"turns":2.0},{"damage":44.0,"enemies":"3 Darklings","floor":36.0,"turns":4.0},{"damage":61,"enemies":"Transient","floor":37,"turns":6}],"seed_played":"5031968458602511688","potions_obtained":[{"floor":4.0,"key":"Swift Potion"},{"floor":6.0,"key":"Explosive Potion"},{"floor":8.0,"key":"Poison Potion"},{"floor":14.0,"key":"SteroidPotion"},{"floor":21.0,"key":"AttackPotion"},{"floor":33.0,"key":"GamblersBrew"},{"floor":36.0,"key":"Dexterity Potion"}],"is_trial":false,"path_per_floor":["M","$","?","M","M","E","R","E","T","M","E","?","R","M","R","B",null,"M","?","M","M","$","R","$","R","T","?","T","M","E","?","R","B",null,"M","M","M"],"character_chosen":"IRONCLAD","items_purchased":["Carnage","Meat on the Bone"],"campfire_rested":2,"item_purchase_floors":[2,22],"current_hp_per_floor":[55,55,55,61,57,8,30,11,11,17,17,17,17,15,15,21,56,62,62,41,47,47,47,47,47,47,47,47,49,43,19,39,19,56,51,25,0],"gold":580,"neow_bonus":"RANDOM_COMMON_RELIC","is_prod":false,"is_daily":false,"chose_seed":false,"campfire_upgraded":4,"win_rate":0,"timestamp":1555315464,"path_taken":["M","$","?","M","M","E","R","E","T","?","E","?","R","M","R","BOSS","M","?","M","M","$","R","$","R","T","?","?","M","E","?","R","BOSS","M","M","?"],"build_version":"2019-01-23","purchased_purges":2,"victory":false,"max_hp_per_floor":[75,75,75,75,75,75,75,75,75,75,75,68,68,68,68,68,68,68,68,68,68,68,68,68,68,68,68,68,68,68,68,68,68,68,68,68,68],"card_choices":[{"not_picked":["True Grit","Havoc"],"picked":"Wild Strike","floor":1.0},{"not_picked":["Clash","Flame Barrier","Hemokinesis"],"picked":"SKIP","floor":4.0},{"not_picked":["Clash","Spot Weakness","Armaments"],"picked":"SKIP","floor":5.0},{"not_picked":["Shrug It Off","Blood for Blood","Thunderclap"],"picked":"SKIP","floor":6.0},{"not_picked":["Berserk","Havoc"],"picked":"Immolate","floor":8.0},{"not_picked":["Carnage","True Grit","Pommel Strike"],"picked":"SKIP","floor":10.0},{"not_picked":["Twin Strike","Pummel","Rampage"],"picked":"SKIP","floor":11.0},{"not_picked":["Warcry","Hemokinesis"],"picked":"Shockwave","floor":14.0},{"not_picked":["Dark Embrace","Exhume"],"picked":"Bludgeon","floor":16.0},{"not_picked":["Rage","Heavy Blade+1"],"picked":"Headbutt","floor":18.0},{"not_picked":["Perfected Strike","Dual Wield"],"picked":"Immolate","floor":20.0},{"not_picked":["Pommel Strike+1","Cleave"],"picked":"Bloodletting+1","floor":21.0},{"not_picked":["Warcry","Anger"],"picked":"Clash","floor":29.0},{"not_picked":["Armaments","Seeing Red","Sword Boomerang+1"],"picked":"SKIP","floor":30.0},{"not_picked":["Burning Pact","Inflame+1","Armaments+1"],"picked":"SKIP","floor":35.0},{"not_picked":["Anger","Shockwave","Havoc"],"picked":"SKIP","floor":36.0},{"not_picked":["Anger","Shockwave","Havoc"],"picked":"SKIP","floor":36.0}],"player_experience":2979646,"relics_obtained":[{"floor":6.0,"key":"Bag of Marbles"},{"floor":11.0,"key":"Smiling Mask"},{"floor":26.0,"key":"Pen Nib"},{"floor":28.0,"key":"Shuriken"},{"floor":30.0,"key":"Sundial"}],"event_choices":[{"damage_healed":0.0,"max_hp_gain":0.0,"max_hp_loss":0.0,"gold_gain":0.0,"event_name":"Accursed Blacksmith","player_choice":"Forge","floor":3.0,"gold_loss":0.0,"damage_taken":0.0,"cards_upgraded":["Carnage"]},{"damage_healed":0.0,"max_hp_gain":0.0,"max_hp_loss":7.0,"gold_gain":0.0,"event_name":"Golden Idol","player_choice":"Lose Max HP","floor":12.0,"gold_loss":0.0,"damage_taken":0.0,"relics_obtained":["Golden Idol"]},{"damage_healed":0.0,"max_hp_gain":0.0,"max_hp_loss":0.0,"gold_gain":50.0,"event_name":"Nest","player_choice":"Stole From Cult","floor":19.0,"gold_loss":0.0,"damage_taken":0.0},{"damage_healed":0.0,"max_hp_gain":0.0,"max_hp_loss":0.0,"gold_gain":270.0,"event_name":"Knowing Skull","player_choice":"GOLD GOLD GOLD ","floor":31.0,"potions_obtained":[],"gold_loss":0.0,"damage_taken":24.0,"cards_obtained":[]}],"is_beta":false,"boss_relics":[{"not_picked":["White Beast Statue","Pandora\u0027s Box"],"picked":"Velvet Choker"},{"not_picked":["Black Blood","Tiny House"],"picked":"Mark of Pain"}],"items_purged_floors":[2,22],"is_endless":false,"potions_floor_spawned":[4,6,8,14,21,33,36],"killed_by":"Transient","ascension_level":20}