{"gold_per_floor":[119,119,119,134,145,145,176,192,192,205,205,237,166,191,203,294,306,335,363,650,166,185,185,185],"floor_reached":24,"playtime":1284,"items_purged":["Regret"],"score":482,"play_id":"145b9f35-f2e4-4562-89d5-b2a7b5a6e7b1","local_time":"20190306134051","is_ascension_mode":true,"campfire_choices":[{"data":"Bash","floor":6,"key":"SMITH"},{"floor":11,"key":"REST"},{"data":"Armaments","floor":15,"key":"SMITH"},{"data":"Fiend Fire","floor":23,"key":"SMITH"}],"neow_cost":"NONE","seed_source_timestamp":3212089133929100,"circlet_count":0,"master_deck":["AscendersBane","Strike_R","Defend_R","Defend_R","Defend_R","Defend_R","Bash+1","Iron Wave","Cleave","Flame Barrier","Spot Weakness","Anger","Armaments+1","Fiend Fire+1","Cleave+1","Brutality+1","Immolate+1","Infernal Blade","Flame Barrier","Corruption","Shrug It Off","Feed","Warcry+1"],"relics":["Burning Blood","Happy Flower","Gremlin Horn","Mercury Hourglass","Paper Frog","Kunai","MawBank","Astrolabe","Bag of Marbles"],"potions_floor_usage":[12,16,24,24],"damage_taken":[{"damage":5,"enemies":"2 Louse","floor":1,"turns":3},{"damage":4,"enemies":"Small Slimes","floor":4,"turns":3},{"damage":2,"enemies":"Jaw Worm","floor":5,"turns":5},{"damage":42,"enemies":"Lagavulin","floor":7,"turns":7},{"damage":1,"enemies":"Lots of Slimes","floor":8,"turns":2},{"damage":8,"enemies":"Large Slime","floor":10,"turns":4},{"damage":0,"enemies":"3 Sentries","floor":12,"turns":5},{"damage":21,"enemies":"Lagavulin","floor":14,"turns":5},{"damage":12,"enemies":"Hexaghost","floor":16,"turns":9},{"damage":2,"enemies":"Chosen","floor":18,"turns":3},{"damage":18,"enemies":"2 Thieves","floor":19,"turns":2},{"damage":10,"enemies":"Centurion and Healer","floor":22,"turns":2},{"damage":68,"enemies":"Gremlin Leader","floor":24,"turns":4}],"seed_played":"-5526471708045135841","potions_obtained":[{"floor":4,"key":"Explosive Potion"},{"floor":10,"key":"Block Potion"},{"floor":14,"key":"SpeedPotion"},{"floor":16,"key":"PowerPotion"}],"is_trial":false,"path_per_floor":["M","?","?","M","M","R","E","M","T","M","R","E","?","E","R","B",null,"M","M","?","$","M","R","E"],"character_chosen":"IRONCLAD","items_purchased":["Corruption","Shrug It Off","Feed","Bag of Marbles"],"campfire_rested":1,"item_purchase_floors":[21,21,21,21],"current_hp_per_floor":[69,62,44,46,50,50,14,19,19,17,39,45,45,30,30,24,62,66,54,54,54,53,53,0],"gold":185,"neow_bonus":"RANDOM_COMMON_RELIC","is_prod":false,"is_daily":false,"chose_seed":false,"campfire_upgraded":3,"win_rate":0,"timestamp":1551879651,"path_taken":["M","?","?","M","M","R","E","M","T","M","R","E","?","E","R","BOSS","M","M","?","$","?","R","E"],"build_version":"2019-01-23","purchased_purges":1,"victory":false,"max_hp_per_floor":[75,75,75,75,75,75,75,75,75,75,75,75,75,75,75,75,75,75,75,75,75,78,78,78],"card_choices":[{"not_picked":["Cleave","True Grit"],"picked":"Iron Wave","floor":1},{"not_picked":["Flex","Thunderclap"],"picked":"Cleave","floor":4},{"not_picked":["Clash","Pummel","Perfected Strike"],"picked":"SKIP","floor":5},{"not_picked":["Entrench","Second Wind"],"picked":"Flame Barrier","floor":7},{"not_picked":["Inflame","Iron Wave"],"picked":"Spot Weakness","floor":8},{"not_picked":["Sentinel","Iron Wave","Flex"],"picked":"SKIP","floor":10},{"not_picked":["Rupture","Flex"],"picked":"Anger","floor":12},{"not_picked":["Corruption","Immolate"],"picked":"Armaments","floor":14},{"not_picked":["Double Tap","Berserk"],"picked":"Fiend Fire","floor":16},{"not_picked":["Clothesline","Whirlwind"],"picked":"Infernal Blade","floor":18},{"not_picked":["Cleave","Iron Wave"],"picked":"Flame Barrier","floor":19},{"not_picked":["Immolate","Armaments"],"picked":"Warcry+1","floor":22}],"player_experience":2238916,"relics_obtained":[{"floor":7,"key":"Mercury Hourglass"},{"floor":9,"key":"Paper Frog"},{"floor":12,"key":"Kunai"},{"floor":14,"key":"MawBank"}],"event_choices":[{"cards_removed":["Strike_R"],"damage_healed":0,"gold_gain":0,"player_choice":"Card Removal","damage_taken":7,"max_hp_gain":0,"max_hp_loss":0,"event_name":"Golden Wing","floor":2,"gold_loss":0},{"damage_healed":0,"gold_gain":0,"player_choice":"Success","damage_taken":18,"relics_obtained":["Gremlin Horn"],"max_hp_gain":0,"max_hp_loss":0,"event_name":"Scrap Ooze","floor":3,"gold_loss":0},{"damage_healed":0,"gold_gain":0,"player_choice":"Left Gold","damage_taken":0,"max_hp_gain":0,"max_hp_loss":0,"event_name":"World of Goop","floor":13,"gold_loss":71},{"damage_healed":0,"gold_gain":275,"player_choice":"Desecrate","damage_taken":0,"max_hp_gain":0,"max_hp_loss":0,"event_name":"Golden Shrine","floor":20,"gold_loss":0,"cards_obtained":["Regret"]}],"is_beta":false,"boss_relics":[{"not_picked":["Cursed Key","Runic Dome"],"picked":"Astrolabe"}],"items_purged_floors":[21],"is_endless":false,"potions_floor_spawned":[4,10,14,16,18],"killed_by":"Gremlin Leader","ascension_level":20}