{"gold_per_floor":[112,112,112,128,128,128,13,32,32,32,55,99,122,160,160,256,256,275,275,325,349,387,387,418,437,461,485,485,8,8,32,32,128,128,152,202,225,246,261,294,294,7,33,33,49,85,85,118,118,118,118,118,118,38,72,72],"floor_reached":57,"playtime":2837,"items_purged":["Pain","Strike_R","Strike_R+1"],"score":3411,"play_id":"8cab320a-abfc-458c-b441-abfe702b1823","local_time":"20190331123030","is_ascension_mode":true,"campfire_choices":[{"floor":6.0,"key":"REST"},{"floor":10.0,"key":"REST"},{"data":"Evolve","floor":15.0,"key":"SMITH"},{"data":"Dark Embrace","floor":23.0,"key":"SMITH"},{"data":"Rampage","floor":28.0,"key":"SMITH"},{"data":"Shrug It Off","floor":30.0,"key":"SMITH"},{"floor":32.0,"key":"RECALL"},{"data":"Body Slam","floor":47,"key":"SMITH"},{"data":"Reaper","floor":49,"key":"SMITH"},{"data":"Defend_R","floor":53,"key":"SMITH"}],"neow_cost":"TEN_PERCENT_HP_LOSS","seed_source_timestamp":1028115330400,"circlet_count":0,"master_deck":["AscendersBane","Defend_R","Defend_R","Defend_R+1","Bash+1","Carnage+1","Shrug It Off+1","Evolve+1","Power Through+1","Feed+1","Rampage+1","Double Tap+1","Dark Embrace+1","Whirlwind+1","Burning Pact+1","Warcry+1","Impervious+1","Reaper+1","Offering+1","Second Wind+1","Body Slam+1","Entrench+1","Feel No Pain"],"special_seed":0,"relics":["Burning Blood","WarpedTongs","Golden Idol","Dream Catcher","Bag of Marbles","Lantern","War Paint","Coffee Dripper","Red Mask","Bag of Preparation","Toxic Egg 2","Sozu","Pantograph","Whetstone","Gremlin Horn","Pen Nib","Champion Belt"],"potions_floor_usage":[40],"damage_taken":[{"damage":43.0,"enemies":"Jaw Worm","floor":1.0,"turns":7.0},{"damage":4.0,"enemies":"Cultist","floor":4.0,"turns":3.0},{"damage":6.0,"enemies":"2 Louse","floor":8.0,"turns":4.0},{"damage":7.0,"enemies":"Lagavulin","floor":12.0,"turns":6.0},{"damage":0.0,"enemies":"Blue Slaver","floor":13.0,"turns":2.0},{"damage":28.0,"enemies":"Gremlin Nob","floor":14.0,"turns":4.0},{"damage":28.0,"enemies":"The Guardian","floor":16.0,"turns":11.0},{"damage":9.0,"enemies":"Chosen","floor":18.0,"turns":6.0},{"damage":22.0,"enemies":"Spheric Guardian","floor":21.0,"turns":5.0},{"damage":7.0,"enemies":"Masked Bandits","floor":22.0,"turns":4.0},{"damage":29.0,"enemies":"Book of Stabbing","floor":24.0,"turns":5.0},{"damage":0.0,"enemies":"Cultist and Chosen","floor":25.0,"turns":8.0},{"damage":14.0,"enemies":"Shelled Parasite and Fungi","floor":27.0,"turns":5.0},{"damage":1.0,"enemies":"Snake Plant","floor":31.0,"turns":4.0},{"damage":0.0,"enemies":"Champ","floor":33.0,"turns":11.0},{"damage":1.0,"enemies":"Orb Walker","floor":35.0,"turns":2.0},{"damage":0.0,"enemies":"3 Shapes","floor":37.0,"turns":4.0},{"damage":27.0,"enemies":"Transient","floor":38.0,"turns":6.0},{"damage":0.0,"enemies":"Jaw Worm Horde","floor":39.0,"turns":4.0},{"damage":35,"enemies":"Reptomancer","floor":40,"turns":7},{"damage":6,"enemies":"4 Shapes","floor":45,"turns":4},{"damage":6,"enemies":"Giant Head","floor":46,"turns":6},{"damage":6,"enemies":"Reptomancer","floor":48,"turns":4},{"damage":6,"enemies":"Awakened One","floor":50,"turns":6},{"damage":6,"enemies":"Time Eater","floor":51,"turns":13},{"damage":6,"enemies":"Shield and Spear","floor":55,"turns":4},{"damage":63,"enemies":"The Heart","floor":56,"turns":8}],"seed_played":"887509631981041412","potions_obtained":[{"floor":8.0,"key":"Weak Potion"},{"floor":12.0,"key":"FearPotion"},{"floor":16.0,"key":"Dexterity Potion"},{"floor":21.0,"key":"SteroidPotion"},{"floor":24.0,"key":"Fire Potion"},{"floor":25.0,"key":"LiquidBronze"}],"is_trial":false,"path_per_floor":["M","?","?","M","?","R","$","M","T","R","T","E","M","E","R","B",null,"M","?","?","M","?","R","E","M","T","M","R","$","R","M","R","B",null,"M","?","M","M","M","E","?","$","T","$","M","E","R","E","R","B","B",null,"R","$","E","B",null],"character_chosen":"IRONCLAD","items_purchased":["Evolve","Toxic Egg 2","Burning Pact+1","SkillPotion","Offering+1","Feel No Pain"],"campfire_rested":2,"item_purchase_floors":[7,29,29,29,42,54],"current_hp_per_floor":[31,11,11,13,13,31,31,31,31,49,49,51,57,35,35,17,56,57,57,57,41,43,43,24,33,33,28,28,28,28,37,37,43,78,83,74,83,62,71,42,42,42,42,42,70,83,83,108,108,108,108,108,108,108,112,55],"gold":72,"neow_bonus":"REMOVE_TWO","is_prod":false,"is_daily":false,"chose_seed":false,"campfire_upgraded":7,"win_rate":0,"timestamp":1554006630,"path_taken":["M","?","?","?","?","R","$","M","T","R","?","E","M","E","R","BOSS","M","?","?","?","?","R","E","M","T","M","R","$","R","M","R","BOSS","M","?","?","M","M","E","?","$","T","?","M","E","R","E","R","BOSS","BOSS","R","$","E","BOSS"],"build_version":"2019-01-23","purchased_purges":3,"victory":true,"max_hp_per_floor":[68,68,68,68,62,62,62,62,62,62,62,65,65,65,65,69,69,73,73,73,73,76,76,80,83,83,86,86,86,86,90,90,90,90,90,90,93,93,96,96,96,96,96,96,100,104,104,108,108,108,108,108,108,108,112,112],"card_choices":[{"not_picked":["Shrug It Off","Warcry"],"picked":"Carnage","floor":1.0},{"not_picked":["Perfected Strike","Armaments"],"picked":"Shrug It Off","floor":4.0},{"not_picked":["Corruption","Fire Breathing"],"picked":"Power Through","floor":8.0},{"not_picked":["Perfected Strike","Rampage"],"picked":"Feed","floor":10.0},{"not_picked":["Perfected Strike","Blood for Blood","Headbutt"],"picked":"SKIP","floor":12.0},{"not_picked":["True Grit","Whirlwind"],"picked":"Rampage","floor":13.0},{"not_picked":["Iron Wave","Inflame"],"picked":"Double Tap","floor":14.0},{"not_picked":["Double Tap","Berserk"],"picked":"Dark Embrace","floor":16.0},{"not_picked":["Flex","Shrug It Off","Rupture"],"picked":"SKIP","floor":18.0},{"not_picked":["Flame Barrier","Clash","Carnage"],"picked":"SKIP","floor":21.0},{"not_picked":["Rage","Havoc","Heavy Blade"],"picked":"SKIP","floor":24.0},{"not_picked":["Clothesline","Perfected Strike","Warcry"],"picked":"SKIP","floor":25.0},{"not_picked":["Clash","Pommel Strike","Whirlwind+1"],"picked":"SKIP","floor":27.0},{"not_picked":["Clash","Pommel Strike"],"picked":"Whirlwind+1","floor":27.0},{"not_picked":["Anger","Pommel Strike+1"],"picked":"Warcry+1","floor":31.0},{"not_picked":["Bludgeon","Reaper"],"picked":"Impervious+1","floor":33.0},{"not_picked":["Armaments+1","Pommel Strike","Sever Soul"],"picked":"SKIP","floor":35.0},{"not_picked":["Clothesline","Iron Wave","Combust+1"],"picked":"SKIP","floor":37.0},{"not_picked":["Bloodletting+1","Shrug It Off+1","Perfected Strike"],"picked":"SKIP","floor":38.0},{"not_picked":["Rampage","Havoc+1","Evolve"],"picked":"SKIP","floor":39.0},{"not_picked":["Spot Weakness+1","Havoc+1"],"picked":"Reaper","floor":40},{"not_picked":["Headbutt+1","Seeing Red+1"],"picked":"Second Wind+1","floor":45},{"not_picked":["Flame Barrier+1","Clash+1"],"picked":"Body Slam","floor":46},{"not_picked":["Dual Wield+1","Shrug It Off+1"],"picked":"Entrench+1","floor":48},{"not_picked":["Second Wind+1","Ghostly Armor+1","Whirlwind"],"picked":"SKIP","floor":55}],"player_experience":2909772,"relics_obtained":[{"floor":9.0,"key":"Dream Catcher"},{"floor":11.0,"key":"Bag of Marbles"},{"floor":12.0,"key":"Lantern"},{"floor":14.0,"key":"War Paint"},{"floor":22.0,"key":"Red Mask"},{"floor":24.0,"key":"Bag of Preparation"},{"floor":40,"key":"Pantograph"},{"floor":43,"key":"Whetstone"},{"floor":46,"key":"Gremlin Horn"},{"floor":48,"key":"Pen Nib"},{"floor":55,"key":"Champion Belt"}],"event_choices":[{"damage_healed":0.0,"max_hp_gain":0.0,"max_hp_loss":0.0,"gold_gain":0.0,"event_name":"Shining Light","player_choice":"Entered Light","floor":2.0,"gold_loss":0.0,"damage_taken":20.0,"cards_upgraded":["Carnage","Strike_R"]},{"damage_healed":0.0,"max_hp_gain":0.0,"max_hp_loss":0.0,"gold_gain":0.0,"event_name":"Accursed Blacksmith","player_choice":"Rummage","floor":3.0,"gold_loss":0.0,"damage_taken":0.0,"relics_obtained":["WarpedTongs"],"cards_obtained":["Pain"]},{"damage_healed":0.0,"max_hp_gain":0.0,"max_hp_loss":6.0,"gold_gain":0.0,"event_name":"Golden Idol","player_choice":"Lose Max HP","floor":5.0,"gold_loss":0.0,"damage_taken":0.0,"relics_obtained":["Golden Idol"]},{"cards_removed":["Strike_R"],"damage_healed":0.0,"max_hp_gain":0.0,"max_hp_loss":0.0,"gold_gain":0.0,"event_name":"Back to Basics","player_choice":"Elegance","floor":19.0,"gold_loss":0.0,"damage_taken":0.0},{"damage_healed":0.0,"max_hp_gain":0.0,"max_hp_loss":0.0,"gold_gain":100.0,"event_name":"The Joust","player_choice":"Bet on Murderer","floor":20.0,"gold_loss":50.0,"damage_taken":0.0},{"damage_healed":0.0,"max_hp_gain":0.0,"max_hp_loss":0.0,"gold_gain":0.0,"event_name":"Masked Bandits","player_choice":"Fought Bandits","floor":22.0,"gold_loss":0.0,"damage_taken":0.0},{"damage_healed":0.0,"max_hp_gain":0.0,"max_hp_loss":0.0,"gold_gain":50.0,"event_name":"FaceTrader","player_choice":"Touch","floor":36.0,"gold_loss":0.0,"damage_taken":9.0},{"cards_removed":["Defend_R"],"damage_healed":0,"gold_gain":0,"player_choice":"Removed Skill","damage_taken":0,"max_hp_gain":0,"max_hp_loss":0,"event_name":"Falling","floor":41,"gold_loss":0}],"is_beta":false,"boss_relics":[{"not_picked":["Cursed Key","Runic Pyramid"],"picked":"Coffee Dripper"},{"not_picked":["Busted Crown","Runic Cube"],"picked":"Sozu"}],"items_purged_floors":[7,29,42],"is_endless":false,"potions_floor_spawned":[8,12,16,21,24,25,37,39,40,48],"ascension_level":20}