{"gold_per_floor":[110,110,35,45,62,89,99,174,256,283,283,255,320,335,335,411,411,331,331,2,2,2,2,2,2,2,2,2,2,2,2,2,2,2,2,2,2,2,2,2,2,2,2,2],"floor_reached":44,"playtime":4850,"items_purged":["Pain"],"score":996,"play_id":"4a0cd893-3842-4621-98f9-52f9a075f663","local_time":"20190114171434","is_ascension_mode":true,"campfire_choices":[{"floor":11.0,"key":"REST"},{"floor":15.0,"key":"REST"},{"floor":23,"key":"REST"},{"floor":30,"key":"REST"},{"data":"Defragment","floor":32,"key":"SMITH"},{"floor":41,"key":"REST"}],"neow_cost":"NONE","seed_source_timestamp":337266447588886,"circlet_count":0,"master_deck":["AscendersBane","Strike_B","Strike_B","Strike_B","Strike_B","Defend_B","Defend_B","Defend_B","Defend_B","Zap","Dualcast","Reinforced Body","Genetic Algorithm","Sunder","Defragment+1","Recycle","FTL","Glacier","Echo Form","Biased Cognition","Glacier","Self Repair","Genetic Algorithm","Go for the Eyes+1","Seek","Glacier"],"special_seed":0,"relics":["Cracked Core","NeowsBlessing","WarpedTongs","Ginger","Gremlin Horn","Dream Catcher","Tiny Chest","Ectoplasm","DataDisk","Anchor","Smiling Mask","Centennial Puzzle","Bag of Preparation","Black Star","Ice Cream","Letter Opener","Strawberry","Ancient Tea Set"],"potions_floor_usage":[27,29,37],"damage_taken":[{"damage":0.0,"enemies":"Jaw Worm","floor":1.0,"turns":1.0},{"damage":0.0,"enemies":"Cultist","floor":4.0,"turns":1.0},{"damage":0.0,"enemies":"Small Slimes","floor":5.0,"turns":1.0},{"damage":26.0,"enemies":"Lagavulin","floor":6.0,"turns":7.0},{"damage":10.0,"enemies":"3 Louse","floor":7.0,"turns":2.0},{"damage":11.0,"enemies":"3 Sentries","floor":10.0,"turns":6.0},{"damage":3.0,"enemies":"Exordium Thugs","floor":12.0,"turns":4.0},{"damage":2.0,"enemies":"Gremlin Nob","floor":13.0,"turns":3.0},{"damage":0.0,"enemies":"2 Fungi Beasts","floor":14.0,"turns":3.0},{"damage":16,"enemies":"The Guardian","floor":16,"turns":14},{"damage":17,"enemies":"2 Thieves","floor":18,"turns":4},{"damage":8,"enemies":"Shell Parasite","floor":19,"turns":6},{"damage":0,"enemies":"Centurion and Healer","floor":21,"turns":10},{"damage":0,"enemies":"Snecko","floor":25,"turns":6},{"damage":4,"enemies":"Gremlin Leader","floor":27,"turns":9},{"damage":19,"enemies":"Chosen and Byrds","floor":28,"turns":12},{"damage":38,"enemies":"Book of Stabbing","floor":29,"turns":5},{"damage":29,"enemies":"Automaton","floor":33,"turns":16},{"damage":0,"enemies":"3 Shapes","floor":35,"turns":8},{"damage":2,"enemies":"Orb Walker","floor":36,"turns":4},{"damage":24,"enemies":"2 Orb Walkers","floor":37,"turns":5},{"damage":32,"enemies":"Giant Head","floor":40,"turns":19},{"damage":0,"enemies":"Writhing Mass","floor":42,"turns":12},{"damage":98,"enemies":"Nemesis","floor":44,"turns":26}],"seed_played":"5202800471272493399","potions_obtained":[{"floor":1.0,"key":"Dexterity Potion"},{"floor":6.0,"key":"FocusPotion"},{"floor":10.0,"key":"Poison Potion"},{"floor":14.0,"key":"Ancient Potion"},{"floor":19,"key":"Explosive Potion"},{"floor":28,"key":"Strength Potion"},{"floor":29,"key":"Weak Potion"},{"floor":35,"key":"SpeedPotion"},{"floor":37,"key":"Energy Potion"}],"is_trial":false,"path_per_floor":["M","?","$","M","M","E","M","?","T","E","R","M","E","M","R","B",null,"M","M","$","M","?","R","$","M","T","E","M","E","R","?","R","B",null,"M","M","?","?","$","E","R","M","T","E"],"character_chosen":"DEFECT","items_purchased":["DataDisk","Anchor"],"campfire_rested":5,"item_purchase_floors":[20,20],"current_hp_per_floor":[64,64,64,64,64,38,28,17,17,6,27,24,22,22,43,27,60,43,35,35,35,35,56,56,56,56,66,67,29,50,50,50,28,60,67,71,54,47,47,36,59,78,78,0],"gold":2,"neow_bonus":"THREE_ENEMY_KILL","is_prod":false,"is_daily":false,"chose_seed":false,"campfire_upgraded":1,"win_rate":0,"timestamp":1547504074,"path_taken":["M","?","$","?","?","E","M","?","T","E","R","M","E","M","R","BOSS","M","M","$","M","?","R","?","?","T","E","M","E","R","?","R","BOSS","M","?","?","?","$","E","R","M","T","E"],"build_version":"2019-01-10","purchased_purges":1,"victory":false,"max_hp_per_floor":[71,71,71,71,71,71,71,71,71,71,71,71,71,71,71,71,71,71,71,71,71,71,71,71,71,71,71,71,71,71,71,71,71,71,71,71,71,71,71,78,78,78,78,78],"card_choices":[{"not_picked":["Hologram","Redo"],"picked":"Reinforced Body","floor":1.0},{"not_picked":["Hologram","Conserve Battery"],"picked":"Genetic Algorithm","floor":4.0},{"not_picked":["Scrape","Go for the Eyes"],"picked":"Sunder","floor":5.0},{"not_picked":["Go for the Eyes","Multi-Cast"],"picked":"Defragment","floor":6.0},{"not_picked":["Go for the Eyes","Lockon"],"picked":"Recycle","floor":7.0},{"not_picked":["Auto Shields","Beam Cell"],"picked":"FTL","floor":11.0},{"not_picked":["Compile Driver","Aggregate"],"picked":"Glacier","floor":12.0},{"not_picked":["Steam","Compile Driver","Loop"],"picked":"SKIP","floor":13.0},{"not_picked":["Conserve Battery","Blizzard"],"picked":"Echo Form","floor":14.0},{"not_picked":["Reboot","Core Surge"],"picked":"Biased Cognition","floor":16},{"not_picked":["Beam Cell","Gash","Compile Driver"],"picked":"SKIP","floor":18},{"not_picked":["Auto Shields","FTL","Streamline"],"picked":"SKIP","floor":19},{"not_picked":["Streamline","Barrage"],"picked":"Glacier","floor":21},{"not_picked":["Redo","Sweeping Beam"],"picked":"Self Repair","floor":25},{"not_picked":["Turbo+1","Self Repair","Meteor Strike"],"picked":"SKIP","floor":27},{"not_picked":["Steam","Streamline"],"picked":"Genetic Algorithm","floor":28},{"not_picked":["Skim","Turbo"],"picked":"Go for the Eyes+1","floor":29},{"not_picked":["Hyperbeam","Biased Cognition"],"picked":"Seek","floor":33},{"not_picked":["Ball Lightning","Turbo","Auto Shields"],"picked":"SKIP","floor":35},{"not_picked":["Beam Cell","Gash+1"],"picked":"Glacier","floor":36},{"not_picked":["Leap","Beam Cell","Coolheaded"],"picked":"SKIP","floor":42}],"player_experience":1633217,"relics_obtained":[{"floor":6.0,"key":"Ginger"},{"floor":9.0,"key":"Gremlin Horn"},{"floor":10.0,"key":"Dream Catcher"},{"floor":13.0,"key":"Tiny Chest"},{"floor":27,"key":"Smiling Mask"},{"floor":29,"key":"Centennial Puzzle"},{"floor":37,"key":"Ice Cream"},{"floor":40,"key":"Letter Opener"},{"floor":40,"key":"Strawberry"},{"floor":43,"key":"Ancient Tea Set"}],"event_choices":[{"damage_healed":0.0,"max_hp_gain":0.0,"max_hp_loss":0.0,"gold_gain":0.0,"event_name":"Accursed Blacksmith","player_choice":"Rummage","floor":2.0,"gold_loss":0.0,"damage_taken":0.0,"relics_obtained":["WarpedTongs"],"cards_obtained":["Pain"]},{"damage_healed":0.0,"max_hp_gain":0.0,"max_hp_loss":0.0,"gold_gain":75.0,"event_name":"World of Goop","player_choice":"Gather Gold","floor":8.0,"gold_loss":0.0,"damage_taken":11.0},{"damage_healed":0,"gold_gain":50,"player_choice":"Pray","damage_taken":0,"max_hp_gain":0,"max_hp_loss":0,"event_name":"Golden Shrine","floor":22,"gold_loss":0},{"damage_healed":0,"gold_gain":0,"player_choice":"Gave Potion","damage_taken":0,"relics_obtained":["Bag of Preparation"],"max_hp_gain":0,"max_hp_loss":0,"event_name":"WeMeetAgain","floor":31,"gold_loss":0},{"damage_healed":0,"gold_gain":0,"player_choice":"Fight","damage_taken":0,"max_hp_gain":0,"max_hp_loss":0,"event_name":"Mysterious Sphere","floor":37,"gold_loss":0},{"damage_healed":0,"gold_gain":50,"player_choice":"Touch","damage_taken":7,"max_hp_gain":0,"max_hp_loss":0,"event_name":"FaceTrader","floor":38,"gold_loss":0}],"is_beta":true,"boss_relics":[{"not_picked":["Orrery","Astrolabe"],"picked":"Ectoplasm"},{"not_picked":["FrozenCore","Inserter"],"picked":"Black Star"}],"items_purged_floors":[3],"is_endless":false,"potions_floor_spawned":[1,6,10,14,19,28,29,35,37,42],"killed_by":"Nemesis","ascension_level":20}