{"gold_per_floor":[110,110,110,130,142,142,169,169,169,186,205,266,292,306,306,401,401,411,511,511,257,271,271,167,193,216,166,185,185,203,216,216,312,312,326,346,360,414,414,414,22,22,22,22,41,41,71,71,71,71],"floor_reached":51,"playtime":1872,"items_purged":["Strike_B","Strike_B","Defend_B"],"score":780,"play_id":"64a658b8-6881-4aef-9b5a-45234bbeb953","local_time":"20181018140511","is_ascension_mode":false,"campfire_choices":[{"data":"Go for the Eyes","floor":6,"key":"SMITH"},{"data":"Streamline","floor":8,"key":"SMITH"},{"data":"Hologram","floor":15,"key":"SMITH"},{"data":"Ball Lightning","floor":23,"key":"SMITH"},{"floor":29,"key":"REST"},{"data":"Dualcast","floor":32,"key":"SMITH"},{"data":"Defend_B","floor":40,"key":"PURGE"},{"data":"Strike_B","floor":42,"key":"PURGE"},{"data":"Defend_B","floor":44,"key":"PURGE"},{"data":"1","floor":49,"key":"LIFT"}],"neow_cost":"NONE","seed_source_timestamp":21776774609867,"circlet_count":0,"master_deck":["Defend_B+1","Zap+1","Dualcast+1","Leap+1","Streamline+1","Go for the Eyes+1","Ball Lightning+1","Cold Snap","Hologram+1","Conserve Battery","Sweeping Beam","Compile Driver","Sweeping Beam+1","Cold Snap+1","Compile Driver","Cold Snap+1","Ball Lightning"],"relics":["Cracked Core","Peace Pipe","Cables","Pantograph","Smiling Mask","Sozu","Omamori","Boot","Centennial Puzzle","Fusion Hammer","Mango","Bronze Scales","Question Card","Orichalcum","Lantern","Girya"],"potions_floor_usage":[12,16,25,50,50],"damage_taken":[{"damage":0,"enemies":"2 Louse","floor":1,"turns":2},{"damage":3,"enemies":"Small Slimes","floor":4,"turns":2},{"damage":0,"enemies":"Cultist","floor":5,"turns":3},{"damage":19,"enemies":"3 Sentries","floor":7,"turns":6},{"damage":2,"enemies":"Looter","floor":10,"turns":2},{"damage":4,"enemies":"2 Fungi Beasts","floor":11,"turns":2},{"damage":0,"enemies":"Gremlin Nob","floor":12,"turns":3},{"damage":0,"enemies":"Gremlin Nob","floor":13,"turns":3},{"damage":5,"enemies":"Lots of Slimes","floor":14,"turns":3},{"damage":28,"enemies":"Hexaghost","floor":16,"turns":7},{"damage":21,"enemies":"3 Byrds","floor":18,"turns":5},{"damage":0,"enemies":"Shell Parasite","floor":22,"turns":4},{"damage":17,"enemies":"Slavers","floor":25,"turns":5},{"damage":0,"enemies":"Snake Plant","floor":28,"turns":3},{"damage":0,"enemies":"Centurion and Healer","floor":30,"turns":6},{"damage":0,"enemies":"Cultist and Chosen","floor":31,"turns":4},{"damage":19,"enemies":"Collector","floor":33,"turns":12},{"damage":4,"enemies":"3 Darklings","floor":35,"turns":3},{"damage":0,"enemies":"3 Shapes","floor":36,"turns":3},{"damage":0,"enemies":"Transient","floor":37,"turns":5},{"damage":10,"enemies":"Mysterious Sphere","floor":38,"turns":4},{"damage":7,"enemies":"4 Shapes","floor":45,"turns":3},{"damage":10,"enemies":"Nemesis","floor":47,"turns":6},{"damage":0,"enemies":"Mind Bloom Boss Battle","floor":48,"turns":3},{"damage":74,"enemies":"Time Eater","floor":50,"turns":11}],"seed_played":"-1190040803052109513","potions_obtained":[{"floor":4,"key":"EssenceOfSteel"},{"floor":7,"key":"SkillPotion"},{"floor":11,"key":"SkillPotion"},{"floor":12,"key":"PowerPotion"},{"floor":16,"key":"EssenceOfSteel"}],"is_trial":false,"path_per_floor":["M","?","?","M","M","R","E","R","T","M","M","?","E","M","R","B",null,"M","?","?","$","M","R","$","E","T","$","M","R","M","M","R","B",null,"M","M","M","?","?","R","$","R","T","R","M","$","E","?","R","B"],"character_chosen":"DEFECT","items_purchased":["Sweeping Beam","Omamori","Compile Driver","Bronze Scales","Question Card"],"campfire_rested":1,"item_purchase_floors":[21,21,24,41,41],"current_hp_per_floor":[75,75,60,57,57,57,38,38,38,36,32,32,32,27,27,24,75,54,54,54,54,54,54,54,37,37,37,37,59,59,59,59,56,75,71,71,71,75,75,75,75,75,75,75,68,68,58,83,83,15],"gold":71,"neow_bonus":"THREE_CARDS","is_prod":false,"is_daily":false,"chose_seed":false,"campfire_upgraded":5,"win_rate":0,"timestamp":1539896711,"path_taken":["M","?","?","M","?","R","E","R","T","M","M","?","E","M","R","BOSS","M","?","?","$","M","R","$","E","T","?","M","R","M","M","R","BOSS","M","M","M","?","?","R","$","R","T","R","?","$","E","?","R","BOSS"],"build_version":"2018-10-11","purchased_purges":3,"victory":true,"max_hp_per_floor":[75,75,75,75,75,75,75,75,75,75,75,75,75,75,75,75,75,75,75,75,75,75,75,75,75,75,75,75,75,75,75,75,75,75,75,75,75,89,89,89,89,89,89,89,89,89,89,89,89,89],"card_choices":[{"not_picked":["Fusion","Turbo"],"picked":"Leap","floor":0},{"not_picked":["Steam","Reprogram"],"picked":"Streamline","floor":1},{"not_picked":["Turbo","Melter"],"picked":"Go for the Eyes","floor":4},{"not_picked":["Rebound","Aggregate"],"picked":"Ball Lightning","floor":5},{"not_picked":["Meteor Strike","Coolheaded"],"picked":"Cold Snap","floor":7},{"not_picked":["Blizzard","Turbo","Static Discharge"],"picked":"SKIP","floor":10},{"not_picked":["Beam Cell","Gash"],"picked":"Hologram","floor":11},{"not_picked":["Beam Cell","Recycle","Rebound"],"picked":"SKIP","floor":13},{"not_picked":["Skim","Rebound"],"picked":"Conserve Battery","floor":14},{"not_picked":["Turbo","Stack","Storm"],"picked":"SKIP","floor":18},{"not_picked":["Capacitor","Gash","Aggregate"],"picked":"SKIP","floor":22},{"not_picked":["Steam Power","Stack"],"picked":"Sweeping Beam+1","floor":25},{"not_picked":["Lockon","Rebound","Redo"],"picked":"SKIP","floor":28},{"not_picked":["Fusion","Sunder","Scrape+1"],"picked":"SKIP","floor":30},{"not_picked":["Hyperbeam","Recycle+1"],"picked":"Cold Snap+1","floor":31},{"not_picked":["Sweeping Beam+1","Redo","Glacier+1"],"picked":"SKIP","floor":35},{"not_picked":["Turbo+1","Redo","Ball Lightning"],"picked":"SKIP","floor":36},{"not_picked":["Leap","Beam Cell","Auto Shields"],"picked":"SKIP","floor":37},{"not_picked":["Static Discharge+1","Sweeping Beam+1","FTL"],"picked":"Compile Driver","floor":45},{"not_picked":["Rebound","Leap","Conserve Battery"],"picked":"Cold Snap+1","floor":47},{"not_picked":["Streamline","Hello World+1","FTL"],"picked":"Ball Lightning","floor":48}],"player_experience":1387894,"relics_obtained":[{"floor":7,"key":"Peace Pipe"},{"floor":9,"key":"Cables"},{"floor":13,"key":"Smiling Mask"},{"floor":25,"key":"Boot"},{"floor":26,"key":"Centennial Puzzle"},{"floor":38,"key":"Mango"},{"floor":43,"key":"Orichalcum"},{"floor":47,"key":"Lantern"},{"floor":48,"key":"Girya"}],"event_choices":[{"event_name":"Living Wall","player_choice":"Grow","floor":2,"damage_taken":0},{"event_name":"Shining Light","player_choice":"Entered Light","floor":3,"damage_taken":0},{"event_name":"Dead Adventurer","player_choice":"Searched \u00272\u0027 times","floor":12,"damage_taken":0},{"event_name":"Golden Shrine","player_choice":"Pray","floor":19,"damage_taken":0},{"event_name":"Purifier","player_choice":"One Purge","floor":20,"damage_taken":0},{"event_name":"Mysterious Sphere","player_choice":"Fight","floor":38,"damage_taken":0},{"event_name":"SensoryStone","player_choice":"Memory 1","floor":39,"damage_taken":0},{"event_name":"MindBloom","player_choice":"Fight","floor":48,"damage_taken":0}],"is_beta":false,"boss_relics":[{"not_picked":["FrozenCore","Coffee Dripper"],"picked":"Sozu"},{"not_picked":["Velvet Choker","Eternal Feather"],"picked":"Fusion Hammer"}],"items_purged_floors":[21,24,27],"is_endless":false,"potions_floor_spawned":[4,7,11,12,14,16,18,30,31,36,37],"ascension_level":0}