{"gold_per_floor":[12,30,40,60,80,80,97,112,112,141,141,171,182,199,199,299,299,309,328,24,38,55,55,81,81,81,110,127,127,127,140,140,238,238,258,275,287,307,322,322,322,322,322,334,347,347,347,361,361,361],"floor_reached":51,"playtime":4409,"items_purged":["Strike_G"],"score":1171,"play_id":"85a5c3de-7687-4dfc-8417-bc12029413b9","local_time":"20180712123524","is_ascension_mode":true,"campfire_choices":[{"data":"Neutralize","floor":6.0,"key":"SMITH"},{"data":"Dash","floor":11.0,"key":"SMITH"},{"floor":15.0,"key":"REST"},{"floor":23.0,"key":"REST"},{"floor":25.0,"key":"REST"},{"floor":30.0,"key":"REST"},{"floor":32.0,"key":"REST"},{"floor":40.0,"key":"REST"},{"data":"After Image","floor":42.0,"key":"SMITH"},{"floor":49,"key":"REST"}],"neow_cost":"NO_GOLD","seed_source_timestamp":0,"circlet_count":0,"master_deck":["Defend_G","Defend_G","Defend_G","Defend_G","Defend_G","Strike_G","Strike_G","Strike_G","Strike_G","Survivor","Neutralize+1","AscendersBane","Die Die Die","Dash+1","Leg Sweep","Quick Slash","Crippling Poison","Dagger Spray","Dagger Throw","Backflip","Noxious Fumes","Envenom+1","Deflect","Acrobatics","PiercingWail","Sucker Punch","Noxious Fumes+1","Cloak And Dagger","Cloak And Dagger","PiercingWail","After Image+1","Leg Sweep","Well Laid Plans","Sucker Punch+1","Acrobatics","Footwork","Sadistic Nature","Footwork"],"special_seed":0,"relics":["Ring of the Snake","Mummified Hand","Question Card","Smiling Mask","Cursed Key","Shuriken","Bottled Tornado","Art of War","Lizard Tail"],"potions_floor_usage":[50],"damage_taken":[{"damage":1.0,"enemies":"Cultist","floor":1.0,"turns":3.0},{"damage":0.0,"enemies":"Small Slimes","floor":2.0,"turns":3.0},{"damage":0.0,"enemies":"Jaw Worm","floor":3.0,"turns":4.0},{"damage":0.0,"enemies":"Large Slime","floor":4.0,"turns":6.0},{"damage":10.0,"enemies":"Exordium Thugs","floor":5.0,"turns":7.0},{"damage":1.0,"enemies":"2 Fungi Beasts","floor":7.0,"turns":3.0},{"damage":4.0,"enemies":"3 Louse","floor":8.0,"turns":2.0},{"damage":12.0,"enemies":"Lagavulin","floor":10.0,"turns":9.0},{"damage":1.0,"enemies":"3 Sentries","floor":12.0,"turns":4.0},{"damage":2.0,"enemies":"Large Slime","floor":13.0,"turns":7.0},{"damage":6.0,"enemies":"Looter","floor":14.0,"turns":3.0},{"damage":34.0,"enemies":"Hexaghost","floor":16.0,"turns":13.0},{"damage":0.0,"enemies":"Spheric Guardian","floor":18.0,"turns":3.0},{"damage":2.0,"enemies":"Shell Parasite","floor":19.0,"turns":7.0},{"damage":15.0,"enemies":"Snake Plant","floor":21.0,"turns":6.0},{"damage":16.0,"enemies":"Centurion and Healer","floor":22.0,"turns":7.0},{"damage":24.0,"enemies":"Book of Stabbing","floor":24.0,"turns":7.0},{"damage":20.0,"enemies":"Slavers","floor":27.0,"turns":6.0},{"damage":28.0,"enemies":"Slaver and Parasite","floor":28.0,"turns":8.0},{"damage":0.0,"enemies":"Snecko","floor":31.0,"turns":5.0},{"damage":28.0,"enemies":"Automaton","floor":33.0,"turns":10.0},{"damage":7.0,"enemies":"Orb Walker","floor":35.0,"turns":5.0},{"damage":1.0,"enemies":"3 Shapes","floor":36.0,"turns":6.0},{"damage":5.0,"enemies":"Sphere and 2 Shapes","floor":37.0,"turns":6.0},{"damage":2.0,"enemies":"3 Darklings","floor":38.0,"turns":6.0},{"damage":10.0,"enemies":"4 Shapes","floor":39.0,"turns":7.0},{"damage":0.0,"enemies":"Giant Head","floor":41.0,"turns":1.0},{"damage":39.0,"enemies":"Sphere and 2 Shapes","floor":44.0,"turns":6.0},{"damage":9.0,"enemies":"Maw","floor":45.0,"turns":9.0},{"damage":0,"enemies":"3 Darklings","floor":48,"turns":5},{"damage":64,"enemies":"Time Eater","floor":50,"turns":16}],"seed_played":"6104448452195541277","potions_obtained":[{"floor":4.0,"key":"Fire Potion"},{"floor":7.0,"key":"PowerPotion"},{"floor":10.0,"key":"Weak Potion"},{"floor":14.0,"key":"Fire Potion"},{"floor":19.0,"key":"Fire Potion"},{"floor":24.0,"key":"Regen Potion"},{"floor":27.0,"key":"LiquidBronze"},{"floor":28.0,"key":"GamblersBrew"},{"floor":35.0,"key":"Regen Potion"},{"floor":36.0,"key":"SmokeBomb"},{"floor":48,"key":"LiquidBronze"}],"is_trial":false,"path_per_floor":["M","M","M","M","M","R","M","M","T","E","R","E","M","M","R","B",null,"M","M","$","M","M","R","E","R","T","E","M","?","R","M","R","B",null,"M","M","M","M","M","R","E","R","T","M","M","?","?","M","R","B"],"character_chosen":"THE_SILENT","items_purchased":["Shuriken"],"campfire_rested":7,"item_purchase_floors":[20],"current_hp_per_floor":[62,62,62,62,52,52,51,47,47,35,35,34,32,26,47,13,56,56,54,54,39,23,44,20,41,41,36,8,8,29,29,50,22,58,51,50,45,43,33,54,54,54,54,30,21,21,21,21,42,17],"gold":361,"neow_bonus":"THREE_RARE_CARDS","is_prod":false,"is_daily":false,"chose_seed":false,"campfire_upgraded":3,"win_rate":0,"timestamp":1531424124,"path_taken":["M","M","M","M","M","R","M","M","T","E","R","E","M","M","R","BOSS","M","M","$","M","?","R","E","R","T","E","M","?","R","M","R","BOSS","M","M","M","M","M","R","E","R","T","M","M","?","?","M","R","BOSS"],"build_version":"2018-07-05","purchased_purges":1,"victory":true,"max_hp_per_floor":[70,70,70,70,70,70,70,70,70,70,70,70,70,70,70,70,70,70,70,70,70,70,70,70,70,70,70,70,70,70,70,70,70,70,70,70,70,70,70,70,70,70,70,70,70,70,70,70,70,70],"card_choices":[{"not_picked":["Venomology","Envenom"],"picked":"Die Die Die","floor":0.0},{"not_picked":["Dodge and Roll","Bane"],"picked":"Dash","floor":1.0},{"not_picked":["Calculated Gamble","Skewer"],"picked":"Leg Sweep","floor":2.0},{"not_picked":["Acrobatics","Expertise"],"picked":"Quick Slash","floor":3.0},{"not_picked":["Outmaneuver","Dodge and Roll"],"picked":"Crippling Poison","floor":4.0},{"not_picked":["Flying Knee","Underhanded Strike"],"picked":"Dagger Spray","floor":5.0},{"not_picked":["Outmaneuver","Infinite Blades","Deflect"],"picked":"SKIP","floor":7.0},{"not_picked":["Flying Knee","Dagger Throw","Dodge and Roll"],"picked":"SKIP","floor":8.0},{"not_picked":["Reflex","Poisoned Stab","Tactician"],"picked":"SKIP","floor":10.0},{"not_picked":["Prepared","Skewer","Crippling Poison"],"picked":"Dagger Throw","floor":12.0},{"not_picked":["Heel Hook","Underhanded Strike","Reflex"],"picked":"Backflip","floor":13.0},{"not_picked":["Dagger Spray","Blade Dance","Quick Slash"],"picked":"Noxious Fumes","floor":14.0},{"not_picked":["Corpse Explosion","Tools of the Trade","Wraith Form v2"],"picked":"Envenom","floor":16.0},{"not_picked":["Slice","Riddle With Holes","Flying Knee"],"picked":"Deflect","floor":18.0},{"not_picked":["Setup","Dagger Throw","Bane"],"picked":"Acrobatics","floor":19.0},{"not_picked":["Grand Finale","Expertise+1","Calculated Gamble"],"picked":"PiercingWail","floor":21.0},{"not_picked":["Distraction","Finisher","Infinite Blades"],"picked":"Sucker Punch","floor":22.0},{"not_picked":["All Out Attack","Eviscerate","Slice"],"picked":"Noxious Fumes+1","floor":24.0},{"not_picked":["Eviscerate","Outmaneuver","Backstab"],"picked":"Cloak And Dagger","floor":27.0},{"not_picked":["Slice","Bane","Acrobatics"],"picked":"Cloak And Dagger","floor":28.0},{"not_picked":["Predator","Calculated Gamble","Flying Knee"],"picked":"PiercingWail","floor":31.0},{"not_picked":["Night Terror","A Thousand Cuts","Unload"],"picked":"After Image","floor":33.0},{"not_picked":["Dodge and Roll+1","Riddle With Holes","Flechettes+1"],"picked":"Leg Sweep","floor":35.0},{"not_picked":["Accuracy+1","Calculated Gamble","Riddle With Holes","Flying Knee"],"picked":"SKIP","floor":36.0},{"not_picked":["Deadly Poison","Deflect+1","Leg Sweep+1"],"picked":"Well Laid Plans","floor":37.0},{"not_picked":["Concentrate","Eviscerate+1","Quick Slash","PiercingWail"],"picked":"SKIP","floor":38.0},{"not_picked":["Heel Hook","Setup+1","Dodge and Roll"],"picked":"Sucker Punch+1","floor":39.0},{"not_picked":["PiercingWail","Flying Knee","Riddle With Holes"],"picked":"Acrobatics","floor":44.0},{"not_picked":["Phantasmal Killer","Quick Slash","Acrobatics"],"picked":"Footwork","floor":45.0},{"not_picked":["Panacea","Purity","Jack Of All Trades"],"picked":"Sadistic Nature","floor":47},{"not_picked":["Backflip","Prepared+1","Quick Slash"],"picked":"Footwork","floor":48}],"player_experience":736586,"relics_obtained":[{"floor":9.0,"key":"Mummified Hand"},{"floor":10.0,"key":"Question Card"},{"floor":12.0,"key":"Smiling Mask"},{"floor":24.0,"key":"Bottled Tornado"},{"floor":27.0,"key":"Art of War"}],"event_choices":[{"event_name":"Accursed Blacksmith","player_choice":"Forge","floor":29.0,"damage_taken":0.0},{"event_name":"Mysterious Sphere","player_choice":"Ignore","floor":46.0,"damage_taken":0.0},{"event_name":"SensoryStone","player_choice":"Memory 1","floor":47,"damage_taken":0}],"boss_relics":[{"not_picked":["Coffee Dripper","Astrolabe"],"picked":"Cursed Key"},{"not_picked":["Snecko Eye","Velvet Choker"],"picked":"Lizard Tail"}],"items_purged_floors":[20],"is_endless":false,"potions_floor_spawned":[4,7,10,14,19,24,27,28,35,36,39,48],"ascension_level":12}