{"gold_per_floor":[363,375,46,58,58,58,70,98,121,134,134,152,55,90,90,190,190,206,206,219,231,245,245,3,3,3,33,44,69,84,98,98,196,196,214,113,113,38,50,84,84,119,142,142,167,197,197,214,214,214],"floor_reached":51,"playtime":1915,"items_purged":["Shame","Pain","Decay"],"score":849,"play_id":"8714475c-1bcf-49a0-a63c-6d272c7cd1fc","local_time":"25611106205124","is_ascension_mode":true,"campfire_choices":[{"data":"Sunder","floor":6.0,"key":"SMITH"},{"floor":11.0,"key":"REST"},{"data":"Buffer","floor":15,"key":"SMITH"},{"data":"Zap","floor":23,"key":"SMITH"},{"data":"Go for the Eyes","floor":25,"key":"SMITH"},{"data":"Static Discharge","floor":32,"key":"SMITH"},{"data":"Discovery","floor":41,"key":"SMITH"},{"floor":44,"key":"DIG"},{"floor":46,"key":"DIG"},{"floor":49,"key":"DIG"}],"neow_cost":"CURSE","seed_source_timestamp":18491825616327,"circlet_count":0,"master_deck":["Strike_B","Strike_B","Strike_B+1","Defend_B","Defend_B","Defend_B","Defend_B","Zap+1","Dualcast","Ball Lightning","Go for the Eyes+1","Sunder+1","Leap","Sweeping Beam","Beam Cell+1","Self Repair","Glacier","Buffer+1","Electrodynamics","Rebound+1","Injury","Static Discharge+1","All For One","Decay","Injury","Heatsinks","Static Discharge","PanicButton","Dramatic Entrance","Discovery+1","BootSequence","Streamline+1","Shame","Stack+1","Buffer+1","Glacier+1"],"special_seed":0,"relics":["Cracked Core","Membership Card","Centennial Puzzle","Boot","Orichalcum","Blood Vial","Cursed Key","WarpedTongs","StoneCalendar","Du-Vu Doll","Lantern","Pantograph","Calling Bell","Oddly Smooth Stone","Pear","Unceasing Top","Happy Flower","Ancient Tea Set","Shovel","Vajra","WingedGreaves","Toxic Egg 2","Tiny Chest","Whetstone"],"potions_floor_usage":[12,14,18,27,27,27,29,33,33,35,40,42,48],"damage_taken":[{"damage":0.0,"enemies":"Small Slimes","floor":1.0,"turns":2.0},{"damage":4.0,"enemies":"Cultist","floor":2.0,"turns":4.0},{"damage":6.0,"enemies":"Jaw Worm","floor":4.0,"turns":3.0},{"damage":0.0,"enemies":"2 Fungi Beasts","floor":7.0,"turns":2.0},{"damage":14.0,"enemies":"Gremlin Nob","floor":8.0,"turns":3.0},{"damage":3.0,"enemies":"Red Slaver","floor":10.0,"turns":3.0},{"damage":0,"enemies":"Large Slime","floor":12,"turns":3},{"damage":7,"enemies":"Lagavulin","floor":14,"turns":4},{"damage":13,"enemies":"Slime Boss","floor":16,"turns":8},{"damage":1,"enemies":"Shell Parasite","floor":18,"turns":3},{"damage":5,"enemies":"Spheric Guardian","floor":20,"turns":4},{"damage":7,"enemies":"Snake Plant","floor":21,"turns":4},{"damage":6,"enemies":"Cultist and Chosen","floor":22,"turns":5},{"damage":13,"enemies":"Slavers","floor":27,"turns":3},{"damage":0,"enemies":"Chosen and Byrds","floor":28,"turns":4},{"damage":9,"enemies":"Gremlin Leader","floor":29,"turns":5},{"damage":11,"enemies":"Centurion and Healer","floor":30,"turns":3},{"damage":15,"enemies":"Cultist and Chosen","floor":31,"turns":5},{"damage":42,"enemies":"Automaton","floor":33,"turns":8},{"damage":9,"enemies":"Orb Walker","floor":35,"turns":3},{"damage":0,"enemies":"3 Shapes","floor":39,"turns":5},{"damage":19,"enemies":"Giant Head","floor":40,"turns":9},{"damage":18,"enemies":"Reptomancer","floor":42,"turns":6},{"damage":13,"enemies":"Nemesis","floor":45,"turns":7},{"damage":0,"enemies":"Spire Growth","floor":48,"turns":6},{"damage":63,"enemies":"Time Eater","floor":50,"turns":12}],"seed_played":"893227720972708126","potions_obtained":[{"floor":1.0,"key":"Strength Potion"},{"floor":2.0,"key":"Energy Potion"},{"floor":16,"key":"Fire Potion"},{"floor":20,"key":"PowerPotion"},{"floor":27,"key":"FocusPotion"},{"floor":30,"key":"LiquidBronze"},{"floor":31,"key":"SkillPotion"},{"floor":33,"key":"SpeedPotion"},{"floor":40,"key":"AttackPotion"},{"floor":45,"key":"Ancient Potion"}],"is_trial":false,"path_per_floor":["M","M","$","M","?","R","M","E","T","M","R","M","$","E","R","B",null,"M","?","M","M","M","R","$","R","T","E","M","E","M","M","R","B",null,"M","$","?","$","M","E","R","E","T","R","E","R","?","M","R","B",null],"character_chosen":"DEFECT","items_purchased":["Membership Card","Go for the Eyes","FocusPotion","Glacier","Orichalcum","StoneCalendar","EntropicBrew","Static Discharge","Happy Flower"],"campfire_rested":1,"item_purchase_floors":[3,3,3,13,13,24,24,36,38],"current_hp_per_floor":[75,71,71,65,65,65,65,51,51,48,70,70,70,70,70,66,75,75,75,75,75,75,75,75,75,75,69,75,73,64,58,58,33,85,83,83,73,73,82,72,72,63,63,63,62,62,62,74,74,22],"gold":214,"neow_bonus":"TWO_FIFTY_GOLD","is_prod":false,"is_daily":false,"chose_seed":false,"campfire_upgraded":6,"win_rate":0,"timestamp":1541512284,"path_taken":["M","M","$","M","?","R","M","E","T","?","R","?","$","E","R","BOSS","M","?","M","M","M","R","$","R","T","E","?","E","M","M","R","BOSS","M","$","?","$","M","E","R","E","T","R","E","R","?","M","R","BOSS"],"build_version":"2018-11-01","purchased_purges":3,"victory":true,"max_hp_per_floor":[75,75,75,75,75,75,75,75,75,75,75,75,75,75,75,75,75,75,75,75,75,75,75,75,75,75,75,75,75,75,75,75,75,85,85,85,85,85,85,85,85,85,85,85,85,85,85,85,85,85],"card_choices":[{"not_picked":["Steam Power","Blizzard","Darkness"],"picked":"SKIP","floor":1.0},{"not_picked":["Coolheaded","Storm"],"picked":"Ball Lightning","floor":2.0},{"not_picked":["Go for the Eyes","Redo"],"picked":"Sunder","floor":4.0},{"not_picked":["Beam Cell","Stack"],"picked":"Sweeping Beam","floor":7.0},{"not_picked":["Skim","Consume","Ball Lightning"],"picked":"SKIP","floor":8.0},{"not_picked":["Aggregate","Chaos"],"picked":"Beam Cell","floor":10.0},{"not_picked":["Chill","Leap"],"picked":"Self Repair","floor":12},{"not_picked":["Core Surge","Conserve Battery"],"picked":"Buffer","floor":14},{"not_picked":["Fission","Seek"],"picked":"Electrodynamics","floor":16},{"not_picked":["Scrape","Darkness","Cold Snap"],"picked":"SKIP","floor":18},{"not_picked":["Hologram","Chaos+1"],"picked":"Rebound+1","floor":20},{"not_picked":["Gash","Stack","Conserve Battery"],"picked":"SKIP","floor":21},{"not_picked":["Genetic Algorithm","Steam Power","Compile Driver"],"picked":"SKIP","floor":22},{"not_picked":["Rebound","Glacier","Go for the Eyes+1"],"picked":"SKIP","floor":27},{"not_picked":["Hello World","Barrage"],"picked":"Static Discharge","floor":28},{"not_picked":["Rebound+1","Aggregate","Hologram"],"picked":"SKIP","floor":29},{"not_picked":["Seek","Cold Snap+1","Double Energy"],"picked":"SKIP","floor":30},{"not_picked":["Leap+1","Cold Snap","Redo"],"picked":"SKIP","floor":31},{"not_picked":["Fission","Electrodynamics"],"picked":"All For One","floor":33},{"not_picked":["Redo+1","Beam Cell"],"picked":"Heatsinks","floor":35},{"not_picked":["Blind","Secret Technique"],"picked":"PanicButton","floor":37},{"not_picked":["Impatience","Dark Shackles"],"picked":"Dramatic Entrance","floor":37},{"not_picked":["Sadistic Nature","Trip"],"picked":"Discovery","floor":37},{"not_picked":["Rebound+1","Tempest+1"],"picked":"BootSequence","floor":39},{"not_picked":["Tempest","Compile Driver+1","Ball Lightning"],"picked":"SKIP","floor":40},{"not_picked":["Self Repair","Stack"],"picked":"Streamline+1","floor":42},{"not_picked":["Rip and Tear+1","Compile Driver"],"picked":"Stack","floor":45},{"not_picked":["Compile Driver","Beam Cell"],"picked":"Glacier+1","floor":48}],"player_experience":72791,"relics_obtained":[{"floor":8.0,"key":"Centennial Puzzle"},{"floor":9.0,"key":"Boot"},{"floor":14,"key":"Blood Vial"},{"floor":26,"key":"Du-Vu Doll"},{"floor":27,"key":"Lantern"},{"floor":29,"key":"Pantograph"},{"floor":34,"key":"Oddly Smooth Stone"},{"floor":34,"key":"Pear"},{"floor":34,"key":"Unceasing Top"},{"floor":40,"key":"Ancient Tea Set"},{"floor":42,"key":"Shovel"},{"floor":43,"key":"Vajra"},{"floor":44,"key":"WingedGreaves"},{"floor":45,"key":"Toxic Egg 2"},{"floor":46,"key":"Tiny Chest"},{"floor":49,"key":"Whetstone"}],"event_choices":[{"damage_healed":0.0,"max_hp_gain":0.0,"max_hp_loss":0.0,"gold_gain":0.0,"cards_transformed":["Strike_B"],"event_name":"Transmorgrifier","player_choice":"Transformed","floor":5.0,"gold_loss":0.0,"damage_taken":0.0,"cards_obtained":["Leap"]},{"damage_healed":0,"gold_gain":0,"player_choice":"Rummage","damage_taken":0,"relics_obtained":["WarpedTongs"],"max_hp_gain":0,"max_hp_loss":0,"event_name":"Accursed Blacksmith","floor":19,"gold_loss":0,"cards_obtained":["Pain"]},{"damage_healed":0,"gold_gain":0,"player_choice":"Memory 3","damage_taken":10,"max_hp_gain":0,"max_hp_loss":0,"event_name":"SensoryStone","floor":37,"gold_loss":0},{"damage_healed":0,"gold_gain":0,"player_choice":"Copied","damage_taken":0,"max_hp_gain":0,"max_hp_loss":0,"event_name":"Duplicator","floor":47,"gold_loss":0,"cards_obtained":["Buffer"]}],"is_beta":false,"boss_relics":[{"not_picked":["Ectoplasm","Runic Pyramid"],"picked":"Cursed Key"},{"not_picked":["Inserter","Orrery"],"picked":"Calling Bell"}],"items_purged_floors":[3,24,36],"is_endless":false,"potions_floor_spawned":[1,2,16,20,27,30,31,33,40,45],"ascension_level":1}