{"gold_per_floor":[110,123,123,134,100,100,50,110,134,134,134,153,168,119,119,119],"floor_reached":16,"playtime":724,"items_purged":[],"score":108,"play_id":"06b46ce7-dea7-4488-98e7-d4fdb963d7a9","local_time":"20190509223422","is_ascension_mode":true,"campfire_choices":[{"data":"Neutralize","floor":6,"key":"SMITH"},{"floor":11,"key":"REST"},{"floor":15,"key":"REST"}],"neow_cost":"NONE","seed_source_timestamp":1262244933611175,"circlet_count":0,"master_deck":["Defend_G","Defend_G+1","Defend_G","Defend_G+1","Defend_G","Strike_G","Strike_G","Strike_G","Survivor","Neutralize+1","Blur","Footwork","Caltrops","Backflip","Cloak And Dagger"],"relics":["Ring of the Snake","NeowsBlessing","Shovel","Juzu Bracelet"],"potions_floor_usage":[8,16,16],"damage_taken":[{"damage":0,"enemies":"Jaw Worm","floor":1,"turns":1},{"damage":0,"enemies":"Small Slimes","floor":2,"turns":1},{"damage":0,"enemies":"2 Louse","floor":4,"turns":1},{"damage":52,"enemies":"Gremlin Nob","floor":8,"turns":9},{"damage":2,"enemies":"Exordium Wildlife","floor":12,"turns":9},{"damage":12,"enemies":"Lots of Slimes","floor":13,"turns":5},{"damage":32,"enemies":"Hexaghost","floor":16,"turns":16}],"seed_played":"6819075028458875758","potions_obtained":[{"floor":4,"key":"PowerPotion"},{"floor":8,"key":"AttackPotion"},{"floor":13,"key":"Swift Potion"}],"is_trial":false,"path_per_floor":["M","M","?","M","$","R","?","?","T","?","R","M","M","$","R","B"],"character_chosen":"THE_SILENT","items_purchased":["Footwork","Cloak And Dagger"],"campfire_rested":2,"item_purchase_floors":[5,14],"current_hp_per_floor":[70,70,56,56,56,56,56,4,4,4,25,23,11,11,32,0],"gold":119,"neow_bonus":"THREE_ENEMY_KILL","is_prod":false,"is_daily":false,"chose_seed":false,"campfire_upgraded":1,"win_rate":0,"timestamp":1557434062,"path_taken":["M","M","?","M","$","R","?","?","T","?","R","M","M","?","R","BOSS"],"build_version":"2019-01-23","purchased_purges":0,"victory":false,"max_hp_per_floor":[70,70,70,70,70,70,70,70,70,70,70,70,70,70,70,70],"card_choices":[{"not_picked":["Blade Dance","All Out Attack"],"picked":"Blur","floor":1},{"not_picked":["Distraction","Sucker Punch","Prepared"],"picked":"SKIP","floor":2},{"not_picked":["Masterful Stab","Sucker Punch","Riddle With Holes"],"picked":"SKIP","floor":4},{"not_picked":["Deflect","Dagger Spray"],"picked":"Caltrops","floor":8},{"not_picked":["Dodge and Roll","Quick Slash"],"picked":"Backflip","floor":12},{"not_picked":["Dagger Spray","Sucker Punch","Choke"],"picked":"SKIP","floor":13}],"player_experience":162532,"relics_obtained":[{"floor":8,"key":"Shovel"},{"floor":9,"key":"Juzu Bracelet"}],"event_choices":[{"damage_healed":0,"gold_gain":0,"player_choice":"Entered Light","damage_taken":14,"max_hp_gain":0,"max_hp_loss":0,"event_name":"Shining Light","floor":3,"gold_loss":0,"cards_upgraded":["Defend_G","Defend_G"]},{"cards_removed":["Strike_G"],"damage_healed":0,"gold_gain":0,"player_choice":"Card Removal","damage_taken":0,"max_hp_gain":0,"max_hp_loss":0,"event_name":"The Cleric","floor":7,"gold_loss":50},{"damage_healed":0,"gold_gain":30,"player_choice":"Searched \u00272\u0027 times","damage_taken":0,"max_hp_gain":0,"max_hp_loss":0,"event_name":"Dead Adventurer","floor":8,"gold_loss":0},{"cards_removed":["Strike_G"],"damage_healed":0,"gold_gain":0,"player_choice":"Offered Basic","damage_taken":0,"max_hp_gain":0,"max_hp_loss":0,"event_name":"Bonfire Elementals","floor":10,"gold_loss":0}],"is_beta":false,"boss_relics":[],"items_purged_floors":[],"is_endless":false,"potions_floor_spawned":[4,8,13],"killed_by":"Hexaghost","ascension_level":4}