{"gold_per_floor":[118,118,10,185,185,42,77,52,77,87,87,114,114,148,148,243,243,256,256,256,266,266,266,292,292,292,292,309,321,352,119,119,217,267,277,295,35,50,65,65,65,65,90,190,204,216,0,0,0,0],"floor_reached":51,"playtime":3126,"items_purged":[],"score":724,"play_id":"773d5f6d-7930-4200-b753-07c6e1002061","local_time":"20181031042832","is_ascension_mode":false,"campfire_choices":[{"data":"After Image","floor":11.0,"key":"SMITH"},{"data":"Noxious Fumes","floor":13.0,"key":"SMITH"},{"data":"Bouncing Flask","floor":15.0,"key":"SMITH"},{"data":"RitualDagger","floor":23.0,"key":"SMITH"},{"floor":25.0,"key":"REST"},{"data":"Deadly Poison","floor":27.0,"key":"SMITH"},{"floor":32.0,"key":"REST"},{"floor":40.0,"key":"REST"},{"data":"Writhe","floor":42.0,"key":"PURGE"},{"floor":49.0,"key":"REST"}],"neow_cost":"NONE","seed_source_timestamp":837820405141686,"circlet_count":0,"master_deck":["Survivor","Neutralize+1","Crippling Poison","Noxious Fumes+1","All Out Attack","After Image+1","Poisoned Stab","Prepared","Bouncing Flask+1","Dagger Throw","PiercingWail","Corpse Explosion","Deadly Poison+1","Dagger Throw","Prepared","Blur","Slice","Concentrate","Deadly Poison","Finisher","Backstab","Leg Sweep","RitualDagger+1","Endless Agony+1","Flying Knee","Backflip","Blur","Bane+1","Venomology","Slice+1","Envenom+1","PiercingWail","Blur","Catalyst","Catalyst+1","Deflect+1","Dagger Spray+1","Dodge and Roll+1","Footwork+1","Trip"],"special_seed":0,"relics":["Ring of the Snake","NeowsBlessing","Meat on the Bone","Ancient Tea Set","Peace Pipe","Anchor","Pandora\u0027s Box","MutagenicStrength","Sundial","Frozen Egg 2","Dream Catcher","Regal Pillow","Tiny House","Singing Bowl","Art of War","Ginger","Red Mask"],"potions_floor_usage":[50,50],"damage_taken":[{"damage":0.0,"enemies":"Cultist","floor":1.0,"turns":1.0},{"damage":0.0,"enemies":"Gremlin Nob","floor":7.0,"turns":1.0},{"damage":0.0,"enemies":"Small Slimes","floor":10.0,"turns":1.0},{"damage":9.0,"enemies":"3 Sentries","floor":12.0,"turns":6.0},{"damage":12.0,"enemies":"Gremlin Nob","floor":14.0,"turns":4.0},{"damage":17.0,"enemies":"The Guardian","floor":16.0,"turns":10.0},{"damage":0.0,"enemies":"3 Byrds","floor":18.0,"turns":2.0},{"damage":7.0,"enemies":"Chosen","floor":21.0,"turns":5.0},{"damage":14.0,"enemies":"Book of Stabbing","floor":24.0,"turns":5.0},{"damage":18.0,"enemies":"Shelled Parasite and Fungi","floor":28.0,"turns":4.0},{"damage":3.0,"enemies":"Snake Plant","floor":29.0,"turns":4.0},{"damage":16.0,"enemies":"Gremlin Leader","floor":30.0,"turns":7.0},{"damage":49.0,"enemies":"Automaton","floor":33.0,"turns":8.0},{"damage":2.0,"enemies":"Orb Walker","floor":35.0,"turns":3.0},{"damage":34.0,"enemies":"3 Darklings","floor":36.0,"turns":6.0},{"damage":28.0,"enemies":"Writhing Mass","floor":38.0,"turns":4.0},{"damage":14.0,"enemies":"4 Shapes","floor":39.0,"turns":7.0},{"damage":16.0,"enemies":"Mind Bloom Boss Battle","floor":44.0,"turns":4.0},{"damage":17.0,"enemies":"Maw","floor":45.0,"turns":6.0},{"damage":4.0,"enemies":"Spire Growth","floor":46.0,"turns":5.0},{"damage":79,"enemies":"Awakened One","floor":50,"turns":17}],"seed_played":"-9053477849612022119","potions_obtained":[{"floor":1.0,"key":"Swift Potion"},{"floor":7.0,"key":"PowerPotion"},{"floor":14.0,"key":"Poison Potion"},{"floor":21.0,"key":"Ancient Potion"},{"floor":28.0,"key":"Block Potion"},{"floor":33.0,"key":"Energy Potion"},{"floor":44.0,"key":"LiquidBronze"},{"floor":46.0,"key":"Weak Potion"}],"is_trial":false,"path_per_floor":["M","?","$","?","?","$","E","$","T","M","R","E","R","E","R","B",null,"M","?","?","M","?","R","E","R","T","R","M","M","E","$","R","B",null,"M","M","$","M","M","R","?","R","T","?","M","M","?","?","R","B"],"character_chosen":"THE_SILENT","items_purchased":["Noxious Fumes","All Out Attack","After Image","Prepared","Regal Pillow","Venomology","Singing Bowl"],"campfire_rested":4,"item_purchase_floors":[3,3,6,8,31,31,37],"current_hp_per_floor":[70,75,75,75,75,75,75,75,75,75,75,66,66,54,54,49,75,75,69,69,62,62,62,48,70,70,70,52,49,45,45,75,38,80,78,44,44,28,26,67,82,82,82,66,49,50,50,50,84,17],"gold":0,"neow_bonus":"THREE_ENEMY_KILL","is_prod":false,"is_daily":false,"chose_seed":false,"campfire_upgraded":5,"win_rate":0,"timestamp":1540956512,"path_taken":["M","?","$","?","?","$","E","$","T","?","R","E","R","E","R","BOSS","M","?","?","M","?","R","E","R","T","R","M","M","E","$","R","BOSS","M","M","$","M","M","R","?","R","T","?","?","M","?","?","R","BOSS"],"build_version":"2018-10-29v2","purchased_purges":0,"victory":true,"max_hp_per_floor":[70,75,75,75,75,75,75,75,75,75,75,75,75,75,75,75,75,75,75,75,75,75,75,75,75,75,75,75,75,75,75,75,75,80,80,80,80,80,80,82,82,82,82,82,82,82,82,82,84,84],"card_choices":[{"not_picked":["Eviscerate","Dagger Throw"],"picked":"Crippling Poison","floor":1.0},{"not_picked":["Backflip","Acrobatics"],"picked":"Poisoned Stab","floor":7.0},{"not_picked":["Quick Slash","Blade Dance"],"picked":"Bouncing Flask","floor":10.0},{"not_picked":["Eviscerate","Infinite Blades"],"picked":"Dagger Throw","floor":12.0},{"not_picked":["Underhanded Strike","Grand Finale"],"picked":"PiercingWail","floor":14.0},{"not_picked":["Storm of Steel","Unload"],"picked":"Corpse Explosion","floor":16.0},{"not_picked":["Acrobatics","Predator+1"],"picked":"Leg Sweep","floor":18.0},{"not_picked":["Dagger Throw","Cloak And Dagger"],"picked":"Endless Agony+1","floor":21.0},{"not_picked":["Dagger Spray","Prepared"],"picked":"Flying Knee","floor":24.0},{"not_picked":["Flying Knee","Masterful Stab"],"picked":"Backflip","floor":28.0},{"not_picked":["Dodge and Roll","Endless Agony"],"picked":"Blur","floor":29.0},{"not_picked":["Wraith Form v2+1","Prepared"],"picked":"Bane+1","floor":30.0},{"not_picked":["Prepared","Dagger Throw+1"],"picked":"Slice+1","floor":32.0},{"not_picked":["Doppelganger","After Image+1"],"picked":"Envenom+1","floor":33.0},{"not_picked":["All Out Attack","Acrobatics"],"picked":"PiercingWail","floor":34.0},{"not_picked":["Dagger Throw+1","Backflip"],"picked":"Blur","floor":35.0},{"not_picked":["Caltrops+1","Blade Dance+1"],"picked":"Catalyst","floor":36.0},{"not_picked":["Flechettes+1","Flying Knee"],"picked":"Catalyst+1","floor":38.0},{"not_picked":["Concentrate+1","Flying Knee+1"],"picked":"Deflect+1","floor":39.0},{"not_picked":["Deadly Poison+1","Flying Knee+1","Cloak And Dagger"],"picked":"Singing Bowl","floor":40.0},{"not_picked":["Reflex+1","Riddle With Holes+1"],"picked":"Dagger Spray+1","floor":44.0},{"not_picked":["Underhanded Strike","Deflect+1"],"picked":"Dodge and Roll+1","floor":45.0},{"not_picked":["Predator+1","Choke+1"],"picked":"Footwork+1","floor":46.0},{"not_picked":["Transmutation","Mayhem+1"],"picked":"Trip","floor":48.0},{"not_picked":["Prepared+1","Poisoned Stab","Masterful Stab+1"],"picked":"Singing Bowl","floor":49.0}],"player_experience":221208,"relics_obtained":[{"floor":7.0,"key":"Meat on the Bone"},{"floor":9.0,"key":"Ancient Tea Set"},{"floor":12.0,"key":"Peace Pipe"},{"floor":14.0,"key":"Anchor"},{"floor":24.0,"key":"Sundial"},{"floor":26.0,"key":"Frozen Egg 2"},{"floor":30.0,"key":"Dream Catcher"},{"floor":43.0,"key":"Art of War"},{"floor":44.0,"key":"Ginger"}],"event_choices":[{"damage_healed":0.0,"max_hp_gain":5.0,"max_hp_loss":0.0,"gold_gain":0.0,"event_name":"Big Fish","player_choice":"Donut","floor":2.0,"gold_loss":0.0,"damage_taken":0.0},{"damage_healed":0.0,"max_hp_gain":0.0,"max_hp_loss":0.0,"gold_gain":175.0,"event_name":"Liars Game","player_choice":"AGREE","floor":4.0,"gold_loss":0.0,"damage_taken":0.0,"cards_obtained":["Doubt"]},{"cards_removed":["Doubt"],"damage_healed":0.0,"max_hp_gain":0.0,"max_hp_loss":0.0,"gold_gain":0.0,"event_name":"Living Wall","player_choice":"Forget","floor":5.0,"gold_loss":0.0,"damage_taken":0.0},{"damage_healed":0.0,"max_hp_gain":0.0,"max_hp_loss":0.0,"gold_gain":0.0,"event_name":"Nest","player_choice":"Joined the Cult","floor":19.0,"gold_loss":0.0,"damage_taken":6.0,"cards_obtained":["RitualDagger"]},{"damage_healed":0.0,"max_hp_gain":0.0,"max_hp_loss":0.0,"gold_gain":0.0,"event_name":"Drug Dealer","player_choice":"Inject Mutagens","floor":20.0,"gold_loss":0.0,"damage_taken":0.0,"relics_obtained":["MutagenicStrength"]},{"cards_removed":["Blade Dance"],"damage_healed":0.0,"max_hp_gain":0.0,"max_hp_loss":0.0,"gold_gain":0.0,"event_name":"Purifier","player_choice":"Purged","floor":22.0,"gold_loss":0.0,"damage_taken":0.0},{"damage_healed":21.0,"max_hp_gain":0.0,"max_hp_loss":0.0,"gold_gain":0.0,"event_name":"Winding Halls","player_choice":"Writhe","floor":41.0,"gold_loss":0.0,"damage_taken":0.0,"cards_obtained":["Writhe"]},{"damage_healed":0.0,"max_hp_gain":0.0,"max_hp_loss":0.0,"gold_gain":0.0,"event_name":"MindBloom","player_choice":"Fight","floor":44.0,"gold_loss":0.0,"damage_taken":0.0},{"damage_healed":0.0,"max_hp_gain":0.0,"max_hp_loss":0.0,"gold_gain":0.0,"event_name":"Tomb of Lord Red Mask","player_choice":"Paid","floor":47.0,"gold_loss":216.0,"damage_taken":0.0,"relics_obtained":["Red Mask"]},{"damage_healed":0.0,"max_hp_gain":0.0,"max_hp_loss":0.0,"gold_gain":0.0,"event_name":"SensoryStone","player_choice":"Memory 1","floor":48.0,"gold_loss":0.0,"damage_taken":0.0}],"is_beta":true,"boss_relics":[{"not_picked":["Ectoplasm","Fusion Hammer"],"picked":"Pandora\u0027s Box"},{"not_picked":["Runic Dome","Lizard Tail"],"picked":"Tiny House"}],"items_purged_floors":[],"is_endless":false,"potions_floor_spawned":[1,7,14,21,28,33,36,44,46],"ascension_level":0}