{"gold_per_floor":[111,130,130,55,71,71,87,119,168,201,51,51,71,81,81,81],"floor_reached":16,"playtime":629,"items_purged":["Strike_G"],"score":196,"play_id":"ccdb78f4-18b2-4eda-ad7f-3b4cfdbfa4c9","local_time":"20181108192124","is_ascension_mode":true,"campfire_choices":[{"data":"Neutralize","floor":6.0,"key":"SMITH"},{"data":"Footwork","floor":12.0,"key":"SMITH"},{"data":"Cloak And Dagger","floor":15.0,"key":"SMITH"}],"neow_cost":"NONE","seed_source_timestamp":41283034265666,"circlet_count":0,"master_deck":["AscendersBane","Defend_G+1","Defend_G","Defend_G","Defend_G","Defend_G","Strike_G","Strike_G","Strike_G","Strike_G","Survivor+1","Neutralize+1","Dagger Spray","Flying Knee","Cloak And Dagger+1","Poisoned Stab","Backflip","Footwork+1","Dagger Spray"],"special_seed":0,"relics":["Ring of the Snake","Gremlin Horn","War Paint","Anchor","Incense Burner"],"potions_floor_usage":[16],"damage_taken":[{"damage":2.0,"enemies":"2 Louse","floor":1.0,"turns":4.0},{"damage":2.0,"enemies":"Cultist","floor":2.0,"turns":4.0},{"damage":8.0,"enemies":"Jaw Worm","floor":5.0,"turns":6.0},{"damage":1.0,"enemies":"Large Slime","floor":7.0,"turns":6.0},{"damage":6.0,"enemies":"Gremlin Nob","floor":8.0,"turns":4.0},{"damage":24.0,"enemies":"Lagavulin","floor":10.0,"turns":9.0},{"damage":0.0,"enemies":"Lots of Slimes","floor":13.0,"turns":2.0},{"damage":0.0,"enemies":"Blue Slaver","floor":14.0,"turns":4.0},{"damage":40,"enemies":"The Guardian","floor":16,"turns":13}],"seed_played":"-5881186466730130904","potions_obtained":[{"floor":1.0,"key":"Regen Potion"},{"floor":5.0,"key":"SkillPotion"},{"floor":7.0,"key":"Energy Potion"},{"floor":10.0,"key":"Ancient Potion"}],"is_trial":false,"path_per_floor":["M","M","?","$","M","R","M","E","T","E","$","R","M","M","R","B"],"character_chosen":"THE_SILENT","items_purchased":["Footwork","Regen Potion"],"campfire_rested":0,"item_purchase_floors":[11,11],"current_hp_per_floor":[63,61,61,61,53,53,52,46,46,22,22,22,22,22,22,0],"gold":81,"neow_bonus":"TEN_PERCENT_HP_BONUS","is_prod":false,"is_daily":false,"chose_seed":false,"campfire_upgraded":3,"win_rate":0,"timestamp":1541733684,"path_taken":["M","M","?","$","M","R","M","E","T","E","$","R","M","?","R","BOSS"],"build_version":"2018-11-08","purchased_purges":1,"victory":false,"max_hp_per_floor":[72,72,72,72,72,72,72,72,72,72,72,72,72,72,72,72],"card_choices":[{"not_picked":["Reflex","Heel Hook"],"picked":"Dagger Spray","floor":1.0},{"not_picked":["PiercingWail","Bouncing Flask"],"picked":"Flying Knee","floor":2.0},{"not_picked":["Finisher","Accuracy"],"picked":"Cloak And Dagger","floor":5.0},{"not_picked":["Slice","Quick Slash"],"picked":"Poisoned Stab","floor":7.0},{"not_picked":["Calculated Gamble","Riddle With Holes"],"picked":"Backflip","floor":8.0},{"not_picked":["Flying Knee","Grand Finale","Outmaneuver"],"picked":"SKIP","floor":10.0},{"not_picked":["Flying Knee","Blade Dance","Backflip"],"picked":"SKIP","floor":13.0},{"not_picked":["Flying Knee","Dagger Throw"],"picked":"Dagger Spray","floor":14.0}],"player_experience":1604742,"relics_obtained":[{"floor":8.0,"key":"War Paint"},{"floor":9.0,"key":"Anchor"},{"floor":10.0,"key":"Incense Burner"}],"event_choices":[{"damage_healed":0.0,"max_hp_gain":0.0,"max_hp_loss":0.0,"gold_gain":0.0,"event_name":"WeMeetAgain","player_choice":"Gave Potion","floor":3.0,"gold_loss":0.0,"damage_taken":0.0,"relics_obtained":["Gremlin Horn"]}],"is_beta":false,"boss_relics":[],"items_purged_floors":[4],"is_endless":false,"potions_floor_spawned":[1,5,7,10],"killed_by":"The Guardian","ascension_level":15}