{"gold_per_floor":[111,111,111,36,87,118,118,162,215,43,43,67,91,13,13,142,142,155,150,25,25],"floor_reached":21,"playtime":438,"items_purged":["Regret","Injury","Pain"],"score":353,"play_id":"64a4b5c2-9518-4833-af2c-66238c74d808","local_time":"25611217164842","is_ascension_mode":true,"campfire_choices":[{"data":"Rainbow","floor":11,"key":"SMITH"},{"data":"Defragment","floor":15,"key":"SMITH"}],"neow_cost":"NONE","seed_source_timestamp":16263601124863,"circlet_count":0,"master_deck":["AscendersBane","Strike_B","Strike_B","Strike_B","Strike_B","Defend_B","Defend_B","Defend_B+1","Defend_B","Zap+1","Dualcast","Hello World","Rainbow+1","Chill","Defragment","Defragment+1","Ball Lightning","Capacitor","Buffer","Parasite","Pain"],"relics":["Cracked Core","NeowsBlessing","Orichalcum","Dream Catcher","Letter Opener","Golden Idol","Vajra","Pen Nib","Calling Bell","Strawberry","Question Card","Pocketwatch"],"potions_floor_usage":[16,18,18],"damage_taken":[{"damage":0,"enemies":"Jaw Worm","floor":1,"turns":1},{"damage":0,"enemies":"Lagavulin","floor":6,"turns":1},{"damage":0,"enemies":"Gremlin Nob","floor":8,"turns":1},{"damage":0,"enemies":"2 Louse","floor":12,"turns":2},{"damage":0,"enemies":"Small Slimes","floor":13,"turns":3},{"damage":22,"enemies":"Hexaghost","floor":16,"turns":8},{"damage":16,"enemies":"3 Byrds","floor":18,"turns":5},{"damage":32,"enemies":"2 Thieves","floor":19,"turns":4},{"damage":25,"enemies":"Snake Plant","floor":21,"turns":5}],"seed_played":"-8896856219758158803","potions_obtained":[{"floor":1,"key":"PowerPotion"},{"floor":6,"key":"Explosive Potion"},{"floor":12,"key":"EssenceOfSteel"}],"is_trial":false,"path_per_floor":["M","?","?","$","T","E","?","E","T","$","R","M","M","$","R","B",null,"M","M","$","M"],"character_chosen":"DEFECT","items_purchased":["Defragment","Capacitor"],"campfire_rested":0,"item_purchase_floors":[10,14],"current_hp_per_floor":[68,68,53,53,53,53,53,53,53,53,53,53,53,53,53,31,71,55,23,23,0],"gold":25,"neow_bonus":"THREE_ENEMY_KILL","is_prod":false,"is_daily":false,"chose_seed":false,"campfire_upgraded":2,"win_rate":0,"timestamp":1545040122,"path_taken":["M","?","?","$","?","E","?","E","T","$","R","M","?","$","R","BOSS","M","M","$","M"],"build_version":"2018-12-13","purchased_purges":3,"victory":false,"max_hp_per_floor":[75,75,75,75,75,75,75,75,75,75,75,75,75,75,75,75,82,82,82,82,82],"card_choices":[{"not_picked":["Consume","Streamline"],"picked":"Hello World","floor":1},{"not_picked":["Beam Cell","Loop"],"picked":"Rainbow","floor":6},{"not_picked":["Leap","Go for the Eyes"],"picked":"Chill","floor":8},{"not_picked":["Go for the Eyes","Hello World"],"picked":"Defragment","floor":12},{"not_picked":["Turbo","Sweeping Beam"],"picked":"Ball Lightning","floor":13},{"not_picked":["All For One","Rainbow"],"picked":"Buffer","floor":16},{"not_picked":["Sunder","Reinforced Body+1","Melter","Coolheaded"],"picked":"SKIP","floor":18},{"not_picked":["Redo","Beam Cell","Steam","Rebound"],"picked":"SKIP","floor":19}],"player_experience":214867,"relics_obtained":[{"floor":5,"key":"Dream Catcher"},{"floor":6,"key":"Letter Opener"},{"floor":8,"key":"Vajra"},{"floor":9,"key":"Pen Nib"},{"floor":17,"key":"Strawberry"},{"floor":17,"key":"Question Card"},{"floor":17,"key":"Pocketwatch"}],"event_choices":[{"damage_healed":0,"gold_gain":0,"player_choice":"Box","damage_taken":0,"relics_obtained":["Orichalcum"],"max_hp_gain":0,"max_hp_loss":0,"event_name":"Big Fish","floor":2,"gold_loss":0,"cards_obtained":["Regret"]},{"damage_healed":0,"gold_gain":0,"player_choice":"Entered Light","damage_taken":15,"max_hp_gain":0,"max_hp_loss":0,"event_name":"Shining Light","floor":3,"gold_loss":0,"cards_upgraded":["Defend_B","Zap"]},{"damage_healed":0,"gold_gain":0,"player_choice":"Take Wound","damage_taken":0,"relics_obtained":["Golden Idol"],"max_hp_gain":0,"max_hp_loss":0,"event_name":"Golden Idol","floor":7,"gold_loss":0,"cards_obtained":["Injury"]}],"is_beta":false,"boss_relics":[{"not_picked":["Snecko Eye","Coffee Dripper"],"picked":"Calling Bell"}],"items_purged_floors":[4,10,20],"is_endless":false,"potions_floor_spawned":[1,6,12],"killed_by":"Snake Plant","ascension_level":10}