{"gold_per_floor":[116,135,55,55,75,75,106,124,124,144,144,155,188,188,188,265,265,279,154,171,187,198,198,223,252,279,279,291,291,316,328,328,404,404,415,435,435,435,451,451,197,197,197,212,227,227,241,256,256,256],"floor_reached":51,"playtime":3029,"items_purged":["Strike_B","Defend_B"],"score":1255,"play_id":"26c68a24-b99c-49b9-9c36-8fd7f86aa7c3","local_time":"20180726193338","is_ascension_mode":true,"campfire_choices":[{"data":"Defragment","floor":6.0,"key":"SMITH"},{"floor":11.0,"key":"REST"},{"floor":15.0,"key":"REST"},{"floor":23.0,"key":"REST"},{"floor":27.0,"key":"REST"},{"floor":29.0,"key":"REST"},{"data":"Defragment","floor":32.0,"key":"SMITH"},{"data":"Zap","floor":40.0,"key":"SMITH"},{"data":"Steam Power","floor":46.0,"key":"SMITH"},{"floor":49,"key":"REST"}],"neow_cost":"NONE","seed_source_timestamp":42669465566780,"circlet_count":0,"master_deck":["Strike_B","Strike_B","Defend_B","Defend_B","Defend_B","Zap+1","Dualcast","AscendersBane","Rip and Tear+1","Cold Snap","Ball Lightning","Defragment+1","Steam","Conserve Battery","Streamline","Electrodynamics","Chill+1","Leap","Seek","Conserve Battery","Auto Shields","Defragment+1","Undo","Buffer","Echo Form","Leap+1","Steam Power+1","Stack"],"special_seed":0,"relics":["Cracked Core","Cables","Blue Candle","Mummified Hand","Bag of Marbles","Black Star","Bag of Preparation","Anchor","Red Mask","Bronze Scales","Mercury Hourglass","Meat on the Bone","Runic Dome","Nunchaku","Oddly Smooth Stone","Question Card"],"potions_floor_usage":[50,50],"damage_taken":[{"damage":0.0,"enemies":"Cultist","floor":1.0,"turns":3.0},{"damage":2.0,"enemies":"Jaw Worm","floor":2.0,"turns":3.0},{"damage":3.0,"enemies":"Small Slimes","floor":5.0,"turns":2.0},{"damage":22.0,"enemies":"Lagavulin","floor":7.0,"turns":4.0},{"damage":1.0,"enemies":"Looter","floor":8.0,"turns":3.0},{"damage":1.0,"enemies":"2 Fungi Beasts","floor":10.0,"turns":2.0},{"damage":4.0,"enemies":"Blue Slaver","floor":12.0,"turns":3.0},{"damage":7.0,"enemies":"Gremlin Nob","floor":13.0,"turns":3.0},{"damage":0.0,"enemies":"Slime Boss","floor":16.0,"turns":6.0},{"damage":6.0,"enemies":"Shell Parasite","floor":18.0,"turns":5.0},{"damage":3.0,"enemies":"Chosen","floor":20.0,"turns":4.0},{"damage":8.0,"enemies":"Snecko","floor":21.0,"turns":4.0},{"damage":8.0,"enemies":"Snake Plant","floor":22.0,"turns":3.0},{"damage":39.0,"enemies":"Book of Stabbing","floor":24.0,"turns":7.0},{"damage":0.0,"floor":25.0,"turns":3.0},{"damage":0.0,"enemies":"Chosen and Byrds","floor":28.0,"turns":4.0},{"damage":7.0,"enemies":"Gremlin Leader","floor":30.0,"turns":6.0},{"damage":0.0,"enemies":"Centurion and Healer","floor":31.0,"turns":5.0},{"damage":32.0,"enemies":"Champ","floor":33.0,"turns":11.0},{"damage":0.0,"enemies":"Orb Walker","floor":35.0,"turns":3.0},{"damage":0.0,"enemies":"Flame Bruiser 1 Orb","floor":36.0,"turns":5.0},{"damage":0.0,"floor":37.0,"turns":5.0},{"damage":0.0,"enemies":"Sphere and 2 Shapes","floor":39.0,"turns":4.0},{"damage":0.0,"enemies":"Maw","floor":44.0,"turns":6.0},{"damage":5.0,"enemies":"Spire Growth","floor":45.0,"turns":5.0},{"damage":0.0,"enemies":"Sphere and 2 Shapes","floor":47.0,"turns":3.0},{"damage":0,"enemies":"3 Darklings","floor":48,"turns":3},{"damage":13,"enemies":"Donu and Deca","floor":50,"turns":6}],"seed_played":"2900667565350336349","potions_obtained":[{"floor":2.0,"key":"Explosive Potion"},{"floor":5.0,"key":"Ancient Potion"},{"floor":7.0,"key":"Energy Potion"},{"floor":16.0,"key":"EntropicBrew"},{"floor":25.0,"key":"AttackPotion"},{"floor":33.0,"key":"SkillPotion"},{"floor":39.0,"key":"FocusPotion"},{"floor":47.0,"key":"PowerPotion"}],"is_trial":false,"path_per_floor":["M","M","$","?","M","R","E","M","T","M","R","M","E","?","R","B",null,"M","$","M","M","M","R","E","?","T","R","M","R","E","M","R","B",null,"M","M","?","?","M","R","$","?","T","M","M","R","M","M","R","B"],"character_chosen":"DEFECT","items_purchased":["Defragment","Conserve Battery","Oddly Smooth Stone"],"campfire_rested":6,"item_purchase_floors":[3,19,41],"current_hp_per_floor":[64,62,62,51,48,48,26,25,25,24,45,41,34,13,34,34,62,56,56,53,45,37,58,19,19,19,40,40,61,54,54,54,34,62,62,62,62,62,62,62,62,62,62,62,57,57,57,57,71,58],"gold":256,"neow_bonus":"TRANSFORM_CARD","is_prod":false,"is_daily":false,"chose_seed":false,"campfire_upgraded":4,"win_rate":0,"timestamp":1532658818,"path_taken":["M","M","?","?","M","R","E","M","T","M","R","M","E","?","R","BOSS","M","$","M","M","M","R","E","?","T","R","M","R","E","M","R","BOSS","M","M","?","?","M","R","$","?","T","M","?","R","M","M","R","BOSS"],"build_version":"2018-07-26","purchased_purges":2,"victory":true,"max_hp_per_floor":[71,71,71,71,71,71,71,71,71,71,71,71,71,71,71,71,71,71,71,71,71,71,71,71,71,71,71,71,71,71,71,71,71,71,71,71,71,71,71,71,71,71,71,71,71,71,71,71,71,71],"card_choices":[{"not_picked":["Gash","Self Repair"],"picked":"Cold Snap","floor":1.0},{"not_picked":["Barrage","Rebound"],"picked":"Ball Lightning","floor":2.0},{"not_picked":["Redo","Sweeping Beam"],"picked":"Steam","floor":5.0},{"not_picked":["Leap","Gash"],"picked":"Conserve Battery","floor":7.0},{"not_picked":["Storm","Ball Lightning"],"picked":"Streamline","floor":8.0},{"not_picked":["Hologram","Steam"],"picked":"Electrodynamics","floor":10.0},{"not_picked":["Ball Lightning","Beam Cell"],"picked":"Chill","floor":12.0},{"not_picked":["Reprogram","Loop"],"picked":"Leap","floor":13.0},{"not_picked":["Core Surge","Reboot"],"picked":"Seek","floor":16.0},{"not_picked":["Reprogram","Coolheaded","Tempest"],"picked":"SKIP","floor":18.0},{"not_picked":["Recycle+1","Storm","Sweeping Beam+1"],"picked":"SKIP","floor":20.0},{"not_picked":["Recycle+1","Storm","Sweeping Beam+1"],"picked":"SKIP","floor":20.0},{"not_picked":["Cold Snap","Sunder","Barrage+1"],"picked":"SKIP","floor":21.0},{"not_picked":["Compile Driver","Reinforced Body"],"picked":"Auto Shields","floor":22.0},{"not_picked":["Static Discharge","Sweeping Beam","Amplify"],"picked":"SKIP","floor":24.0},{"not_picked":["Skim","Sweeping Beam"],"picked":"Defragment","floor":25.0},{"not_picked":["Coolheaded+1","Compile Driver"],"picked":"Undo","floor":28.0},{"not_picked":["Chill","Leap"],"picked":"Buffer","floor":30.0},{"not_picked":["Compile Driver","Auto Shields"],"picked":"Go for the Eyes","floor":31.0},{"not_picked":["Hyperbeam","Seek"],"picked":"Echo Form","floor":33.0},{"not_picked":["Turbo","Rebound+1"],"picked":"Leap+1","floor":35.0},{"not_picked":["Turbo","Conserve Battery","Beam Cell"],"picked":"SKIP","floor":36.0},{"not_picked":["Darkness","Barrage","Go for the Eyes"],"picked":"SKIP","floor":39.0},{"not_picked":["Hologram","Sweeping Beam","Heatsinks"],"picked":"Steam Power","floor":44.0},{"not_picked":["Reprogram+1","Rebound","Auto Shields","Compile Driver"],"picked":"SKIP","floor":45.0},{"not_picked":["Conserve Battery","Self Repair","Aggregate","Turbo"],"picked":"SKIP","floor":47.0},{"not_picked":["Darkness","Streamline+1","Cold Snap"],"picked":"Stack","floor":48}],"player_experience":903414,"relics_obtained":[{"floor":7.0,"key":"Blue Candle"},{"floor":9.0,"key":"Mummified Hand"},{"floor":13.0,"key":"Bag of Marbles"},{"floor":24.0,"key":"Bag of Preparation"},{"floor":24.0,"key":"Anchor"},{"floor":25.0,"key":"Red Mask"},{"floor":26.0,"key":"Bronze Scales"},{"floor":30.0,"key":"Mercury Hourglass"},{"floor":30.0,"key":"Meat on the Bone"},{"floor":37.0,"key":"Nunchaku"},{"floor":43.0,"key":"Question Card"}],"event_choices":[{"event_name":"Scrap Ooze","player_choice":"success","floor":4.0,"damage_taken":11.0},{"event_name":"Shining Light","player_choice":"Entered Light","floor":14.0,"damage_taken":0.0},{"event_name":"Masked Bandits","player_choice":"Fought over 223 gold","floor":25.0,"damage_taken":0.0},{"event_name":"MindBloom","player_choice":"Fight","floor":37.0,"damage_taken":0.0},{"event_name":"SensoryStone","player_choice":"Memory 1","floor":38.0,"damage_taken":0.0},{"event_name":"Falling","player_choice":"Removed Attack","floor":42.0,"damage_taken":0.0}],"is_beta":false,"boss_relics":[{"not_picked":["Runic Pyramid","White Beast Statue"],"picked":"Black Star"},{"not_picked":["FrozenCore","Lizard Tail"],"picked":"Runic Dome"}],"items_purged_floors":[19,41],"is_endless":false,"potions_floor_spawned":[2,5,7,16,20,25,33,39,45,47],"ascension_level":15}