{"gold_per_floor":[113,129,204,214,61,61,61,61,110,128,128,154,164,182,182,253,253,269,319,319,346,363,363,363],"floor_reached":24,"playtime":946,"items_purged":[],"score":442,"play_id":"5d41d385-a428-45aa-9abb-fd8932d2c99b","local_time":"20181103101247","is_ascension_mode":true,"campfire_choices":[{"data":"Neutralize","floor":6,"key":"SMITH"},{"data":"Cloak And Dagger","floor":8,"key":"SMITH"},{"data":"Cloak And Dagger","floor":11,"key":"SMITH"},{"data":"Footwork","floor":15,"key":"SMITH"},{"data":"Crippling Poison","floor":23,"key":"SMITH"}],"neow_cost":"NONE","seed_source_timestamp":4304793802283,"circlet_count":0,"master_deck":["AscendersBane","Defend_G","Defend_G","Defend_G","Defend_G","Defend_G","Strike_G","Strike_G","Strike_G","Survivor","Neutralize+1","Finisher","Footwork+1","Cloak And Dagger+1","Leg Sweep","Sucker Punch","Cloak And Dagger+1","Blur","Quick Slash","Leg Sweep","After Image","PiercingWail","Decay","Crippling Poison+1"],"relics":["Runic Dome","Blood Vial","Calipers","Empty Cage","Regal Pillow"],"potions_floor_usage":[16,24],"damage_taken":[{"damage":4,"enemies":"Cultist","floor":1,"turns":5},{"damage":4,"enemies":"Small Slimes","floor":2,"turns":4},{"damage":4,"enemies":"2 Louse","floor":4,"turns":3},{"damage":6,"enemies":"Blue Slaver","floor":10,"turns":4},{"damage":0,"enemies":"3 Sentries","floor":12,"turns":9},{"damage":2,"enemies":"Looter","floor":13,"turns":4},{"damage":0,"enemies":"2 Fungi Beasts","floor":14,"turns":2},{"damage":21,"enemies":"Slime Boss","floor":16,"turns":13},{"damage":3,"enemies":"Shell Parasite","floor":18,"turns":10},{"damage":10,"enemies":"Spheric Guardian","floor":22,"turns":14},{"damage":48,"enemies":"Book of Stabbing","floor":24,"turns":10}],"seed_played":"8158764829701499744","potions_obtained":[{"floor":1,"key":"AttackPotion"},{"floor":2,"key":"EssenceOfSteel"}],"is_trial":false,"path_per_floor":["M","M","?","M","$","R","?","R","T","M","R","E","M","M","R","B",null,"M","?","?","T","M","R","E"],"character_chosen":"THE_SILENT","items_purchased":["Cloak And Dagger","Leg Sweep","Sucker Punch"],"campfire_rested":0,"item_purchase_floors":[5,5,5],"current_hp_per_floor":[55,51,40,36,36,36,36,36,36,32,32,34,34,36,36,17,54,53,53,53,53,45,45,0],"gold":363,"neow_bonus":"BOSS_RELIC","is_prod":false,"is_daily":false,"chose_seed":false,"campfire_upgraded":5,"win_rate":0,"timestamp":1541265167,"path_taken":["M","M","?","M","$","R","?","R","T","?","R","E","M","M","R","BOSS","M","?","?","?","M","R","E"],"build_version":"2018-11-01","purchased_purges":0,"victory":false,"max_hp_per_floor":[66,66,66,66,66,66,66,66,66,66,66,66,66,66,66,66,66,66,66,66,66,66,66,66],"card_choices":[{"not_picked":["Poisoned Stab","Calculated Gamble"],"picked":"Finisher","floor":1},{"not_picked":["Heel Hook","Choke"],"picked":"Footwork","floor":2},{"not_picked":["Outmaneuver","Expertise","PiercingWail"],"picked":"SKIP","floor":4},{"not_picked":["Well Laid Plans","Setup"],"picked":"Cloak And Dagger","floor":10},{"not_picked":["Dodge and Roll","Dagger Throw"],"picked":"Blur","floor":12},{"not_picked":["Grand Finale","Blade Dance"],"picked":"Quick Slash","floor":13},{"not_picked":["Catalyst","Bane"],"picked":"Leg Sweep","floor":14},{"not_picked":["Unload","Glass Knife"],"picked":"After Image","floor":16},{"not_picked":["Bouncing Flask+1","Infinite Blades"],"picked":"PiercingWail","floor":18},{"not_picked":["Deflect","Dodge and Roll"],"picked":"Crippling Poison","floor":22}],"player_experience":1574887,"relics_obtained":[{"floor":9,"key":"Blood Vial"},{"floor":12,"key":"Calipers"},{"floor":21,"key":"Regal Pillow"}],"event_choices":[{"damage_healed":0,"gold_gain":75,"player_choice":"Gather Gold","damage_taken":11,"max_hp_gain":0,"max_hp_loss":0,"event_name":"World of Goop","floor":3,"gold_loss":0},{"damage_healed":0,"gold_gain":0,"player_choice":"0 cards matched","damage_taken":0,"max_hp_gain":0,"max_hp_loss":0,"event_name":"Match and Keep!","floor":7,"gold_loss":0,"cards_obtained":[]},{"damage_healed":0,"gold_gain":50,"player_choice":"Stole From Cult","damage_taken":0,"max_hp_gain":0,"max_hp_loss":0,"event_name":"Nest","floor":19,"gold_loss":0},{"damage_healed":0,"gold_gain":0,"player_choice":"Smashed Altar","damage_taken":0,"max_hp_gain":0,"max_hp_loss":0,"event_name":"Forgotten Altar","floor":20,"gold_loss":0,"cards_obtained":["Decay"]}],"is_beta":false,"boss_relics":[{"not_picked":["Busted Crown","Runic Pyramid"],"picked":"Empty Cage"}],"items_purged_floors":[],"is_endless":false,"potions_floor_spawned":[1,2,10,14],"killed_by":"Book of Stabbing","ascension_level":20}