{"gold_per_floor":[114,133,150,150,150,150,182,182,250,250,281,21,21,33,33,107,107,107,107,32,32,32,32,32,32,32,32,32,32,32,32,32,32],"floor_reached":33,"playtime":1157,"items_purged":["Strike_G"],"score":575,"play_id":"5444b555-58a2-4ff2-87ed-2c62208a6f4b","local_time":"20181029121345","is_ascension_mode":true,"campfire_choices":[{"data":"Sucker Punch","floor":6,"key":"SMITH"},{"floor":8,"key":"REST"},{"data":"Dagger Spray","floor":10,"key":"SMITH"},{"floor":15,"key":"REST"},{"floor":23,"key":"REST"},{"data":"Cloak And Dagger","floor":25,"key":"SMITH"},{"data":"Cloak And Dagger","floor":27,"key":"SMITH"},{"floor":32,"key":"REST"}],"neow_cost":"NONE","seed_source_timestamp":2256389863730,"circlet_count":0,"master_deck":["Defend_G","Defend_G","Defend_G","Defend_G","Defend_G","Strike_G+1","Strike_G+1","Survivor+1","Neutralize+1","AscendersBane","Dagger Throw+1","Dagger Spray+1","Sucker Punch+1","Dodge and Roll+1","Noxious Fumes+1","Blur","Corpse Explosion","Cloak And Dagger+1","Cloak And Dagger+1","Backflip","Dagger Spray+1"],"special_seed":0,"relics":["Ring of the Snake","Whetstone","Question Card","Nunchaku","War Paint","Ectoplasm","Strawberry","Meat on the Bone","MawBank","StoneCalendar","Mango"],"potions_floor_usage":[28,31,33],"damage_taken":[{"damage":0.0,"enemies":"Small Slimes","floor":1.0,"turns":3.0},{"damage":0.0,"enemies":"Cultist","floor":2.0,"turns":4.0},{"damage":0.0,"enemies":"2 Louse","floor":3.0,"turns":2.0},{"damage":21,"enemies":"Gremlin Nob","floor":7,"turns":5},{"damage":21,"enemies":"3 Sentries","floor":11,"turns":8},{"damage":0,"enemies":"Gremlin Gang","floor":14,"turns":7},{"damage":5,"enemies":"Hexaghost","floor":16,"turns":12},{"damage":9,"enemies":"Shell Parasite","floor":18,"turns":8},{"damage":11,"enemies":"Chosen","floor":24,"turns":7},{"damage":0,"enemies":"Slavers","floor":28,"turns":3},{"damage":15,"enemies":"Gremlin Leader","floor":30,"turns":7},{"damage":10,"enemies":"Snake Plant","floor":31,"turns":4},{"damage":90,"enemies":"Champ","floor":33,"turns":12}],"seed_played":"-8477442059756923500","potions_obtained":[{"floor":1.0,"key":"GhostInAJar"},{"floor":11,"key":"SmokeBomb"},{"floor":28,"key":"EssenceOfSteel"},{"floor":30,"key":"SkillPotion"},{"floor":31,"key":"Fire Potion"}],"is_trial":false,"path_per_floor":["M","M","M","?","?","R","E","R","T","R","E","$","?","M","R","B",null,"M","?","?","$","?","R","M","R","T","R","E","T","E","M","R"],"character_chosen":"THE_SILENT","items_purchased":["Noxious Fumes","War Paint"],"campfire_rested":4,"item_purchase_floors":[12,12],"current_hp_per_floor":[65,65,65,43,36,36,15,36,36,36,15,15,15,15,36,31,62,53,60,60,60,37,62,51,51,51,51,51,51,62,52,81,0],"gold":32,"neow_bonus":"TEN_PERCENT_HP_BONUS","is_prod":false,"is_daily":false,"chose_seed":false,"campfire_upgraded":4,"win_rate":0,"timestamp":1540840425,"path_taken":["M","M","M","?","?","R","E","R","T","R","E","?","?","M","R","BOSS","M","?","?","$","?","R","?","R","T","R","E","?","E","M","R","BOSS"],"build_version":"2018-10-25v2","purchased_purges":1,"victory":false,"max_hp_per_floor":[72,72,72,72,72,72,72,72,72,72,72,72,72,72,72,72,72,72,79,79,79,84,84,84,84,84,84,84,84,98,98,98,98],"card_choices":[{"not_picked":["Reflex","Poisoned Stab"],"picked":"Dagger Throw","floor":1.0},{"not_picked":["Sucker Punch","Flying Knee"],"picked":"Dagger Spray","floor":2.0},{"not_picked":["Dagger Spray","Deadly Poison"],"picked":"Sucker Punch","floor":3.0},{"not_picked":["Burst","Flying Knee","Deadly Poison"],"picked":"SKIP","floor":7},{"not_picked":["Deadly Poison","Terror","Endless Agony"],"picked":"Dodge and Roll","floor":11},{"not_picked":["Finisher","Eviscerate","Predator"],"picked":"Blur","floor":14},{"not_picked":["Adrenaline","Grand Finale","Burst"],"picked":"Corpse Explosion","floor":16},{"not_picked":["Dodge and Roll","Expertise","Dagger Throw"],"picked":"Cloak And Dagger","floor":18},{"not_picked":["Quick Slash","Setup","Predator"],"picked":"Cloak And Dagger","floor":24},{"not_picked":["Acrobatics","Riddle With Holes","Prepared"],"picked":"Backflip","floor":28},{"not_picked":["Quick Slash","Deadly Poison","Outmaneuver+1","Predator"],"picked":"SKIP","floor":30},{"not_picked":["Quick Slash","Deadly Poison","Outmaneuver+1","Predator"],"picked":"SKIP","floor":30},{"not_picked":["Bane","Unload","Dodge and Roll"],"picked":"Dagger Spray+1","floor":31}],"player_experience":1511773,"relics_obtained":[{"floor":7,"key":"Whetstone"},{"floor":9,"key":"Question Card"},{"floor":11,"key":"Nunchaku"},{"floor":19,"key":"Strawberry"},{"floor":26,"key":"Meat on the Bone"},{"floor":28,"key":"MawBank"},{"floor":29,"key":"StoneCalendar"},{"floor":30,"key":"Mango"}],"event_choices":[{"damage_healed":0.0,"max_hp_gain":0.0,"max_hp_loss":0.0,"gold_gain":0.0,"event_name":"Shining Light","player_choice":"Entered Light","floor":4.0,"gold_loss":0.0,"damage_taken":22.0,"cards_upgraded":["Strike_G","Neutralize"]},{"cards_removed":["Strike_G"],"damage_healed":0,"gold_gain":0,"player_choice":"Card Removal","damage_taken":7,"max_hp_gain":0,"max_hp_loss":0,"event_name":"Golden Wing","floor":5,"gold_loss":0},{"damage_healed":0,"gold_gain":0,"player_choice":"Forge","damage_taken":0,"max_hp_gain":0,"max_hp_loss":0,"event_name":"Accursed Blacksmith","floor":13,"gold_loss":0,"cards_upgraded":["Noxious Fumes"]},{"damage_healed":0,"gold_gain":0,"player_choice":"Relic","damage_taken":0,"max_hp_gain":0,"max_hp_loss":0,"event_name":"Wheel of Change","floor":19,"gold_loss":0},{"cards_removed":["Strike_G"],"damage_healed":0,"gold_gain":0,"player_choice":"Gave Gold","damage_taken":0,"max_hp_gain":0,"max_hp_loss":0,"event_name":"Beggar","floor":20,"gold_loss":75},{"damage_healed":0,"gold_gain":0,"player_choice":"Shed Blood","damage_taken":28,"max_hp_gain":5,"max_hp_loss":0,"event_name":"Forgotten Altar","floor":22,"gold_loss":0}],"is_beta":false,"boss_relics":[{"not_picked":["Black Star","Lizard Tail"],"picked":"Ectoplasm"}],"items_purged_floors":[12],"is_endless":false,"potions_floor_spawned":[1,11,28,30,31],"killed_by":"Champ","ascension_level":15}