{"gold_per_floor":[112,112,129,142,187,187,204,204,204,236,7,7,18,37,37,37],"floor_reached":16,"playtime":414,"items_purged":["Strike_G"],"score":224,"play_id":"990c64c6-b5d4-476f-bf48-f8ecf7202844","local_time":"20181201022509","is_ascension_mode":true,"campfire_choices":[{"data":"Masterful Stab","floor":8.0,"key":"SMITH"},{"data":"Calculated Gamble","floor":15,"key":"SMITH"}],"neow_cost":"NONE","seed_source_timestamp":15661471132888,"circlet_count":0,"master_deck":["AscendersBane","Defend_G","Defend_G","Defend_G","Defend_G","Defend_G","Strike_G","Strike_G","Strike_G","Strike_G","Survivor","Neutralize","Masterful Stab+1","Infinite Blades","Tactician","Grand Finale","Backflip","Calculated Gamble+1"],"special_seed":0,"relics":["Ring of the Snake","NeowsBlessing","Snake Skull","Ninja Scroll","Bag of Preparation"],"potions_floor_usage":[10,14,16],"damage_taken":[{"damage":0.0,"enemies":"Small Slimes","floor":1.0,"turns":1.0},{"damage":0.0,"enemies":"Cultist","floor":3.0,"turns":1.0},{"damage":0.0,"enemies":"Jaw Worm","floor":4.0,"turns":1.0},{"damage":0.0,"enemies":"Lagavulin","floor":6.0,"turns":1.0},{"damage":21.0,"enemies":"Gremlin Gang","floor":7.0,"turns":7.0},{"damage":5,"enemies":"3 Sentries","floor":10,"turns":10},{"damage":3,"enemies":"Blue Slaver","floor":13,"turns":4},{"damage":0,"enemies":"Exordium Thugs","floor":14,"turns":1},{"damage":18,"enemies":"Slime Boss","floor":16,"turns":7}],"seed_played":"-4532498165600789755","potions_obtained":[{"floor":1.0,"key":"GamblersBrew"},{"floor":4.0,"key":"SmokeBomb"},{"floor":7.0,"key":"SkillPotion"},{"floor":14,"key":"Block Potion"}],"is_trial":false,"path_per_floor":["M","?","M","M","T","E","M","R","T","E","$","?","M","M","R","B"],"character_chosen":"THE_SILENT","items_purchased":["Grand Finale"],"campfire_rested":0,"item_purchase_floors":[11],"current_hp_per_floor":[59,55,55,55,55,55,34,34,34,29,29,20,17,17,17,0],"gold":37,"neow_bonus":"THREE_ENEMY_KILL","is_prod":false,"is_daily":false,"chose_seed":false,"campfire_upgraded":2,"win_rate":0,"timestamp":1543602309,"path_taken":["M","?","M","?","?","E","M","R","T","E","$","?","M","M","R","BOSS"],"build_version":"2018-11-15","purchased_purges":1,"victory":false,"max_hp_per_floor":[66,66,66,66,66,66,66,66,66,66,66,66,66,66,66,66],"card_choices":[{"not_picked":["Blur","Bane"],"picked":"Masterful Stab","floor":1.0},{"not_picked":["Slice","Underhanded Strike","Dodge and Roll"],"picked":"SKIP","floor":3.0},{"not_picked":["Blade Dance","Reflex"],"picked":"Infinite Blades","floor":4.0},{"not_picked":["Sucker Punch","Caltrops","Acrobatics"],"picked":"SKIP","floor":7.0},{"not_picked":["Sucker Punch","Caltrops","Acrobatics"],"picked":"SKIP","floor":7.0},{"not_picked":["Sucker Punch","Caltrops","Acrobatics"],"picked":"SKIP","floor":7.0},{"not_picked":["Quick Slash","Reflex"],"picked":"Tactician","floor":10},{"not_picked":["Poisoned Stab","Flying Knee"],"picked":"Backflip","floor":13},{"not_picked":["Dagger Throw","Prepared"],"picked":"Calculated Gamble","floor":14}],"player_experience":2228645,"relics_obtained":[{"floor":5.0,"key":"Snake Skull"},{"floor":9.0,"key":"Ninja Scroll"},{"floor":10,"key":"Bag of Preparation"}],"event_choices":[{"damage_healed":0.0,"max_hp_gain":0.0,"max_hp_loss":0.0,"gold_gain":0.0,"event_name":"The Woman in Blue","player_choice":"Bought 0 Potions","floor":2.0,"gold_loss":0.0,"damage_taken":0.0},{"damage_healed":0,"gold_gain":0,"player_choice":"Damaged","damage_taken":9,"max_hp_gain":0,"max_hp_loss":0,"event_name":"Wheel of Change","floor":12,"gold_loss":0}],"is_beta":false,"boss_relics":[],"items_purged_floors":[11],"is_endless":false,"potions_floor_spawned":[1,4,7,14],"killed_by":"Slime Boss","ascension_level":20}