{"gold_per_floor":[117,67,67,67,85,112,112,122,122,122,133,147,72,86,86,190,190,203,218,218],"floor_reached":20,"playtime":515,"items_purged":["Defend_R"],"score":201,"play_id":"6b32bad9-d58b-4489-aa6b-434fa6ff1b6c","local_time":"20190111210110","is_ascension_mode":false,"campfire_choices":[{"data":"Bash","floor":7,"key":"SMITH"},{"data":"Dual Wield","floor":10,"key":"SMITH"},{"data":"Strike_R","floor":15,"key":"SMITH"}],"neow_cost":"NONE","seed_source_timestamp":173274656126069,"circlet_count":0,"master_deck":["Strike_R+1","Strike_R","Strike_R+1","Defend_R+1","Bash+1","Dual Wield+1","Ghostly Armor+1","Power Through+1","Feel No Pain+1"],"relics":["Burning Blood","NeowsBlessing","Bottled Flame","Bag of Marbles","Astrolabe"],"potions_floor_usage":[11,16,18,20],"damage_taken":[{"damage":0,"enemies":"Cultist","floor":1,"turns":1},{"damage":0,"enemies":"Small Slimes","floor":5,"turns":1},{"damage":0,"enemies":"Gremlin Nob","floor":6,"turns":1},{"damage":6,"enemies":"Jaw Worm","floor":8,"turns":3},{"damage":4,"enemies":"Gremlin Gang","floor":11,"turns":4},{"damage":13,"enemies":"Lots of Slimes","floor":12,"turns":4},{"damage":10,"enemies":"Looter","floor":14,"turns":2},{"damage":32,"enemies":"Slime Boss","floor":16,"turns":8},{"damage":26,"enemies":"2 Thieves","floor":18,"turns":5},{"damage":35,"enemies":"Spheric Guardian","floor":19,"turns":6},{"damage":34,"enemies":"Shelled Parasite and Fungi","floor":20,"turns":6}],"seed_played":"-4606177377598724305","potions_obtained":[{"floor":5,"key":"AttackPotion"},{"floor":8,"key":"Energy Potion"},{"floor":11,"key":"SteroidPotion"},{"floor":12,"key":"Block Potion"},{"floor":18,"key":"FearPotion"},{"floor":19,"key":"AttackPotion"}],"is_trial":false,"path_per_floor":["M","?","$","?","M","E","R","M","T","R","M","M","$","M","R","B",null,"M","M","M"],"character_chosen":"IRONCLAD","items_purchased":[],"campfire_rested":0,"item_purchase_floors":[],"current_hp_per_floor":[80,80,80,64,70,76,76,76,76,76,78,71,71,67,67,41,80,60,31,0],"gold":218,"neow_bonus":"THREE_ENEMY_KILL","is_prod":false,"is_daily":false,"chose_seed":false,"campfire_upgraded":3,"win_rate":0,"timestamp":1547236870,"path_taken":["M","?","$","?","M","E","R","M","T","R","M","M","$","M","R","BOSS","M","M","M"],"build_version":"2019-01-10","purchased_purges":1,"victory":false,"max_hp_per_floor":[80,80,80,80,80,80,80,80,80,80,80,80,80,80,80,80,80,80,80,80],"card_choices":[{"not_picked":["Pommel Strike","Sword Boomerang","Carnage"],"picked":"SKIP","floor":1},{"not_picked":["Warcry","Havoc","Iron Wave"],"picked":"SKIP","floor":5},{"not_picked":["Uppercut","Rupture","Corruption"],"picked":"SKIP","floor":6},{"not_picked":["Clothesline","Pommel Strike"],"picked":"Dual Wield","floor":8},{"not_picked":["Bludgeon","Sword Boomerang","Clothesline"],"picked":"SKIP","floor":11},{"not_picked":["Thunderclap","Wild Strike","Battle Trance"],"picked":"SKIP","floor":12},{"not_picked":["Rampage","Perfected Strike","Heavy Blade"],"picked":"SKIP","floor":14},{"not_picked":["Shockwave","Thunderclap","Hemokinesis+1"],"picked":"SKIP","floor":18},{"not_picked":["Twin Strike","Armaments+1","Warcry+1"],"picked":"SKIP","floor":19}],"player_experience":438829,"relics_obtained":[{"floor":6,"key":"Bottled Flame"},{"floor":9,"key":"Bag of Marbles"}],"event_choices":[{"cards_removed":["Strike_R"],"damage_healed":0,"gold_gain":0,"player_choice":"Card Removal","damage_taken":0,"max_hp_gain":0,"max_hp_loss":0,"event_name":"The Cleric","floor":2,"gold_loss":50},{"damage_healed":0,"gold_gain":0,"player_choice":"Entered Light","damage_taken":16,"max_hp_gain":0,"max_hp_loss":0,"event_name":"Shining Light","floor":4,"gold_loss":0,"cards_upgraded":["Strike_R","Defend_R"]}],"is_beta":false,"boss_relics":[{"not_picked":["Busted Crown","Calling Bell"],"picked":"Astrolabe"}],"items_purged_floors":[13],"is_endless":false,"potions_floor_spawned":[5,8,11,12,14,18,19],"killed_by":"Shelled Parasite and Fungi","ascension_level":0}