{"gold_per_floor":[109,67,79,96,109,144,144,175,200,218,218,236,268,288,288,360,360,360,360,360,360,360,360,118,118,118,118,118,118,118,118,118,118,118,118,61,61,61,61,61,61,61,61,61,61,61,61,61,61,61,61],"floor_reached":52,"playtime":2965,"items_purged":[],"score":2327,"play_id":"e417eea9-afcc-4755-8e2d-a4e361b34df6","local_time":"20181103120639","daily_mods":["SealedDeck"],"is_ascension_mode":true,"campfire_choices":[{"data":"Armaments","floor":11.0,"key":"SMITH"},{"data":"Feel No Pain","floor":15,"key":"SMITH"},{"data":"Spot Weakness","floor":23,"key":"SMITH"},{"data":"Corruption","floor":28,"key":"SMITH"},{"data":"Feel No Pain","floor":32,"key":"SMITH"},{"floor":49,"key":"DIG"}],"neow_cost":"","seed_source_timestamp":0,"circlet_count":0,"master_deck":["AscendersBane","Sentinel","Heavy Blade","Sword Boomerang","Anger","Armaments+1","Clothesline","Iron Wave","Spot Weakness+1","Feel No Pain+1","Twin Strike+1","Whirlwind","Pommel Strike+1","Impervious","Exhume","Shrug It Off","Flame Barrier","Corruption+1","Exhume","Armaments","Warcry","Disarm","Fiend Fire","Feel No Pain+1","Shrug It Off","Havoc","Corruption","Disarm","Shrug It Off","Warcry","Disarm+1","Spot Weakness"],"special_seed":0,"relics":["Burning Blood","Du-Vu Doll","Whetstone","Smiling Mask","Pen Nib","Ectoplasm","Dead Branch","Gambling Chip","Blood Vial","Champion Belt","Mark of Pain","Ginger","Bottled Flame","Juzu Bracelet","Shovel","Mummified Hand","Ancient Tea Set"],"potions_floor_usage":[51],"damage_taken":[{"damage":0.0,"enemies":"Cultist","floor":1.0,"turns":3.0},{"damage":0.0,"enemies":"2 Louse","floor":3.0,"turns":1.0},{"damage":4.0,"enemies":"Jaw Worm","floor":4.0,"turns":3.0},{"damage":3.0,"enemies":"Blue Slaver","floor":5.0,"turns":3.0},{"damage":32.0,"enemies":"Gremlin Nob","floor":6.0,"turns":5.0},{"damage":18.0,"enemies":"Lagavulin","floor":8.0,"turns":5.0},{"damage":8.0,"enemies":"Exordium Thugs","floor":10.0,"turns":3.0},{"damage":1.0,"enemies":"Exordium Wildlife","floor":12.0,"turns":2.0},{"damage":12,"enemies":"3 Sentries","floor":13,"turns":5},{"damage":0,"enemies":"Blue Slaver","floor":14,"turns":3},{"damage":22,"enemies":"The Guardian","floor":16,"turns":10},{"damage":9,"enemies":"Shell Parasite","floor":18,"turns":5},{"damage":0,"enemies":"Chosen","floor":19,"turns":3},{"damage":10,"enemies":"Centurion and Healer","floor":21,"turns":5},{"damage":13,"enemies":"Slavers","floor":25,"turns":5},{"damage":11,"enemies":"Gremlin Leader","floor":27,"turns":4},{"damage":6,"enemies":"Slavers","floor":30,"turns":6},{"damage":0,"enemies":"Cultist and Chosen","floor":31,"turns":4},{"damage":17,"enemies":"Collector","floor":33,"turns":4},{"damage":9,"enemies":"3 Shapes","floor":35,"turns":5},{"damage":0,"enemies":"Orb Walker","floor":37,"turns":2},{"damage":0,"enemies":"Spire Growth","floor":38,"turns":3},{"damage":26,"enemies":"2 Orb Walkers","floor":39,"turns":4},{"damage":0,"enemies":"Nemesis","floor":40,"turns":5},{"damage":0,"enemies":"4 Shapes","floor":41,"turns":4},{"damage":11,"enemies":"Reptomancer","floor":42,"turns":5},{"damage":0,"enemies":"Jaw Worm Horde","floor":44,"turns":2},{"damage":0,"enemies":"Nemesis","floor":45,"turns":5},{"damage":21,"enemies":"3 Darklings","floor":47,"turns":5},{"damage":0,"enemies":"Spire Growth","floor":48,"turns":2},{"damage":11,"enemies":"Time Eater","floor":50,"turns":8},{"damage":6,"enemies":"Donu and Deca","floor":51,"turns":5}],"seed_played":"-910997938029333146","potions_obtained":[{"floor":4.0,"key":"Regen Potion"},{"floor":5.0,"key":"FearPotion"},{"floor":10.0,"key":"FearPotion"},{"floor":12.0,"key":"Energy Potion"},{"floor":18,"key":"Strength Potion"}],"is_trial":true,"path_per_floor":["M","$","M","M","M","E","?","E","T","M","R","M","E","M","R","B",null,"M","M","$","M","?","R","$","E","T","E","R","?","E","M","R","B",null,"M","$","M","M","?","E","M","E","T","M","E","?","M","M","R","B","B",null],"character_chosen":"IRONCLAD","items_purchased":["Whirlwind","Corruption","Exhume","Havoc"],"campfire_rested":0,"item_purchase_floors":[2,24,24,36],"current_hp_per_floor":[74,74,75,75,75,49,49,51,51,49,49,54,48,54,54,38,66,63,69,69,65,65,65,65,58,58,53,53,53,55,63,63,54,70,69,69,75,75,55,63,71,68,68,75,75,71,56,64,64,61,63],"gold":61,"neow_bonus":"","is_prod":false,"is_daily":false,"chose_seed":false,"campfire_upgraded":5,"win_rate":0,"timestamp":1541271999,"path_taken":["M","$","?","M","M","E","?","E","T","M","R","?","E","M","R","BOSS","M","M","$","M","?","R","$","E","T","E","R","?","E","?","R","BOSS","M","$","M","M","?","E","M","E","T","M","E","?","M","M","R","BOSS","BOSS"],"build_version":"2018-11-01","purchased_purges":0,"victory":true,"max_hp_per_floor":[75,75,75,75,75,75,75,75,75,75,75,75,75,75,75,75,75,75,75,75,75,75,75,75,75,75,75,75,75,75,75,75,75,75,75,75,75,75,75,75,75,75,75,75,75,71,71,71,71,71,71],"card_choices":[{"not_picked":["Anger","Body Slam"],"picked":"Twin Strike","floor":1.0},{"not_picked":["Body Slam","Flex","Bludgeon"],"picked":"SKIP","floor":3.0},{"not_picked":["Sword Boomerang","Whirlwind"],"picked":"Pommel Strike","floor":4.0},{"not_picked":["Heavy Blade","Wild Strike"],"picked":"Impervious","floor":5.0},{"not_picked":["Headbutt","Twin Strike","Thunderclap"],"picked":"SKIP","floor":6.0},{"not_picked":["Havoc","Heavy Blade","Body Slam"],"picked":"SKIP","floor":8.0},{"not_picked":["Dropkick","Power Through","Clothesline"],"picked":"SKIP","floor":10.0},{"not_picked":["Clothesline","Clash","Warcry"],"picked":"SKIP","floor":12.0},{"not_picked":["Iron Wave","Seeing Red"],"picked":"Shrug It Off","floor":13},{"not_picked":["Evolve","Twin Strike"],"picked":"Flame Barrier","floor":14},{"not_picked":["Clash+1","Evolve","Inflame"],"picked":"SKIP","floor":18},{"not_picked":["Entrench+1","Clash","Cleave"],"picked":"SKIP","floor":19},{"not_picked":["Power Through","Flame Barrier","Dual Wield"],"picked":"SKIP","floor":21},{"not_picked":["Body Slam","Heavy Blade"],"picked":"Armaments","floor":25},{"not_picked":["Dropkick","Metallicize"],"picked":"Warcry","floor":27},{"not_picked":["Body Slam","Sentinel"],"picked":"Fiend Fire","floor":30},{"not_picked":["Havoc","Twin Strike"],"picked":"Feel No Pain","floor":31},{"not_picked":["Iron Wave+1","Burning Pact"],"picked":"Shrug It Off","floor":35},{"not_picked":["Reckless Charge","Pommel Strike"],"picked":"Corruption","floor":37},{"not_picked":["Cleave","Dual Wield+1","Thunderclap"],"picked":"SKIP","floor":38},{"not_picked":["Infernal Blade+1","Flex+1"],"picked":"Disarm","floor":39},{"not_picked":["Barricade","Cleave","Anger"],"picked":"SKIP","floor":40},{"not_picked":["Intimidate","Rage"],"picked":"Shrug It Off","floor":41},{"not_picked":["Heavy Blade+1","Iron Wave","Twin Strike"],"picked":"SKIP","floor":42},{"not_picked":["True Grit","Havoc"],"picked":"Warcry","floor":44},{"not_picked":["Intimidate","Body Slam"],"picked":"Disarm+1","floor":45},{"not_picked":["Wild Strike+1","Rampage"],"picked":"Spot Weakness","floor":47},{"not_picked":["Searing Blow+1","Warcry","Sever Soul"],"picked":"SKIP","floor":48}],"player_experience":1575837,"relics_obtained":[{"floor":6.0,"key":"Du-Vu Doll"},{"floor":8.0,"key":"Whetstone"},{"floor":9.0,"key":"Smiling Mask"},{"floor":13,"key":"Pen Nib"},{"floor":25,"key":"Dead Branch"},{"floor":26,"key":"Gambling Chip"},{"floor":27,"key":"Blood Vial"},{"floor":30,"key":"Champion Belt"},{"floor":39,"key":"Ginger"},{"floor":40,"key":"Bottled Flame"},{"floor":42,"key":"Juzu Bracelet"},{"floor":43,"key":"Shovel"},{"floor":45,"key":"Mummified Hand"},{"floor":49,"key":"Ancient Tea Set"}],"event_choices":[{"damage_healed":0.0,"max_hp_gain":0.0,"max_hp_loss":0.0,"gold_gain":0.0,"cards_transformed":["Ghostly Armor"],"event_name":"Transmorgrifier","player_choice":"Transformed","floor":7.0,"gold_loss":0.0,"damage_taken":0.0,"cards_obtained":["Exhume"]},{"damage_healed":0,"gold_gain":50,"player_choice":"Stole From Cult","damage_taken":0,"max_hp_gain":0,"max_hp_loss":0,"event_name":"Nest","floor":22,"gold_loss":0},{"damage_healed":0,"gold_gain":0,"player_choice":"Read","damage_taken":0,"max_hp_gain":0,"max_hp_loss":0,"event_name":"The Library","floor":29,"gold_loss":0,"cards_obtained":["Disarm"]},{"damage_healed":0,"gold_gain":0,"player_choice":"Fight","damage_taken":0,"max_hp_gain":0,"max_hp_loss":0,"event_name":"Mysterious Sphere","floor":39,"gold_loss":0},{"damage_healed":0,"gold_gain":0,"player_choice":"Max HP","damage_taken":0,"max_hp_gain":0,"max_hp_loss":4,"event_name":"Winding Halls","floor":46,"gold_loss":0}],"is_beta":false,"boss_relics":[{"not_picked":["Eternal Feather","Coffee Dripper"],"picked":"Ectoplasm"},{"not_picked":["Empty Cage","Velvet Choker"],"picked":"Mark of Pain"}],"items_purged_floors":[],"is_endless":false,"potions_floor_spawned":[4,5,6,10,12,18,19,30,33,37,39,42,44,47],"ascension_level":20}