{"gold_per_floor":[112,131,206,41,55,55,89,108,159,176,176,208,208,208,208,208],"floor_reached":16,"playtime":650,"items_purged":[],"score":198,"play_id":"fa2d66b0-dfbb-4d85-9d60-2e430b5d6ce5","local_time":"20190421125058","is_ascension_mode":true,"campfire_choices":[{"data":"Flame Barrier","floor":6,"key":"SMITH"},{"floor":11,"key":"REST"},{"floor":13,"key":"REST"},{"data":"Armaments","floor":15,"key":"SMITH"}],"neow_cost":"NONE","seed_source_timestamp":790888710546500,"circlet_count":0,"master_deck":["AscendersBane","Strike_R","Strike_R","Strike_R","Strike_R","Defend_R","Defend_R","Defend_R","Defend_R","Bash","Hemokinesis","Shrug It Off","Flame Barrier+1","Heavy Blade","Armaments+1","Shrug It Off","Metallicize"],"relics":["Burning Blood","Regal Pillow","Darkstone Periapt","PreservedInsect","Omamori"],"potions_floor_usage":[2,12,12],"damage_taken":[{"damage":10,"enemies":"Small Slimes","floor":1,"turns":5},{"damage":10,"enemies":"Jaw Worm","floor":2,"turns":3},{"damage":4,"enemies":"Cultist","floor":5,"turns":3},{"damage":45,"enemies":"Gremlin Nob","floor":7,"turns":5},{"damage":20,"enemies":"Gremlin Gang","floor":8,"turns":4},{"damage":9,"enemies":"Blue Slaver","floor":10,"turns":5},{"damage":22,"enemies":"3 Sentries","floor":12,"turns":7},{"damage":82,"enemies":"Hexaghost","floor":16,"turns":18}],"seed_played":"6295119554069696489","potions_obtained":[{"floor":1,"key":"Fruit Juice"},{"floor":8,"key":"SteroidPotion"},{"floor":10,"key":"Poison Potion"}],"is_trial":false,"path_per_floor":["M","M","?","$","M","R","E","M","T","M","R","E","R","?","R","B"],"character_chosen":"IRONCLAD","items_purchased":["Regal Pillow"],"campfire_rested":2,"item_purchase_floors":[4],"current_hp_per_floor":[71,72,61,61,63,63,24,10,10,7,48,32,73,73,73,0],"gold":208,"neow_bonus":"TEN_PERCENT_HP_BONUS","is_prod":false,"is_daily":false,"chose_seed":false,"campfire_upgraded":2,"win_rate":0,"timestamp":1555840258,"path_taken":["M","M","?","$","M","R","E","M","T","M","R","E","R","?","R","BOSS"],"build_version":"2019-01-23","purchased_purges":0,"victory":false,"max_hp_per_floor":[82,87,87,87,87,87,87,87,87,87,87,87,87,87,87,87],"card_choices":[{"not_picked":["Warcry","Battle Trance"],"picked":"Hemokinesis","floor":1},{"not_picked":["Sword Boomerang","Thunderclap"],"picked":"Shrug It Off","floor":2},{"not_picked":["Iron Wave","Sword Boomerang"],"picked":"Flame Barrier","floor":5},{"not_picked":["Wild Strike","Warcry"],"picked":"Heavy Blade","floor":7},{"not_picked":["Anger","Warcry","Flex"],"picked":"SKIP","floor":8},{"not_picked":["Sword Boomerang","Exhume"],"picked":"Armaments","floor":10},{"not_picked":["Body Slam","Warcry"],"picked":"Shrug It Off","floor":12}],"player_experience":322435,"relics_obtained":[{"floor":7,"key":"Darkstone Periapt"},{"floor":9,"key":"PreservedInsect"},{"floor":12,"key":"Omamori"}],"event_choices":[{"damage_healed":0,"gold_gain":75,"player_choice":"Gather Gold","damage_taken":11,"max_hp_gain":0,"max_hp_loss":0,"event_name":"World of Goop","floor":3,"gold_loss":0},{"damage_healed":0,"gold_gain":0,"cards_transformed":["Strike_R"],"player_choice":"Transformed","damage_taken":0,"max_hp_gain":0,"max_hp_loss":0,"event_name":"Transmorgrifier","floor":14,"gold_loss":0,"cards_obtained":["Metallicize"]}],"is_beta":false,"boss_relics":[],"items_purged_floors":[],"is_endless":false,"potions_floor_spawned":[1,8,10],"killed_by":"Hexaghost","ascension_level":16}