{"path_per_floor":["M","M","$","M","?","R","M","E","T","M","R","M","E","$","R","B",null,"M","M","$","?","M","E"],"character_chosen":"THE_SILENT","items_purchased":["Skewer","Cloak And Dagger","Leg Sweep","Malaise","Flash of Steel"],"gold_per_floor":[116,126,29,46,46,46,62,125,125,138,138,152,185,35,35,155,155,178,203,27,27,47,80,80],"floor_reached":24,"campfire_rested":0,"playtime":2208,"item_purchase_floors":[3,3,14,14,20],"current_hp_per_floor":[70,69,69,65,65,65,47,43,43,41,41,40,19,19,19,6,65,59,56,56,56,12,2,0],"items_purged":["Defend_G"],"gold":80,"score":251,"play_id":"18d85060-054f-44b3-999a-404bbed9d6b9","local_time":"20180617114058","is_prod":false,"is_daily":false,"chose_seed":false,"is_ascension_mode":true,"campfire_upgraded":3,"win_rate":0,"timestamp":1529260858,"campfire_choices":[{"data":"Neutralize","floor":6,"key":"SMITH"},{"data":"Cloak And Dagger","floor":11,"key":"SMITH"},{"data":"Terror","floor":15,"key":"SMITH"}],"path_taken":["M","M","$","M","?","R","M","E","T","M","R","M","E","$","R","BOSS","M","M","?","?","?","E","?"],"build_version":"2018-06-14v2","seed_source_timestamp":11822563442245,"purchased_purges":1,"victory":false,"master_deck":["Defend_G","Defend_G","Defend_G","Defend_G","Strike_G","Strike_G","Survivor","Neutralize+1","Backflip","Caltrops","Skewer","Cloak And Dagger+1","Predator","Dagger Throw","Noxious Fumes","Slice","Terror+1","Infinite Blades+1","Leg Sweep","Malaise","Die Die Die","Grand Finale+1","Dagger Throw+1","Bane+1","Riddle With Holes","Flash of Steel","Dash","PiercingWail"],"max_hp_per_floor":[70,70,70,70,65,65,65,65,65,65,65,65,65,65,65,65,65,65,65,65,65,65,65,65],"relics":["Black Star","Golden Idol","Tiny Chest","Anchor","Shuriken","Kunai","Frozen Egg 2","Astrolabe","Snake Skull","Smiling Mask","Matryoshka"],"card_choices":[{"not_picked":["Caltrops","Eviscerate"],"picked":"Backflip","floor":1},{"not_picked":["Reflex","Heel Hook"],"picked":"Caltrops","floor":2},{"not_picked":["Prepared","Backflip"],"picked":"Predator","floor":4},{"not_picked":["Quick Slash","Infinite Blades"],"picked":"Dagger Throw","floor":7},{"not_picked":["Accuracy","Bullet Time"],"picked":"Noxious Fumes","floor":8},{"not_picked":["Acrobatics","Deadly Poison"],"picked":"Slice","floor":10},{"not_picked":["Setup","Dagger Throw"],"picked":"Terror","floor":12},{"not_picked":["Blade Dance","Eviscerate","Infinite Blades"],"picked":"SKIP","floor":13},{"not_picked":["Blade Dance","Eviscerate"],"picked":"Infinite Blades","floor":13},{"not_picked":["Night Terror","Glass Knife"],"picked":"Die Die Die","floor":16},{"not_picked":["Dagger Throw","Flying Knee","Skewer+1"],"picked":"SKIP","floor":18},{"not_picked":["Quick Slash","Prepared"],"picked":"Riddle With Holes","floor":19},{"not_picked":["Outmaneuver","Infinite Blades+1"],"picked":"Dash","floor":22},{"not_picked":["Dodge and Roll+1","Expertise"],"picked":"PiercingWail","floor":23}],"player_experience":557571,"potions_floor_usage":[8,13,23,24],"damage_taken":[{"damage":0,"enemies":"Jaw Worm","floor":1,"turns":6},{"damage":1,"enemies":"2 Louse","floor":2,"turns":4},{"damage":4,"enemies":"Small Slimes","floor":4,"turns":4},{"damage":18,"enemies":"3 Louse","floor":7,"turns":4},{"damage":4,"enemies":"3 Sentries","floor":8,"turns":9},{"damage":2,"enemies":"Blue Slaver","floor":10,"turns":5},{"damage":1,"enemies":"Red Slaver","floor":12,"turns":3},{"damage":21,"enemies":"Gremlin Nob","floor":13,"turns":4},{"damage":13,"enemies":"The Guardian","floor":16,"turns":10},{"damage":6,"enemies":"Shell Parasite","floor":18,"turns":5},{"damage":3,"enemies":"3 Byrds","floor":19,"turns":4},{"damage":44,"enemies":"Cultist and Chosen","floor":22,"turns":7},{"damage":10,"enemies":"Gremlin Leader","floor":23,"turns":7},{"damage":3,"enemies":"Snake Plant","floor":24,"turns":4}],"relics_obtained":[{"floor":8,"key":"Tiny Chest"},{"floor":8,"key":"Anchor"},{"floor":9,"key":"Shuriken"},{"floor":13,"key":"Kunai"},{"floor":13,"key":"Frozen Egg 2"},{"floor":23,"key":"Smiling Mask"},{"floor":23,"key":"Matryoshka"}],"event_choices":[{"event_name":"Golden Idol","player_choice":"Lose Max HP","floor":5,"damage_taken":0},{"event_name":"The Mausoleum","player_choice":"Yes","floor":21,"damage_taken":0}],"boss_relics":[{"not_picked":["Coffee Dripper","Sozu"],"picked":"Astrolabe"}],"items_purged_floors":[20],"is_endless":false,"potions_floor_spawned":[1,2,7,16,22,23],"seed_played":"-1674635838090209842","killed_by":"Snake Plant","ascension_level":2,"potions_obtained":[{"floor":1,"key":"Swift Potion"},{"floor":2,"key":"EssenceOfSteel"},{"floor":7,"key":"Dexterity Potion"},{"floor":16,"key":"Strength Potion"},{"floor":22,"key":"GhostInAJar"},{"floor":23,"key":"SteroidPotion"}],"is_trial":false}