{"gold_per_floor":[20,38,88,99,24,24,39,74,74,107,127,142,142,201,201,276,276,292,342,352,332,14,14,28,61,84,84,116,135,166,166,166,241,241,253,253,158,177,188,188,207,239,239,239,135,135,150,175,175,175],"floor_reached":51,"playtime":2557,"items_purged":["Strike_R","Anger","Berserk","Wild Strike"],"score":1544,"play_id":"9c2c40f4-b246-46c2-b33d-ddc28543c455","local_time":"20190227115220","is_ascension_mode":true,"campfire_choices":[{"data":"Bash","floor":6.0,"key":"SMITH"},{"data":"Uppercut","floor":13.0,"key":"SMITH"},{"data":"True Grit","floor":15.0,"key":"SMITH"},{"data":"Shockwave","floor":23.0,"key":"SMITH"},{"data":"Dual Wield","floor":27.0,"key":"SMITH"},{"data":"Feel No Pain","floor":32.0,"key":"SMITH"},{"data":"True Grit","floor":40.0,"key":"SMITH"},{"data":"True Grit","floor":46.0,"key":"SMITH"},{"data":"Inflame","floor":49.0,"key":"SMITH"}],"neow_cost":"NO_GOLD","seed_source_timestamp":33291284016193,"circlet_count":0,"master_deck":["AscendersBane","Bash+1","Uppercut+1","Feed","Shockwave+1","True Grit+1","Limit Break+1","Clothesline","Dual Wield+1","Feel No Pain+1","Pommel Strike","Carnage","Pummel+1","Offering","Dropkick","Demon Form","Dark Embrace","Twin Strike","Inflame+1","True Grit+1","Battle Trance","Flame Barrier","True Grit+1","Reaper","Impervious"],"special_seed":0,"relics":["Burning Blood","Thread and Needle","Centennial Puzzle","Darkstone Periapt","Mango","Bag of Preparation","Snecko Eye","Pen Nib","Mummified Hand","Vajra","Smiling Mask","Ginger","Pandora\u0027s Box","Torii","Oddly Smooth Stone","Bottled Lightning"],"potions_floor_usage":[],"damage_taken":[{"damage":7.0,"enemies":"Jaw Worm","floor":1.0,"turns":4.0},{"damage":0.0,"enemies":"Cultist","floor":2.0,"turns":3.0},{"damage":0.0,"enemies":"2 Louse","floor":4.0,"turns":2.0},{"damage":15.0,"enemies":"Exordium Wildlife","floor":7.0,"turns":5.0},{"damage":21.0,"enemies":"3 Sentries","floor":8.0,"turns":6.0},{"damage":7.0,"enemies":"Lagavulin","floor":10.0,"turns":7.0},{"damage":11.0,"enemies":"3 Louse","floor":11.0,"turns":5.0},{"damage":5.0,"enemies":"Red Slaver","floor":12.0,"turns":3.0},{"damage":25.0,"enemies":"3 Sentries","floor":14.0,"turns":6.0},{"damage":41.0,"enemies":"The Guardian","floor":16.0,"turns":14.0},{"damage":0.0,"enemies":"3 Byrds","floor":18.0,"turns":4.0},{"damage":7.0,"enemies":"Shell Parasite","floor":20.0,"turns":5.0},{"damage":0.0,"enemies":"Cultist and Chosen","floor":24.0,"turns":4.0},{"damage":30.0,"enemies":"Slavers","floor":25.0,"turns":7.0},{"damage":6.0,"enemies":"Gremlin Leader","floor":28.0,"turns":6.0},{"damage":11.0,"enemies":"Sentry and Sphere","floor":29.0,"turns":5.0},{"damage":9.0,"enemies":"Book of Stabbing","floor":30.0,"turns":5.0},{"damage":61.0,"enemies":"Collector","floor":33.0,"turns":11.0},{"damage":6.0,"enemies":"3 Darklings","floor":35.0,"turns":3.0},{"damage":0.0,"enemies":"Orb Walker","floor":38.0,"turns":1.0},{"damage":0.0,"enemies":"Sphere and 2 Shapes","floor":39.0,"turns":2.0},{"damage":2.0,"enemies":"Jaw Worm Horde","floor":41.0,"turns":4.0},{"damage":6.0,"enemies":"Giant Head","floor":42.0,"turns":4.0},{"damage":6.0,"enemies":"Maw","floor":47.0,"turns":6.0},{"damage":31.0,"enemies":"Reptomancer","floor":48.0,"turns":7.0},{"damage":6,"enemies":"Donu and Deca","floor":50,"turns":5}],"seed_played":"3116186361226071757","potions_obtained":[{"floor":2.0,"key":"GamblersBrew"},{"floor":7.0,"key":"Dexterity Potion"},{"floor":11.0,"key":"Swift Potion"},{"floor":14.0,"key":"PowerPotion"},{"floor":21.0,"key":"SteroidPotion"},{"floor":29.0,"key":"Swift Potion"},{"floor":33.0,"key":"LiquidBronze"},{"floor":35.0,"key":"Swift Potion"},{"floor":41.0,"key":"SkillPotion"}],"is_trial":false,"path_per_floor":["M","M","?","M","$","R","M","E","T","E","M","M","R","?","R","B",null,"M","?","M","?","$","R","M","E","T","R","E","M","E","?","R","B",null,"M","?","$","M","M","R","M","E","T","?","$","R","M","E","R","B",null],"character_chosen":"IRONCLAD","items_purchased":["Feel No Pain","Pen Nib","True Grit","True Grit"],"campfire_rested":0,"item_purchase_floors":[22,22,37,45],"current_hp_per_floor":[67,73,73,75,75,75,66,51,51,64,62,66,66,50,50,18,80,89,89,91,91,91,91,97,76,76,76,76,71,71,71,71,16,89,89,89,89,95,104,104,111,111,111,119,119,119,122,113,113,125],"gold":175,"neow_bonus":"ONE_RARE_RELIC","is_prod":false,"is_daily":false,"chose_seed":false,"campfire_upgraded":9,"win_rate":0,"timestamp":1551297140,"path_taken":["M","M","?","M","?","R","M","E","T","E","M","?","R","?","R","BOSS","M","?","M","?","$","R","M","E","T","R","E","?","E","?","R","BOSS","M","?","$","M","M","R","M","E","T","?","$","R","M","E","R","BOSS"],"build_version":"2019-01-23","purchased_purges":4,"victory":true,"max_hp_per_floor":[75,75,75,75,75,75,75,75,75,89,92,95,95,98,98,101,101,104,104,107,107,107,107,107,110,110,110,110,110,113,113,113,113,113,113,113,113,113,116,116,119,119,119,119,119,119,122,122,122,125],"card_choices":[{"not_picked":["Flex","Armaments"],"picked":"Anger","floor":1.0},{"not_picked":["Sentinel","Twin Strike"],"picked":"Whirlwind","floor":2.0},{"not_picked":["Body Slam","Sever Soul","Perfected Strike"],"picked":"SKIP","floor":4.0},{"not_picked":["Warcry","Perfected Strike"],"picked":"Uppercut","floor":7.0},{"not_picked":["Second Wind","Body Slam","Clash"],"picked":"SKIP","floor":8.0},{"not_picked":["Perfected Strike","Combust"],"picked":"Feed","floor":10.0},{"not_picked":["Havoc","Cleave"],"picked":"Shockwave","floor":11.0},{"not_picked":["Havoc","Clash","Sword Boomerang"],"picked":"SKIP","floor":12.0},{"not_picked":["Flame Barrier","Perfected Strike"],"picked":"True Grit","floor":14.0},{"not_picked":["Reaper","Brutality"],"picked":"Limit Break","floor":16.0},{"not_picked":["Anger","Warcry"],"picked":"Clothesline","floor":18.0},{"not_picked":["Intimidate","Flex"],"picked":"Dual Wield","floor":20.0},{"not_picked":["Evolve","Dropkick+1","Whirlwind"],"picked":"SKIP","floor":24.0},{"not_picked":["Double Tap","Pommel Strike","Power Through"],"picked":"SKIP","floor":25.0},{"not_picked":["Pommel Strike","Perfected Strike","Power Through"],"picked":"SKIP","floor":28.0},{"not_picked":["Perfected Strike","Power Through"],"picked":"Pommel Strike","floor":28.0},{"not_picked":["Cleave","Searing Blow"],"picked":"Carnage","floor":29.0},{"not_picked":["Fire Breathing","Shockwave"],"picked":"Pummel+1","floor":30.0},{"not_picked":["Feed","Juggernaut"],"picked":"Offering","floor":33.0},{"not_picked":["Clash","Pummel","Combust"],"picked":"SKIP","floor":35.0},{"not_picked":["Heavy Blade","Combust"],"picked":"Battle Trance","floor":38.0},{"not_picked":["Cleave","Shockwave","Anger"],"picked":"SKIP","floor":39.0},{"not_picked":["Cleave","Shockwave","Anger"],"picked":"SKIP","floor":39.0},{"not_picked":["Carnage+1","Warcry+1"],"picked":"Flame Barrier","floor":41.0},{"not_picked":["Perfected Strike+1","Havoc","Sever Soul"],"picked":"SKIP","floor":42.0},{"not_picked":["Blood for Blood","Heavy Blade"],"picked":"Reaper","floor":47.0},{"not_picked":["Clothesline+1","Battle Trance"],"picked":"Impervious","floor":48.0}],"player_experience":2272766,"relics_obtained":[{"floor":8.0,"key":"Centennial Puzzle"},{"floor":9.0,"key":"Darkstone Periapt"},{"floor":10.0,"key":"Mango"},{"floor":14.0,"key":"Bag of Preparation"},{"floor":25.0,"key":"Mummified Hand"},{"floor":26.0,"key":"Vajra"},{"floor":28.0,"key":"Smiling Mask"},{"floor":30.0,"key":"Ginger"},{"floor":42.0,"key":"Torii"},{"floor":43.0,"key":"Oddly Smooth Stone"},{"floor":48.0,"key":"Bottled Lightning"}],"event_choices":[{"damage_healed":0.0,"max_hp_gain":0.0,"max_hp_loss":0.0,"gold_gain":50.0,"event_name":"Golden Shrine","player_choice":"Pray","floor":3.0,"gold_loss":0.0,"damage_taken":0.0},{"damage_healed":0.0,"max_hp_gain":0.0,"max_hp_loss":0.0,"gold_gain":0.0,"event_name":"Dead Adventurer","player_choice":"Searched \u00271\u0027 times","floor":14.0,"gold_loss":0.0,"damage_taken":0.0},{"damage_healed":0.0,"max_hp_gain":0.0,"max_hp_loss":0.0,"gold_gain":50.0,"event_name":"Nest","player_choice":"Stole From Cult","floor":19.0,"gold_loss":0.0,"damage_taken":0.0},{"damage_healed":0.0,"max_hp_gain":0.0,"max_hp_loss":0.0,"gold_gain":0.0,"event_name":"The Woman in Blue","player_choice":"Bought 1 Potion","floor":21.0,"gold_loss":0.0,"damage_taken":0.0},{"damage_healed":0.0,"max_hp_gain":0.0,"max_hp_loss":0.0,"gold_gain":0.0,"event_name":"Upgrade Shrine","player_choice":"Upgraded","floor":31.0,"gold_loss":0.0,"damage_taken":0.0,"cards_upgraded":["Limit Break"]},{"cards_removed":["Whirlwind"],"damage_healed":0.0,"max_hp_gain":0.0,"max_hp_loss":0.0,"gold_gain":0.0,"event_name":"Falling","player_choice":"Removed Attack","floor":36.0,"gold_loss":0.0,"damage_taken":0.0},{"cards_removed":["Sever Soul"],"damage_healed":8.0,"max_hp_gain":0.0,"max_hp_loss":0.0,"gold_gain":0.0,"event_name":"Bonfire Elementals","player_choice":"Offered Uncommon","floor":44.0,"gold_loss":0.0,"damage_taken":0.0}],"is_beta":false,"boss_relics":[{"not_picked":["Ectoplasm","Astrolabe"],"picked":"Snecko Eye"},{"not_picked":["White Beast Statue","Black Blood"],"picked":"Pandora\u0027s Box"}],"items_purged_floors":[5,22,37,45],"is_endless":false,"potions_floor_spawned":[2,7,11,14,29,33,35,41,42],"ascension_level":15}