{"gold_per_floor":[116,39,57,72,89,89,55,55,81,91,91,162,179,190,190,293,293,309,323,323,323,238,238,269,269,294,294,294,294,294,310,310,413,413,432,432,432,443,455,455,455],"floor_reached":41,"playtime":2931,"items_purged":[],"score":506,"play_id":"d4dcde12-070b-4f2a-a59a-7aa50696d9c1","local_time":"20190421162707","is_ascension_mode":true,"campfire_choices":[{"data":"Noxious Fumes","floor":6,"key":"SMITH"},{"data":"Noxious Fumes","floor":15,"key":"SMITH"},{"data":"Footwork","floor":23,"key":"SMITH"},{"data":"Bite","floor":27,"key":"SMITH"},{"floor":30,"key":"REST"},{"data":"Bite","floor":32,"key":"SMITH"},{"floor":40,"key":"REST"}],"neow_cost":"NONE","seed_source_timestamp":12900759494581,"circlet_count":0,"master_deck":["Defend_G+1","Defend_G+1","Defend_G+1","Defend_G+1","Defend_G+1","Survivor","Neutralize","Noxious Fumes+1","Bouncing Flask+1","Poisoned Stab","Bane","Dash","Footwork+1","Bane","Flechettes","Noxious Fumes+1","Adrenaline","Deflect+1","Bite","Bite","Bite","Bite+1","Bite+1","Deflect+1","Corpse Explosion","Deadly Poison+1","Backstab","Noxious Fumes+1"],"relics":["Ring of the Snake","Bronze Scales","Smiling Mask","Empty Cage","Oddly Smooth Stone","Blue Candle","Pen Nib"],"potions_floor_usage":[16,33,33],"damage_taken":[{"damage":1,"enemies":"Cultist","floor":1,"turns":4},{"damage":0,"enemies":"2 Louse","floor":3,"turns":3},{"damage":0,"enemies":"Small Slimes","floor":4,"turns":4},{"damage":1,"enemies":"Exordium Wildlife","floor":5,"turns":3},{"damage":0,"enemies":"3 Louse","floor":10,"turns":2},{"damage":0,"enemies":"Large Slime","floor":13,"turns":4},{"damage":2,"enemies":"2 Fungi Beasts","floor":14,"turns":3},{"damage":31,"enemies":"Hexaghost","floor":16,"turns":8},{"damage":3,"enemies":"Chosen","floor":18,"turns":4},{"damage":9,"enemies":"Shell Parasite","floor":19,"turns":4},{"damage":13,"enemies":"Book of Stabbing","floor":24,"turns":5},{"damage":22,"enemies":"Colosseum Slavers","floor":28,"turns":5},{"damage":13,"enemies":"Centurion and Healer","floor":31,"turns":7},{"damage":50,"enemies":"Automaton","floor":33,"turns":8},{"damage":7,"enemies":"Orb Walker","floor":35,"turns":5},{"damage":0,"enemies":"3 Shapes","floor":38,"turns":7},{"damage":24,"enemies":"3 Darklings","floor":39,"turns":3},{"damage":59,"enemies":"Transient","floor":41,"turns":3}],"seed_played":"-8523841886914101714","potions_obtained":[{"floor":3,"key":"SkillPotion"},{"floor":4,"key":"Poison Potion"},{"floor":10,"key":"PowerPotion"},{"floor":19,"key":"SteroidPotion"},{"floor":33,"key":"FearPotion"},{"floor":35,"key":"Ancient Potion"}],"is_trial":false,"path_per_floor":["M","$","M","M","M","R","$","$","T","M","?","?","M","M","R","B",null,"M","M","?","?","?","R","E","?","T","R","?","$","R","M","R","B",null,"M","?","?","M","M","R","M"],"character_chosen":"THE_SILENT","items_purchased":["Bouncing Flask","Footwork"],"campfire_rested":2,"item_purchase_floors":[2,7],"current_hp_per_floor":[69,69,69,69,68,68,68,68,68,68,68,68,68,66,66,35,70,67,58,58,70,70,70,57,49,49,49,37,37,49,49,49,11,49,46,46,46,49,27,41,0],"gold":455,"neow_bonus":"RANDOM_COMMON_RELIC","is_prod":false,"is_daily":false,"chose_seed":false,"campfire_upgraded":5,"win_rate":0,"timestamp":1555860427,"path_taken":["M","$","M","M","M","R","?","$","T","M","?","?","M","M","R","BOSS","M","M","?","?","?","R","E","?","T","R","?","$","R","M","R","BOSS","M","?","?","M","M","R","M"],"build_version":"2019-01-23","purchased_purges":0,"victory":false,"max_hp_per_floor":[70,70,70,70,70,70,70,70,70,70,70,70,70,70,70,70,70,70,70,70,70,70,70,70,49,49,49,49,49,49,49,49,49,49,49,49,49,49,49,49,49],"card_choices":[{"not_picked":["Cloak And Dagger","Calculated Gamble"],"picked":"Noxious Fumes","floor":1},{"not_picked":["Tactician","Deadly Poison"],"picked":"Poisoned Stab","floor":3},{"not_picked":["Dagger Spray","Underhanded Strike"],"picked":"Bane","floor":4},{"not_picked":["Flying Knee","Acrobatics"],"picked":"Dash","floor":5},{"not_picked":["Sucker Punch","Skewer"],"picked":"Bane","floor":10},{"not_picked":["Dagger Throw","Bullet Time"],"picked":"Flechettes","floor":13},{"not_picked":["Underhanded Strike","Choke"],"picked":"Noxious Fumes","floor":14},{"not_picked":["Tools of the Trade","Unload"],"picked":"Adrenaline","floor":16},{"not_picked":["Outmaneuver","Backflip","Riddle With Holes+1"],"picked":"SKIP","floor":18},{"not_picked":["Quick Slash+1","Dodge and Roll+1"],"picked":"Deflect+1","floor":19},{"not_picked":["Accuracy","Dodge and Roll","Prepared"],"picked":"SKIP","floor":24},{"not_picked":["Quick Slash","Tactician"],"picked":"Deflect+1","floor":31},{"not_picked":["Malaise","Wraith Form v2"],"picked":"Corpse Explosion","floor":33},{"not_picked":["Quick Slash+1","Dagger Throw+1"],"picked":"Deadly Poison+1","floor":35},{"not_picked":["PiercingWail","Backflip"],"picked":"Backstab","floor":38},{"not_picked":["Dodge and Roll","Quick Slash+1"],"picked":"Noxious Fumes+1","floor":39}],"player_experience":677649,"relics_obtained":[{"floor":9,"key":"Smiling Mask"},{"floor":24,"key":"Blue Candle"},{"floor":26,"key":"Pen Nib"}],"event_choices":[{"damage_healed":0,"gold_gain":0,"player_choice":"Grow","damage_taken":0,"max_hp_gain":0,"max_hp_loss":0,"event_name":"Living Wall","floor":11,"gold_loss":0,"cards_upgraded":["Bouncing Flask"]},{"damage_healed":0,"gold_gain":71,"player_choice":"Gained Gold","damage_taken":0,"max_hp_gain":0,"max_hp_loss":0,"event_name":"Golden Wing","floor":12,"gold_loss":0},{"damage_healed":0,"gold_gain":0,"player_choice":"Simplicity","damage_taken":0,"max_hp_gain":0,"max_hp_loss":0,"event_name":"Back to Basics","floor":20,"gold_loss":0,"cards_upgraded":["Defend_G","Defend_G","Defend_G","Defend_G","Defend_G","Strike_G","Strike_G","Strike_G"]},{"damage_healed":23,"gold_gain":0,"player_choice":"Heal","damage_taken":0,"max_hp_gain":0,"max_hp_loss":0,"event_name":"The Library","floor":21,"gold_loss":0},{"damage_healed":0,"gold_gain":0,"player_choice":"Obtained Relic","damage_taken":0,"relics_obtained":["Oddly Smooth Stone"],"max_hp_gain":0,"max_hp_loss":0,"event_name":"Addict","floor":22,"gold_loss":85},{"damage_healed":0,"gold_gain":0,"player_choice":"Became a vampire","damage_taken":0,"max_hp_gain":0,"max_hp_loss":21,"event_name":"Vampires","floor":25,"gold_loss":0,"cards_obtained":["Bite","Bite","Bite","Bite","Bite"]},{"damage_healed":0,"gold_gain":0,"player_choice":"Fight","damage_taken":0,"max_hp_gain":0,"max_hp_loss":0,"event_name":"Colosseum","floor":28,"gold_loss":0},{"damage_healed":0,"gold_gain":0,"player_choice":"Fled From Nobs","damage_taken":0,"max_hp_gain":0,"max_hp_loss":0,"event_name":"Colosseum","floor":28,"gold_loss":0},{"damage_healed":0,"gold_gain":0,"player_choice":"Ignored","damage_taken":0,"max_hp_gain":0,"max_hp_loss":0,"event_name":"Mysterious Sphere","floor":36,"gold_loss":0},{"damage_healed":0,"gold_gain":0,"player_choice":"Ignored","damage_taken":0,"max_hp_gain":0,"max_hp_loss":0,"event_name":"Tomb of Lord Red Mask","floor":37,"gold_loss":0}],"is_beta":false,"boss_relics":[{"not_picked":["Snecko Eye","WristBlade"],"picked":"Empty Cage"},{"not_picked":["Pandora\u0027s Box","Coffee Dripper","Astrolabe"]}],"items_purged_floors":[],"is_endless":false,"potions_floor_spawned":[3,4,10,19,33,35],"killed_by":"Transient","ascension_level":4}