{"gold_per_floor":[119,130,146,3,3,31,31,42,67,67,80,110,110,130,130,204,204,214,214,226,226,226,252,268,268,268,268,80,106,106,125,125,125],"floor_reached":33,"playtime":1482,"items_purged":["Strike_R"],"score":479,"play_id":"5fa4f5fd-67e7-4373-afe9-2b0304995062","local_time":"20190417115927","is_ascension_mode":true,"campfire_choices":[{"data":"Whirlwind","floor":7.0,"key":"SMITH"},{"data":"True Grit","floor":10.0,"key":"SMITH"},{"floor":13.0,"key":"REST"},{"floor":15.0,"key":"REST"},{"data":"Double Tap","floor":25.0,"key":"SMITH"},{"data":"Apotheosis","floor":30.0,"key":"SMITH"},{"floor":32.0,"key":"RECALL"}],"neow_cost":"NONE","seed_source_timestamp":0,"circlet_count":0,"master_deck":["AscendersBane","Strike_R","Strike_R","Defend_R","Defend_R","Defend_R","Defend_R","Bash","Iron Wave","Whirlwind+1","Evolve","Rampage","True Grit+1","Shrug It Off","Double Tap+1","Fiend Fire","Necronomicurse","Shrug It Off","Headbutt","Apotheosis+1"],"special_seed":0,"relics":["Burning Blood","Strawberry","Bag of Marbles","Centennial Puzzle","Runic Cube","Necronomicon","Pear","Mummified Hand","Ancient Tea Set"],"potions_floor_usage":[],"damage_taken":[{"damage":10.0,"enemies":"Cultist","floor":1.0,"turns":5.0},{"damage":2.0,"enemies":"Jaw Worm","floor":2.0,"turns":3.0},{"damage":6.0,"enemies":"2 Louse","floor":3.0,"turns":3.0},{"damage":51.0,"enemies":"Lagavulin","floor":6.0,"turns":8.0},{"damage":4.0,"enemies":"2 Fungi Beasts","floor":8.0,"turns":3.0},{"damage":4.0,"enemies":"Large Slime","floor":11.0,"turns":5.0},{"damage":51.0,"enemies":"Gremlin Nob","floor":12.0,"turns":6.0},{"damage":0.0,"enemies":"Looter","floor":14.0,"turns":2.0},{"damage":30.0,"enemies":"Slime Boss","floor":16.0,"turns":10.0},{"damage":0.0,"enemies":"3 Byrds","floor":18.0,"turns":5.0},{"damage":18.0,"enemies":"Shell Parasite","floor":20.0,"turns":3.0},{"damage":8.0,"enemies":"Gremlin Leader","floor":23.0,"turns":4.0},{"damage":13.0,"enemies":"Sentry and Sphere","floor":24.0,"turns":5.0},{"damage":0.0,"enemies":"Snecko","floor":31.0,"turns":2.0},{"damage":92,"enemies":"Collector","floor":33,"turns":8}],"seed_played":"7079468452724059105","potions_obtained":[{"floor":1.0,"key":"Regen Potion"},{"floor":6.0,"key":"Block Potion"},{"floor":12.0,"key":"Energy Potion"},{"floor":14.0,"key":"AttackPotion"}],"is_trial":false,"path_per_floor":["M","M","M","$","?","E","R","M","T","R","M","E","R","M","R","B",null,"M","?","M","?","?","E","M","R","T","?","$","T","R","M","R","B"],"character_chosen":"IRONCLAD","items_purchased":["Rampage","Apotheosis"],"campfire_rested":2,"item_purchase_floors":[4,28],"current_hp_per_floor":[68,72,72,72,72,34,34,36,36,36,52,7,33,39,65,41,76,82,66,54,37,37,45,38,38,38,72,72,72,72,78,78,0],"gold":125,"neow_bonus":"REMOVE_CARD","is_prod":false,"is_daily":false,"chose_seed":false,"campfire_upgraded":4,"win_rate":0,"timestamp":1555491567,"path_taken":["M","?","M","$","?","E","R","M","T","R","?","E","R","M","R","BOSS","M","?","M","?","?","E","M","R","T","?","$","?","R","M","R","BOSS"],"build_version":"2019-01-23","purchased_purges":1,"victory":false,"max_hp_per_floor":[80,80,80,80,80,87,87,87,87,87,87,87,87,87,87,87,87,87,87,87,92,92,102,102,102,102,102,102,102,102,102,102,102],"card_choices":[{"not_picked":["Dual Wield","Carnage"],"picked":"Iron Wave","floor":1.0},{"not_picked":["Thunderclap","Wild Strike"],"picked":"Whirlwind","floor":2.0},{"not_picked":["Combust","Power Through"],"picked":"Evolve","floor":3.0},{"not_picked":["Anger","Warcry","Searing Blow"],"picked":"SKIP","floor":6.0},{"not_picked":["Twin Strike","Cleave"],"picked":"True Grit","floor":8.0},{"not_picked":["True Grit","Pommel Strike"],"picked":"Shrug It Off","floor":11.0},{"not_picked":["Warcry","Twin Strike"],"picked":"Double Tap","floor":12.0},{"not_picked":["Combust","Warcry","Perfected Strike"],"picked":"SKIP","floor":14.0},{"not_picked":["Immolate","Bludgeon"],"picked":"Fiend Fire","floor":16.0},{"not_picked":["Clash","Body Slam","Heavy Blade"],"picked":"SKIP","floor":18.0},{"not_picked":["Pommel Strike","Evolve"],"picked":"Shrug It Off","floor":20.0},{"not_picked":["Feed","Infernal Blade","Warcry"],"picked":"SKIP","floor":23.0},{"not_picked":["Shrug It Off","Anger"],"picked":"Headbutt","floor":24.0},{"not_picked":["Blood for Blood","Evolve","Twin Strike"],"picked":"SKIP","floor":31.0}],"player_experience":292248,"relics_obtained":[{"floor":6.0,"key":"Strawberry"},{"floor":9.0,"key":"Bag of Marbles"},{"floor":12.0,"key":"Centennial Puzzle"},{"floor":19.0,"key":"Necronomicon"},{"floor":23.0,"key":"Pear"},{"floor":26.0,"key":"Mummified Hand"},{"floor":29.0,"key":"Ancient Tea Set"}],"event_choices":[{"cards_removed":["Strike_R"],"damage_healed":0.0,"max_hp_gain":0.0,"max_hp_loss":0.0,"gold_gain":0.0,"event_name":"Purifier","player_choice":"Purged","floor":5.0,"gold_loss":0.0,"damage_taken":0.0},{"damage_healed":0.0,"max_hp_gain":0.0,"max_hp_loss":0.0,"gold_gain":0.0,"event_name":"Cursed Tome","player_choice":"Obtained Book","floor":19.0,"gold_loss":0.0,"damage_taken":16.0},{"damage_healed":0.0,"max_hp_gain":5.0,"max_hp_loss":0.0,"gold_gain":0.0,"event_name":"Forgotten Altar","player_choice":"Shed Blood","floor":21.0,"gold_loss":0.0,"damage_taken":22.0},{"damage_healed":0.0,"max_hp_gain":0.0,"max_hp_loss":0.0,"gold_gain":0.0,"event_name":"Ghosts","player_choice":"Ignored","floor":22.0,"gold_loss":0.0,"damage_taken":0.0},{"damage_healed":34.0,"max_hp_gain":0.0,"max_hp_loss":0.0,"gold_gain":0.0,"event_name":"The Library","player_choice":"Heal","floor":27.0,"gold_loss":0.0,"damage_taken":0.0}],"is_beta":false,"boss_relics":[{"not_picked":["Calling Bell","Black Blood"],"picked":"Runic Cube"}],"items_purged_floors":[4],"is_endless":false,"potions_floor_spawned":[1,6,12,14],"killed_by":"Collector","ascension_level":13}