{"gold_per_floor":[114,134,134,144,155,155,181,181,181,216,250,250,261,296,296,374,374,393,405,405,422,522,583,583,608,608,626,639,658,674,704,704,781,781,792,805,805,163,163,198,212,237,249,261,305,317,358,405,417,429,441],"floor_reached":52,"playtime":2649,"items_purged":["Dagger Spray"],"score":3080,"play_id":"fdc0d0a8-a2a2-495b-b17f-9778ae3210a6","local_time":"20181226173551","daily_mods":["SealedDeck","DeadlyEvents"],"is_ascension_mode":true,"campfire_choices":[{"data":"Catalyst","floor":6.0,"key":"SMITH"},{"data":"Deadly Poison","floor":8.0,"key":"SMITH"},{"data":"Malaise","floor":12.0,"key":"SMITH"},{"data":"Noxious Fumes","floor":15.0,"key":"SMITH"},{"data":"Bouncing Flask","floor":24.0,"key":"SMITH"},{"data":"Dodge and Roll","floor":32.0,"key":"SMITH"},{"data":"Calculated Gamble","floor":44,"key":"SMITH"},{"data":"Deflect","floor":46,"key":"SMITH"},{"data":"PiercingWail","floor":49,"key":"SMITH"}],"neow_cost":"","seed_source_timestamp":0,"circlet_count":0,"master_deck":["AscendersBane","Dodge and Roll+1","PiercingWail","Crippling Poison","Deflect","Poisoned Stab+1","Blur","Deadly Poison+1","Backstab+1","Leg Sweep","Bouncing Flask+1","Catalyst+1","Malaise+1","Noxious Fumes+1","Escape Plan","Corpse Explosion","Calculated Gamble+1","Footwork+1","Backflip","Deflect+1","PiercingWail+1"],"special_seed":0,"relics":["Ring of the Snake","FaceOfCleric","Ancient Tea Set","Question Card","FossilizedHelix","Dream Catcher","PreservedInsect","Cursed Key","Tingsha","Sundial","Tiny Chest","Snake Skull","Dodecahedron","Runic Pyramid","Paper Crane","TwistedFunnel","Bird Faced Urn","MawBank","Whetstone","Prayer Wheel","Pear"],"potions_floor_usage":[51,51],"damage_taken":[{"damage":0.0,"enemies":"Cultist","floor":1.0,"turns":4.0},{"damage":0.0,"enemies":"Small Slimes","floor":2.0,"turns":3.0},{"damage":0.0,"enemies":"2 Louse","floor":4.0,"turns":2.0},{"damage":7.0,"enemies":"2 Fungi Beasts","floor":5.0,"turns":3.0},{"damage":0.0,"enemies":"Gremlin Nob","floor":7.0,"turns":3.0},{"damage":17.0,"enemies":"3 Sentries","floor":10.0,"turns":7.0},{"damage":0.0,"enemies":"Gremlin Nob","floor":11.0,"turns":3.0},{"damage":0.0,"enemies":"Blue Slaver","floor":13.0,"turns":4.0},{"damage":18.0,"enemies":"3 Sentries","floor":14.0,"turns":6.0},{"damage":0.0,"enemies":"The Guardian","floor":16.0,"turns":5.0},{"damage":12.0,"enemies":"Shell Parasite","floor":18.0,"turns":4.0},{"damage":0.0,"enemies":"3 Byrds","floor":19.0,"turns":3.0},{"damage":3.0,"enemies":"Snake Plant","floor":21.0,"turns":4.0},{"damage":0.0,"enemies":"Colosseum Slavers","floor":22.0,"turns":3.0},{"damage":11.0,"enemies":"Colosseum Nobs","floor":22.0,"turns":3.0},{"damage":11.0,"enemies":"Book of Stabbing","floor":23.0,"turns":5.0},{"damage":0.0,"enemies":"Gremlin Leader","floor":25.0,"turns":4.0},{"damage":1.0,"enemies":"Chosen and Byrds","floor":27.0,"turns":3.0},{"damage":0.0,"enemies":"Shelled Parasite and Fungi","floor":28.0,"turns":6.0},{"damage":0.0,"enemies":"Centurion and Healer","floor":29.0,"turns":5.0},{"damage":0.0,"enemies":"Snecko","floor":30.0,"turns":4.0},{"damage":0.0,"enemies":"Book of Stabbing","floor":31.0,"turns":3.0},{"damage":0.0,"enemies":"Automaton","floor":33.0,"turns":7.0},{"damage":0.0,"enemies":"Orb Walker","floor":35.0,"turns":4.0},{"damage":0.0,"enemies":"3 Shapes","floor":36.0,"turns":2.0},{"damage":0.0,"enemies":"Reptomancer","floor":40.0,"turns":4.0},{"damage":0.0,"enemies":"3 Darklings","floor":41.0,"turns":3.0},{"damage":0.0,"enemies":"Giant Head","floor":42.0,"turns":6.0},{"damage":0,"enemies":"Nemesis","floor":45,"turns":3},{"damage":0,"enemies":"Reptomancer","floor":47,"turns":3},{"damage":0,"enemies":"Giant Head","floor":48,"turns":4},{"damage":0,"enemies":"Time Eater","floor":50,"turns":7},{"damage":0,"enemies":"Awakened One","floor":51,"turns":11}],"seed_played":"-1960616676344006203","potions_obtained":[{"floor":1.0,"key":"Regen Potion"},{"floor":2.0,"key":"Poison Potion"},{"floor":10.0,"key":"Block Potion"},{"floor":19.0,"key":"SneckoOil"},{"floor":27.0,"key":"EssenceOfSteel"},{"floor":28.0,"key":"SkillPotion"},{"floor":31.0,"key":"AttackPotion"},{"floor":33.0,"key":"Dexterity Potion"},{"floor":40.0,"key":"Dexterity Potion"}],"is_trial":true,"path_per_floor":["M","M","?","M","M","R","E","R","T","E","E","R","M","E","R","B",null,"M","M","$","M","?","E","R","E","T","M","M","M","M","E","R","B",null,"M","M","?","$","$","E","M","E","E","T","R","E","R","E","E","R","B","B",null],"character_chosen":"THE_SILENT","items_purchased":["Paper Crane","TwistedFunnel","PiercingWail"],"campfire_rested":0,"item_purchase_floors":[38,38,38],"current_hp_per_floor":[59,59,59,60,54,54,55,55,55,39,40,40,41,24,24,25,62,51,52,52,50,41,46,46,47,47,47,48,49,50,51,51,52,78,79,80,80,80,80,81,84,89,89,89,90,90,94,105,105,106,107],"gold":453,"neow_bonus":"","is_prod":false,"is_daily":false,"chose_seed":false,"campfire_upgraded":9,"win_rate":0,"timestamp":1545874551,"path_taken":["M","M","?","M","M","R","E","R","T","?","E","R","M","E","R","BOSS","M","M","?","M","?","E","R","E","T","M","?","M","M","E","R","BOSS","M","M","?","$","?","E","?","E","T","R","E","R","?","E","R","BOSS","BOSS"],"build_version":"2018-12-20","purchased_purges":1,"victory":true,"max_hp_per_floor":[66,66,66,67,68,68,69,69,69,70,71,71,72,73,73,74,74,75,76,76,77,79,80,80,81,81,82,83,84,85,86,86,87,87,88,89,89,89,89,90,91,92,92,92,93,93,94,105,105,106,107],"card_choices":[{"not_picked":["Dagger Spray","Poisoned Stab","Outmaneuver"],"picked":"SKIP","floor":1.0},{"not_picked":["Underhanded Strike","Deflect","Backflip"],"picked":"SKIP","floor":2.0},{"not_picked":["Quick Slash","Outmaneuver"],"picked":"Bouncing Flask","floor":4.0},{"not_picked":["Sucker Punch","Slice"],"picked":"Catalyst","floor":5.0},{"not_picked":["Masterful Stab","PiercingWail","Slice"],"picked":"SKIP","floor":7.0},{"not_picked":["Accuracy","Quick Slash","Slice"],"picked":"Malaise","floor":10.0},{"not_picked":["Dagger Spray","Backstab","PiercingWail","Storm of Steel"],"picked":"SKIP","floor":11.0},{"not_picked":["Masterful Stab","Blade Dance","Deflect"],"picked":"Noxious Fumes","floor":13.0},{"not_picked":["Cloak And Dagger","Deadly Poison","A Thousand Cuts"],"picked":"Escape Plan","floor":14.0},{"not_picked":["Venomology","Night Terror","Malaise"],"picked":"Corpse Explosion","floor":16.0},{"not_picked":["Quick Slash","Dodge and Roll","Slice","Outmaneuver"],"picked":"SKIP","floor":18.0},{"not_picked":["Slice","Cloak And Dagger","Dodge and Roll"],"picked":"Calculated Gamble","floor":19.0},{"not_picked":["PiercingWail","All Out Attack","Distraction","Bouncing Flask"],"picked":"SKIP","floor":21.0},{"not_picked":["Flying Knee+1","Poisoned Stab","Infinite Blades"],"picked":"Footwork+1","floor":23.0},{"not_picked":["Terror+1","Die Die Die","Poisoned Stab","Flying Knee"],"picked":"SKIP","floor":25.0},{"not_picked":["Choke","Quick Slash+1","Expertise+1"],"picked":"Backflip","floor":27.0},{"not_picked":["Blade Dance","Backflip","Quick Slash","Setup"],"picked":"SKIP","floor":28.0},{"not_picked":["Backflip","Dagger Throw","Outmaneuver","Reflex+1"],"picked":"SKIP","floor":29.0},{"not_picked":["Dagger Spray","Dagger Throw","PiercingWail","Dodge and Roll"],"picked":"SKIP","floor":30.0},{"not_picked":["Blur","Sucker Punch","Choke","Reflex"],"picked":"SKIP","floor":31.0},{"not_picked":["Cloak And Dagger","Concentrate","Blade Dance","Quick Slash"],"picked":"SKIP","floor":35.0},{"not_picked":["Cloak And Dagger","Concentrate","Blade Dance","Quick Slash"],"picked":"SKIP","floor":35.0},{"not_picked":["Caltrops","Blur","Dash"],"picked":"Deflect","floor":36.0},{"not_picked":["Corpse Explosion","Choke","Prepared","Accuracy+1"],"picked":"SKIP","floor":40.0},{"not_picked":["PiercingWail","Acrobatics","Dagger Throw","Bane"],"picked":"SKIP","floor":41.0},{"not_picked":["Well Laid Plans","Skewer","Acrobatics","Deflect"],"picked":"SKIP","floor":42.0},{"not_picked":["Crippling Poison","Sucker Punch+1","PiercingWail","Dodge and Roll"],"picked":"SKIP","floor":45},{"not_picked":["All Out Attack","Slice+1","Distraction","Masterful Stab"],"picked":"SKIP","floor":47},{"not_picked":["Underhanded Strike+1","Masterful Stab+1","Expertise","Poisoned Stab"],"picked":"SKIP","floor":48}],"player_experience":1885789,"relics_obtained":[{"floor":7.0,"key":"Ancient Tea Set"},{"floor":9.0,"key":"Question Card"},{"floor":10.0,"key":"FossilizedHelix"},{"floor":11.0,"key":"Dream Catcher"},{"floor":14.0,"key":"PreservedInsect"},{"floor":22.0,"key":"Tingsha"},{"floor":22.0,"key":"Sundial"},{"floor":23.0,"key":"Tiny Chest"},{"floor":25.0,"key":"Snake Skull"},{"floor":31.0,"key":"Dodecahedron"},{"floor":40.0,"key":"Bird Faced Urn"},{"floor":42.0,"key":"MawBank"},{"floor":45,"key":"Whetstone"},{"floor":47,"key":"Prayer Wheel"},{"floor":48,"key":"Pear"}],"event_choices":[{"damage_healed":0.0,"max_hp_gain":0.0,"max_hp_loss":0.0,"gold_gain":0.0,"event_name":"FaceTrader","player_choice":"Trade","floor":3.0,"gold_loss":0.0,"damage_taken":0.0,"relics_obtained":["FaceOfCleric"]},{"damage_healed":0.0,"max_hp_gain":0.0,"max_hp_loss":0.0,"gold_gain":0.0,"event_name":"Colosseum","player_choice":"Fight","floor":22.0,"gold_loss":0.0,"damage_taken":0.0},{"damage_healed":0.0,"max_hp_gain":0.0,"max_hp_loss":0.0,"gold_gain":0.0,"event_name":"Colosseum","player_choice":"Fought Nobs","floor":22.0,"gold_loss":0.0,"damage_taken":0.0},{"damage_healed":0.0,"max_hp_gain":0.0,"max_hp_loss":0.0,"gold_gain":0.0,"event_name":"Tomb of Lord Red Mask","player_choice":"Ignored","floor":37.0,"gold_loss":0.0,"damage_taken":0.0}],"is_beta":false,"boss_relics":[{"not_picked":["Ring of the Serpent","Sozu"],"picked":"Cursed Key"},{"not_picked":["Runic Dome","HoveringKite"],"picked":"Runic Pyramid"}],"items_purged_floors":[38],"is_endless":false,"potions_floor_spawned":[1,2,4,10,19,22,27,28,31,33,40,47,48],"ascension_level":20}