{"gold_per_floor":[110,126,126,126,137,137,163,163,163,163,173,200,33,47,47,124,124,143,143,158,46,146,146,46,46,46,46,46,46,64,64,64,64],"floor_reached":33,"playtime":1087,"items_purged":["Strike_R","Strike_R"],"score":452,"play_id":"ecc18095-082a-4b21-96aa-53fd96b3fd63","local_time":"20190420192522","is_ascension_mode":true,"campfire_choices":[{"data":"Spot Weakness","floor":6,"key":"SMITH"},{"data":"Heavy Blade","floor":8,"key":"SMITH"},{"data":"Flame Barrier","floor":10,"key":"SMITH"},{"floor":15,"key":"REST"},{"floor":23,"key":"REST"},{"data":"Inflame","floor":25,"key":"SMITH"},{"data":"Fiend Fire","floor":27,"key":"SMITH"},{"data":"Disarm","floor":29,"key":"SMITH"},{"floor":32,"key":"REST"}],"neow_cost":"NONE","seed_source_timestamp":727713343008500,"circlet_count":0,"master_deck":["AscendersBane","Strike_R","Strike_R","Defend_R","Defend_R","Defend_R","Defend_R","Bash","Heavy Blade+1","Flame Barrier+1","Spot Weakness+1","Carnage","Headbutt","Inflame+1","Fiend Fire+1","Evolve","Shrug It Off","Iron Wave","Disarm+1","Battle Trance","Pummel","Double Tap","Writhe"],"relics":["Burning Blood","Bottled Flame","Blood Vial","Charon\u0027s Ashes","Happy Flower","Orrery","Shovel","Kunai","Singing Bowl","Molten Egg 2"],"potions_floor_usage":[7,16,18,22],"damage_taken":[{"damage":8,"enemies":"Jaw Worm","floor":1,"turns":5},{"damage":0,"enemies":"2 Louse","floor":2,"turns":2},{"damage":18,"enemies":"Small Slimes","floor":5,"turns":4},{"damage":20,"enemies":"Gremlin Nob","floor":7,"turns":4},{"damage":0,"enemies":"2 Fungi Beasts","floor":11,"turns":3},{"damage":55,"enemies":"Lagavulin","floor":12,"turns":7},{"damage":11,"enemies":"Looter","floor":14,"turns":2},{"damage":34,"enemies":"Slime Boss","floor":16,"turns":11},{"damage":21,"enemies":"Spheric Guardian","floor":18,"turns":5},{"damage":21,"enemies":"Shell Parasite","floor":20,"turns":4},{"damage":29,"enemies":"Colosseum Slavers","floor":22,"turns":5},{"damage":32,"enemies":"Colosseum Nobs","floor":22,"turns":5},{"damage":27,"enemies":"Sentry and Sphere","floor":30,"turns":5},{"damage":54,"enemies":"Champ","floor":33,"turns":10}],"seed_played":"7602415511122371079","potions_obtained":[{"floor":1,"key":"FairyPotion"},{"floor":2,"key":"Weak Potion"},{"floor":12,"key":"PowerPotion"},{"floor":16,"key":"BloodPotion"},{"floor":20,"key":"Strength Potion"}],"is_trial":false,"path_per_floor":["M","M","?","?","M","R","E","R","T","R","M","E","$","M","R","B",null,"M","?","M","$","?","R","$","R","T","R","?","R","M","?","R","B"],"character_chosen":"IRONCLAD","items_purchased":["Happy Flower","Pummel"],"campfire_rested":3,"item_purchase_floors":[13,21],"current_hp_per_floor":[73,79,84,84,72,72,58,58,58,58,66,19,19,16,42,16,69,64,64,51,51,14,40,40,40,40,40,40,40,23,23,49,0],"gold":64,"neow_bonus":"TEN_PERCENT_HP_BONUS","is_prod":false,"is_daily":false,"chose_seed":false,"campfire_upgraded":6,"win_rate":0,"timestamp":1555777522,"path_taken":["M","M","?","?","M","R","E","R","T","R","M","E","?","M","R","BOSS","M","?","M","$","?","R","$","R","T","R","?","R","?","?","R","BOSS"],"build_version":"2019-01-23","purchased_purges":2,"victory":false,"max_hp_per_floor":[82,82,87,87,87,87,87,87,87,87,87,87,87,87,87,87,87,87,87,87,87,87,87,87,87,87,87,87,87,89,89,89,89],"card_choices":[{"not_picked":["Thunderclap","Rage"],"picked":"Heavy Blade","floor":1},{"not_picked":["Seeing Red","Body Slam"],"picked":"Flame Barrier","floor":2},{"not_picked":["Havoc","Corruption"],"picked":"Spot Weakness","floor":5},{"not_picked":["Searing Blow","Combust"],"picked":"Carnage","floor":7},{"not_picked":["Pommel Strike","Feel No Pain","Anger"],"picked":"SKIP","floor":11},{"not_picked":["Clothesline","Reckless Charge"],"picked":"Headbutt","floor":12},{"not_picked":["Reckless Charge","Flex"],"picked":"Inflame","floor":14},{"not_picked":["Exhume","Brutality"],"picked":"Fiend Fire","floor":16},{"not_picked":["Clash","Clothesline"],"picked":"Evolve","floor":17},{"not_picked":["Anger","Headbutt"],"picked":"Shrug It Off","floor":17},{"not_picked":["Heavy Blade","Bloodletting"],"picked":"Iron Wave","floor":17},{"not_picked":["Wild Strike","Headbutt"],"picked":"Disarm","floor":17},{"not_picked":["Reckless Charge","Rupture"],"picked":"Battle Trance","floor":18},{"not_picked":["Flex","Brutality","Hemokinesis"],"picked":"SKIP","floor":20},{"not_picked":["Anger","Twin Strike+1","Body Slam"],"picked":"Singing Bowl","floor":30}],"player_experience":320164,"relics_obtained":[{"floor":7,"key":"Bottled Flame"},{"floor":9,"key":"Blood Vial"},{"floor":12,"key":"Charon\u0027s Ashes"},{"floor":22,"key":"Shovel"},{"floor":22,"key":"Kunai"},{"floor":26,"key":"Singing Bowl"}],"event_choices":[{"damage_healed":0,"gold_gain":0,"player_choice":"Donut","damage_taken":0,"max_hp_gain":5,"max_hp_loss":0,"event_name":"Big Fish","floor":3,"gold_loss":0},{"damage_healed":0,"gold_gain":0,"player_choice":"Ignored","damage_taken":0,"max_hp_gain":0,"max_hp_loss":0,"event_name":"Golden Idol","floor":4,"gold_loss":0},{"damage_healed":0,"gold_gain":0,"player_choice":"Ignored","damage_taken":0,"max_hp_gain":0,"max_hp_loss":0,"event_name":"Ghosts","floor":19,"gold_loss":0},{"damage_healed":0,"gold_gain":0,"player_choice":"Fight","damage_taken":0,"max_hp_gain":0,"max_hp_loss":0,"event_name":"Colosseum","floor":22,"gold_loss":0},{"damage_healed":0,"gold_gain":0,"player_choice":"Fought Nobs","damage_taken":0,"max_hp_gain":0,"max_hp_loss":0,"event_name":"Colosseum","floor":22,"gold_loss":0},{"damage_healed":0,"gold_gain":0,"cards_transformed":["Strike_R"],"player_choice":"Transformed","damage_taken":0,"max_hp_gain":0,"max_hp_loss":0,"event_name":"Transmorgrifier","floor":28,"gold_loss":0,"cards_obtained":["Double Tap"]},{"damage_healed":0,"gold_gain":0,"player_choice":"Opened","damage_taken":0,"relics_obtained":["Molten Egg 2"],"max_hp_gain":0,"max_hp_loss":0,"event_name":"The Mausoleum","floor":31,"gold_loss":0,"cards_obtained":["Writhe"]}],"is_beta":false,"boss_relics":[{"not_picked":["Black Blood","Tiny House"],"picked":"Orrery"}],"items_purged_floors":[21,24],"is_endless":false,"potions_floor_spawned":[1,2,12,16,20],"killed_by":"Champ","ascension_level":16}