{"gold_per_floor":[109,120,120,45,60,60,89,89,89,103,138,138,173,187,187,187],"floor_reached":16,"playtime":729,"items_purged":["Strike_R"],"score":283,"play_id":"b4e88992-2ce4-4b42-a31e-69d6ac429aa9","local_time":"20180910041400","is_ascension_mode":true,"campfire_choices":[{"data":"Clothesline","floor":6.0,"key":"SMITH"},{"floor":8.0,"key":"REST"},{"floor":15,"key":"REST"}],"neow_cost":"NONE","seed_source_timestamp":2611056723555,"circlet_count":0,"master_deck":["Strike_R","Strike_R","Strike_R","Strike_R","Defend_R","Defend_R","Defend_R","Defend_R","Bash+1","AscendersBane","Clothesline+1","Pommel Strike","True Grit+1","Shrug It Off","Metallicize","Headbutt"],"special_seed":0,"relics":["Burning Blood","Thread and Needle","Bottled Lightning","Pear","Bottled Flame","Frozen Egg 2"],"potions_floor_usage":[11,13],"damage_taken":[{"damage":9.0,"enemies":"Small Slimes","floor":1.0,"turns":5.0},{"damage":1.0,"enemies":"2 Louse","floor":2.0,"turns":2.0},{"damage":0.0,"enemies":"Jaw Worm","floor":5.0,"turns":3.0},{"damage":45.0,"enemies":"3 Sentries","floor":7.0,"turns":12.0},{"damage":4.0,"enemies":"Blue Slaver","floor":10.0,"turns":3.0},{"damage":21,"enemies":"Gremlin Nob","floor":11,"turns":5},{"damage":0,"enemies":"Lagavulin","floor":13,"turns":10},{"damage":30,"enemies":"Exordium Thugs","floor":14,"turns":9},{"damage":47,"enemies":"Hexaghost","floor":16,"turns":11}],"seed_played":"-8073177793758242848","potions_obtained":[{"floor":7.0,"key":"Ancient Potion"},{"floor":11,"key":"Dexterity Potion"},{"floor":13,"key":"FearPotion"},{"floor":14,"key":"FairyPotion"}],"is_trial":false,"path_per_floor":["M","M","?","$","M","R","E","R","T","M","E","?","E","M","R"],"character_chosen":"IRONCLAD","items_purchased":[],"campfire_rested":2,"item_purchase_floors":[],"current_hp_per_floor":[65,70,44,44,50,50,11,33,43,45,30,30,36,12,37,0],"gold":187,"neow_bonus":"UPGRADE_CARD","is_prod":false,"is_daily":false,"chose_seed":false,"campfire_upgraded":1,"win_rate":0,"timestamp":1536578040,"path_taken":["M","M","?","$","M","R","E","R","T","M","E","?","E","M","R","BOSS"],"build_version":"2018-09-06","purchased_purges":1,"victory":false,"max_hp_per_floor":[75,75,75,75,75,75,75,75,85,85,85,85,85,85,85,85],"card_choices":[{"not_picked":["Flex","Second Wind"],"picked":"Clothesline","floor":1.0},{"not_picked":["Rage","Shrug It Off"],"picked":"Pommel Strike","floor":2.0},{"not_picked":["Wild Strike","Sword Boomerang"],"picked":"True Grit","floor":5.0},{"not_picked":["Body Slam","Clash","Havoc"],"picked":"SKIP","floor":7.0},{"not_picked":["Clash","Brutality"],"picked":"Shrug It Off","floor":10.0},{"not_picked":["Burning Pact","Second Wind"],"picked":"Metallicize","floor":11},{"not_picked":["Infernal Blade","Rupture","Intimidate"],"picked":"SKIP","floor":13},{"not_picked":["Seeing Red","True Grit"],"picked":"Headbutt","floor":14}],"player_experience":1090184,"relics_obtained":[{"floor":7.0,"key":"Bottled Lightning"},{"floor":9.0,"key":"Pear"},{"floor":11,"key":"Bottled Flame"},{"floor":13,"key":"Frozen Egg 2"}],"event_choices":[{"event_name":"Scrap Ooze","player_choice":"success","floor":3.0,"damage_taken":26.0},{"event_name":"Living Wall","player_choice":"Grow","floor":12,"damage_taken":0}],"is_beta":false,"boss_relics":[],"items_purged_floors":[4],"is_endless":false,"potions_floor_spawned":[7,11,13,14],"killed_by":"Hexaghost","ascension_level":19}