{"gold_per_floor":[113,113,17,17,31,31,41,54,79,98,131,147,175,190,190,288,288,303,303,303,320,332,332,332,74,74,93,93,109,109,121,121,222,222,232,232,332,379,4,37,54,54,103,135,166,166,0,0,0,0,0,0,0,28,28],"floor_reached":55,"playtime":6411,"items_purged":["Strike_B"],"score":795,"play_id":"55fffe7e-c4f5-49d6-89af-9d2fa7246b1d","local_time":"20181101004444","is_ascension_mode":false,"campfire_choices":[{"floor":6.0,"key":"REST"},{"data":"Zap","floor":15.0,"key":"SMITH"},{"data":"Storm","floor":23.0,"key":"SMITH"},{"floor":30.0,"key":"RECALL"},{"floor":32.0,"key":"REST"},{"data":"Defragment","floor":42.0,"key":"SMITH"},{"data":"Defragment","floor":46.0,"key":"SMITH"},{"data":"Rainbow","floor":49.0,"key":"SMITH"},{"data":"White Noise","floor":52.0,"key":"SMITH"}],"neow_cost":"NONE","seed_source_timestamp":907142964889743,"circlet_count":0,"master_deck":["Defend_B","Defend_B","Defend_B","Defend_B+1","Zap+1","Dualcast+1","Buffer","Hello World","Ball Lightning","Storm+1","Sweeping Beam","Chill","Genetic Algorithm","Streamline","Thunder Strike","Undo","Cold Snap","Undo","Rainbow+1","Double Energy","White Noise+1","Coolheaded+1","Defragment+1","Magnetism+1","Go for the Eyes","Hyperbeam","Ball Lightning+1","Defragment+1","Barrage","Heatsinks+1","Heatsinks+1","Amplify","Turbo"],"special_seed":0,"relics":["Cracked Core","Vajra","DataDisk","Ancient Tea Set","Inserter","Eternal Feather","Girya","Smiling Mask","Mercury Hourglass","Lantern","WingedGreaves","Blue Candle","Red Mask","Meat on the Bone"],"potions_floor_usage":[55],"damage_taken":[{"damage":4.0,"enemies":"Jaw Worm","floor":1.0,"turns":4.0},{"damage":0.0,"enemies":"2 Louse","floor":5.0,"turns":2.0},{"damage":0.0,"enemies":"Cultist","floor":7.0,"turns":3.0},{"damage":8.0,"enemies":"Looter","floor":8.0,"turns":3.0},{"damage":10.0,"enemies":"Exordium Thugs","floor":10.0,"turns":4.0},{"damage":9.0,"enemies":"Gremlin Nob","floor":11.0,"turns":4.0},{"damage":0.0,"enemies":"Red Slaver","floor":12.0,"turns":3.0},{"damage":0.0,"enemies":"3 Sentries","floor":13.0,"turns":6.0},{"damage":0.0,"enemies":"2 Fungi Beasts","floor":14.0,"turns":4.0},{"damage":9.0,"enemies":"The Guardian","floor":16.0,"turns":7.0},{"damage":7.0,"enemies":"3 Byrds","floor":18.0,"turns":4.0},{"damage":0.0,"enemies":"Chosen","floor":21.0,"turns":4.0},{"damage":2.0,"enemies":"Centurion and Healer","floor":22.0,"turns":8.0},{"damage":0.0,"enemies":"Cultist and Chosen","floor":27.0,"turns":5.0},{"damage":2.0,"enemies":"Shelled Parasite and Fungi","floor":29.0,"turns":6.0},{"damage":18.0,"enemies":"Snake Plant","floor":31.0,"turns":3.0},{"damage":31.0,"enemies":"Automaton","floor":33.0,"turns":11.0},{"damage":7.0,"enemies":"3 Shapes","floor":35.0,"turns":6.0},{"damage":0.0,"enemies":"Mind Bloom Boss Battle","floor":37.0,"turns":7.0},{"damage":0.0,"enemies":"Nemesis","floor":40.0,"turns":7.0},{"damage":2.0,"enemies":"3 Darklings","floor":41.0,"turns":5.0},{"damage":15.0,"enemies":"Reptomancer","floor":44.0,"turns":5.0},{"damage":32.0,"enemies":"Nemesis","floor":45.0,"turns":7.0},{"damage":22.0,"enemies":"Donu and Deca","floor":50.0,"turns":6.0},{"damage":20.0,"enemies":"Shield and Spear","floor":54.0,"turns":4.0},{"damage":94,"enemies":"The Heart","floor":55,"turns":3}],"seed_played":"2811315958181089529","potions_obtained":[{"floor":1.0,"key":"EssenceOfSteel"},{"floor":7.0,"key":"Block Potion"},{"floor":11.0,"key":"PowerPotion"},{"floor":14.0,"key":"AttackPotion"},{"floor":16.0,"key":"Explosive Potion"},{"floor":20.0,"key":"SpeedPotion"},{"floor":20.0,"key":"FearPotion"},{"floor":22.0,"key":"GamblersBrew"},{"floor":31.0,"key":"Explosive Potion"},{"floor":33.0,"key":"SpeedPotion"},{"floor":35.0,"key":"FocusPotion"},{"floor":44.0,"key":"Swift Potion"},{"floor":54.0,"key":"PowerPotion"}],"is_trial":false,"path_per_floor":["M","?","$","?","M","R","M","M","T","M","E","M","E","M","R","B",null,"M","?","?","M","M","R","?","$","T","M","$","M","R","M","R","B",null,"M","?","?","T","$","E","M","R","T","E","E","R","?","?","R","B",null,"R","$","E","B"],"character_chosen":"DEFECT","items_purchased":["Ball Lightning","Storm","Defragment","Magnetism","Defragment","Barrage","Fruit Juice","EntropicBrew"],"campfire_rested":2,"item_purchase_floors":[3,3,25,25,39,39,39,39],"current_hp_per_floor":[71,56,56,49,49,71,71,63,63,53,44,44,44,44,44,35,75,68,68,68,68,66,66,66,66,66,66,66,64,64,46,68,37,75,68,68,68,68,73,73,71,80,80,74,42,60,60,60,78,56,80,80,80,60,0],"gold":28,"neow_bonus":"ONE_RANDOM_RARE_CARD","is_prod":false,"is_daily":false,"chose_seed":false,"campfire_upgraded":6,"win_rate":0,"timestamp":1541029484,"path_taken":["M","?","$","?","?","R","M","M","T","M","E","M","E","M","R","BOSS","M","?","?","M","?","R","?","$","T","M","?","M","R","M","R","BOSS","M","?","?","?","$","E","M","R","T","E","E","R","?","?","R","BOSS","R","$","E","BOSS"],"build_version":"2018-10-30","purchased_purges":1,"victory":false,"max_hp_per_floor":[75,75,75,75,75,75,75,75,75,75,75,75,75,75,75,75,75,75,75,75,75,75,75,75,75,75,75,75,75,75,75,75,75,75,75,75,75,75,80,80,80,80,80,80,80,80,80,80,80,80,80,80,80,80,80],"card_choices":[{"not_picked":["Aggregate","Steam Power"],"picked":"Hello World","floor":1.0},{"not_picked":["Skim","Consume"],"picked":"Sweeping Beam","floor":5.0},{"not_picked":["Ball Lightning","Hologram"],"picked":"Chill","floor":7.0},{"not_picked":["Skim","Streamline"],"picked":"Genetic Algorithm","floor":8.0},{"not_picked":["Compile Driver","Fusion"],"picked":"Streamline","floor":10.0},{"not_picked":["Reinforced Body","Go for the Eyes"],"picked":"Thunder Strike","floor":11.0},{"not_picked":["Rebound","Streamline"],"picked":"Undo","floor":12.0},{"not_picked":["Rebound","Compile Driver"],"picked":"Cold Snap","floor":13.0},{"not_picked":["All For One","Steam Power"],"picked":"Undo","floor":14.0},{"not_picked":["Reboot","Biased Cognition"],"picked":"Rainbow","floor":16.0},{"not_picked":["Undo","Conserve Battery"],"picked":"Double Energy","floor":18.0},{"not_picked":["Ball Lightning","BootSequence"],"picked":"White Noise","floor":21.0},{"not_picked":["Fusion","Cold Snap"],"picked":"Coolheaded+1","floor":22.0},{"not_picked":["Coolheaded","Lockon","Cold Snap"],"picked":"SKIP","floor":27.0},{"not_picked":["Sweeping Beam","Recycle"],"picked":"Go for the Eyes","floor":29.0},{"not_picked":["Rebound","Beam Cell+1"],"picked":"Hyperbeam","floor":31.0},{"not_picked":["Coolheaded","Hologram+1"],"picked":"Ball Lightning+1","floor":35.0},{"not_picked":["White Noise","Capacitor+1"],"picked":"Heatsinks+1","floor":40.0},{"not_picked":["Redo","Steam+1"],"picked":"Heatsinks+1","floor":41.0},{"not_picked":["Tempest","Sweeping Beam"],"picked":"Amplify","floor":45.0},{"not_picked":["Streamline+1","Gash+1"],"picked":"Turbo","floor":54.0}],"player_experience":224334,"relics_obtained":[{"floor":9.0,"key":"Vajra"},{"floor":11.0,"key":"DataDisk"},{"floor":13.0,"key":"Ancient Tea Set"},{"floor":37.0,"key":"Girya"},{"floor":38.0,"key":"Smiling Mask"},{"floor":40.0,"key":"Mercury Hourglass"},{"floor":43.0,"key":"Lantern"},{"floor":44.0,"key":"WingedGreaves"},{"floor":45.0,"key":"Blue Candle"},{"floor":54.0,"key":"Meat on the Bone"}],"event_choices":[{"damage_healed":0.0,"max_hp_gain":0.0,"max_hp_loss":0.0,"gold_gain":0.0,"event_name":"Shining Light","player_choice":"Entered Light","floor":2.0,"gold_loss":0.0,"damage_taken":15.0,"cards_upgraded":["Defend_B","Dualcast"]},{"cards_removed":["Strike_B"],"damage_healed":0.0,"max_hp_gain":0.0,"max_hp_loss":0.0,"gold_gain":0.0,"event_name":"Golden Wing","player_choice":"Card Removal","floor":4.0,"gold_loss":0.0,"damage_taken":7.0},{"damage_healed":0.0,"max_hp_gain":0.0,"max_hp_loss":0.0,"gold_gain":0.0,"event_name":"Ghosts","player_choice":"Ignored","floor":19.0,"gold_loss":0.0,"damage_taken":0.0},{"damage_healed":0.0,"max_hp_gain":0.0,"max_hp_loss":0.0,"gold_gain":0.0,"event_name":"Lab","player_choice":"Got Potions","floor":20.0,"gold_loss":0.0,"damage_taken":0.0},{"cards_removed":["Strike_B"],"damage_healed":0.0,"max_hp_gain":0.0,"max_hp_loss":0.0,"gold_gain":0.0,"event_name":"Bonfire Elementals","player_choice":"Offered Basic","floor":24.0,"gold_loss":0.0,"damage_taken":0.0},{"cards_removed":["Strike_B"],"damage_healed":0.0,"max_hp_gain":0.0,"max_hp_loss":0.0,"gold_gain":0.0,"event_name":"Falling","player_choice":"Removed Attack","floor":36.0,"gold_loss":0.0,"damage_taken":0.0},{"damage_healed":0.0,"max_hp_gain":0.0,"max_hp_loss":0.0,"gold_gain":0.0,"event_name":"MindBloom","player_choice":"Fight","floor":37.0,"gold_loss":0.0,"damage_taken":0.0},{"damage_healed":0.0,"max_hp_gain":0.0,"max_hp_loss":0.0,"gold_gain":0.0,"event_name":"Tomb of Lord Red Mask","player_choice":"Paid","floor":47.0,"gold_loss":166.0,"damage_taken":0.0,"relics_obtained":["Red Mask"]},{"damage_healed":0.0,"max_hp_gain":0.0,"max_hp_loss":0.0,"gold_gain":0.0,"event_name":"Upgrade Shrine","player_choice":"Upgraded","floor":48.0,"gold_loss":0.0,"damage_taken":0.0,"cards_upgraded":["Magnetism"]}],"is_beta":true,"boss_relics":[{"not_picked":["Black Star","Nuclear Battery"],"picked":"Inserter"},{"not_picked":["Tiny House","Runic Pyramid"],"picked":"Eternal Feather"}],"items_purged_floors":[39],"is_endless":false,"potions_floor_spawned":[1,7,11,14,16,22,29,31,33,35,37,44,54],"killed_by":"The Heart","ascension_level":0}