{"gold_per_floor":[12,87,87,107,120,176,176,15,41,56,88,88,119,138,138,138],"floor_reached":16,"playtime":506,"items_purged":[],"score":240,"play_id":"824fb496-992b-45fa-907a-b3bde1b38f46","local_time":"20181227153258","is_ascension_mode":true,"campfire_choices":[{"data":"Flex","floor":7.0,"key":"SMITH"},{"floor":12,"key":"REST"},{"data":"Heavy Blade","floor":15,"key":"SMITH"}],"neow_cost":"NO_GOLD","seed_source_timestamp":3555078637777,"circlet_count":0,"master_deck":["AscendersBane","Strike_R","Strike_R","Strike_R","Strike_R","Strike_R","Defend_R","Defend_R","Defend_R","Defend_R","Bash","Panacea","Thinking Ahead","Flex+1","Heavy Blade+1","Twin Strike","Demon Form","Second Wind","Barricade"],"special_seed":0,"relics":["Burning Blood","Tiny Chest","Regal Pillow","Bronze Scales","Happy Flower"],"potions_floor_usage":[16],"damage_taken":[{"damage":0.0,"enemies":"2 Louse","floor":1.0,"turns":2.0},{"damage":9.0,"enemies":"Jaw Worm","floor":4.0,"turns":4.0},{"damage":1.0,"enemies":"Cultist","floor":5.0,"turns":3.0},{"damage":30.0,"enemies":"Lagavulin","floor":6.0,"turns":7.0},{"damage":12.0,"enemies":"Gremlin Gang","floor":10.0,"turns":4.0},{"damage":33,"enemies":"Gremlin Nob","floor":11,"turns":4},{"damage":30,"enemies":"Lagavulin","floor":13,"turns":6},{"damage":14,"enemies":"Blue Slaver","floor":14,"turns":4},{"damage":20,"enemies":"Slime Boss","floor":16,"turns":4}],"seed_played":"-346415950811979977","potions_obtained":[{"floor":3.0,"key":"Fire Potion"},{"floor":3.0,"key":"FairyPotion"},{"floor":4.0,"key":"FearPotion"},{"floor":11,"key":"SteroidPotion"}],"is_trial":false,"path_per_floor":["M","?","?","M","M","E","R","$","T","M","R","E","M","R","B"],"character_chosen":"IRONCLAD","items_purchased":["Demon Form"],"campfire_rested":1,"item_purchase_floors":[8],"current_hp_per_floor":[74,63,63,60,65,41,41,41,41,35,8,45,21,13,13,0],"gold":138,"neow_bonus":"RANDOM_COLORLESS_2","is_prod":false,"is_daily":false,"chose_seed":false,"campfire_upgraded":2,"win_rate":0,"timestamp":1545895978,"path_taken":["M","?","?","M","M","E","R","$","T","?","E","R","E","M","R","BOSS"],"build_version":"2018-12-25","purchased_purges":0,"victory":false,"max_hp_per_floor":[75,75,75,75,75,75,75,75,75,75,75,75,75,75,75,75],"card_choices":[{"not_picked":["Infernal Blade","Warcry"],"picked":"Flex","floor":1.0},{"not_picked":["Headbutt","Thunderclap"],"picked":"Heavy Blade","floor":4.0},{"not_picked":["Armaments","Headbutt"],"picked":"Twin Strike","floor":5.0},{"not_picked":["Wild Strike","Twin Strike","Pommel Strike"],"picked":"SKIP","floor":6.0},{"not_picked":["Body Slam","Bludgeon"],"picked":"Second Wind","floor":10.0},{"not_picked":["Anger","Flex"],"picked":"Barricade","floor":11},{"not_picked":["True Grit","Warcry","Iron Wave"],"picked":"SKIP","floor":13},{"not_picked":["Anger","Wild Strike","Shrug It Off"],"picked":"SKIP","floor":14},{"not_picked":["Anger","Wild Strike","Shrug It Off"],"picked":"SKIP","floor":14}],"player_experience":1186224,"relics_obtained":[{"floor":6.0,"key":"Tiny Chest"},{"floor":9.0,"key":"Regal Pillow"},{"floor":11,"key":"Bronze Scales"},{"floor":13,"key":"Happy Flower"}],"event_choices":[{"damage_healed":0.0,"max_hp_gain":0.0,"max_hp_loss":0.0,"gold_gain":75.0,"event_name":"World of Goop","player_choice":"Gather Gold","floor":2.0,"gold_loss":0.0,"damage_taken":11.0},{"damage_healed":0.0,"max_hp_gain":0.0,"max_hp_loss":0.0,"gold_gain":0.0,"event_name":"Lab","player_choice":"Got Potions","floor":3.0,"gold_loss":0.0,"damage_taken":0.0}],"is_beta":true,"boss_relics":[],"items_purged_floors":[],"is_endless":false,"potions_floor_spawned":[4,11],"killed_by":"Slime Boss","ascension_level":20}