{"gold_per_floor":[110,122,140,140,28,28,53,53,53,53,111,36,46,57,57,132,132,151,201,211,211,48,48,63,63,63,63,79,79,79,104,104,179,179,199,107,107,127,142,168,168,180,180,180,195,195,145,173,173,173],"floor_reached":50,"playtime":2751,"items_purged":["Strike_G"],"score":924,"play_id":"5607f5ce-3e3d-4eda-94d5-e6bf85e54f07","local_time":"20181215203651","is_ascension_mode":true,"campfire_choices":[{"data":"Neutralize","floor":6.0,"key":"SMITH"},{"data":"Deadly Poison","floor":8.0,"key":"SMITH"},{"data":"Predator","floor":10.0,"key":"SMITH"},{"data":"Prepared","floor":15.0,"key":"SMITH"},{"floor":23.0,"key":"REST"},{"data":"Phantasmal Killer","floor":25.0,"key":"SMITH"},{"data":"Tactician","floor":27.0,"key":"SMITH"},{"data":"Ghostly","floor":32.0,"key":"SMITH"},{"data":"Ghostly","floor":41.0,"key":"SMITH"},{"data":"Ghostly","floor":44,"key":"SMITH"},{"floor":46,"key":"REST"},{"data":"Burst","floor":49,"key":"SMITH"}],"neow_cost":"NONE","seed_source_timestamp":44989895734248,"circlet_count":0,"master_deck":["AscendersBane","Survivor","Neutralize+1","Quick Slash","Deadly Poison+1","Predator+1","PiercingWail","Footwork+1","Prepared+1","Burst+1","Flying Knee","Predator","Tactician+1","Storm of Steel+1","Phantasmal Killer+1","PiercingWail","Quick Slash","Prepared","Sucker Punch+1","Noxious Fumes+1","Reflex","PiercingWail","Cloak And Dagger","Ghostly+1","Ghostly+1","Ghostly+1","Dash+1","After Image+1","Backflip","Footwork+1","Dodge and Roll","Dodge and Roll+1","Blur","Envenom+1"],"special_seed":0,"relics":["Ring of the Snake","Art of War","Blue Candle","Frozen Egg 2","Tiny Chest","Pandora\u0027s Box","StoneCalendar","Girya","Cursed Key","Orichalcum","Bird Faced Urn"],"potions_floor_usage":[],"damage_taken":[{"damage":8.0,"enemies":"2 Louse","floor":1.0,"turns":4.0},{"damage":3.0,"enemies":"Jaw Worm","floor":2.0,"turns":6.0},{"damage":4.0,"enemies":"Small Slimes","floor":3.0,"turns":7.0},{"damage":23.0,"enemies":"3 Sentries","floor":7.0,"turns":10.0},{"damage":18.0,"enemies":"Gremlin Nob","floor":11.0,"turns":4.0},{"damage":0.0,"enemies":"3 Louse","floor":13.0,"turns":3.0},{"damage":0.0,"enemies":"Looter","floor":14.0,"turns":3.0},{"damage":16.0,"enemies":"Hexaghost","floor":16.0,"turns":11.0},{"damage":11.0,"enemies":"Spheric Guardian","floor":18.0,"turns":3.0},{"damage":0.0,"enemies":"Chosen","floor":20.0,"turns":4.0},{"damage":3.0,"enemies":"Snake Plant","floor":24.0,"turns":4.0},{"damage":21.0,"enemies":"Centurion and Healer","floor":28.0,"turns":6.0},{"damage":2.0,"enemies":"Colosseum Slavers","floor":29.0,"turns":5.0},{"damage":3.0,"enemies":"Book of Stabbing","floor":31.0,"turns":7.0},{"damage":20.0,"enemies":"Automaton","floor":33.0,"turns":10.0},{"damage":0.0,"enemies":"3 Darklings","floor":35.0,"turns":5.0},{"damage":0.0,"enemies":"Orb Walker","floor":38.0,"turns":5.0},{"damage":0.0,"enemies":"Writhing Mass","floor":39.0,"turns":8.0},{"damage":7.0,"enemies":"Reptomancer","floor":40.0,"turns":7.0},{"damage":0.0,"enemies":"Jaw Worm Horde","floor":42.0,"turns":7.0},{"damage":0,"enemies":"3 Darklings","floor":45,"turns":6},{"damage":4,"enemies":"Nemesis","floor":48,"turns":11},{"damage":41,"enemies":"Time Eater","floor":50,"turns":7}],"seed_played":"-8827132620527797308","potions_obtained":[{"floor":2.0,"key":"Block Potion"},{"floor":11.0,"key":"SteroidPotion"},{"floor":13.0,"key":"EntropicBrew"},{"floor":20.0,"key":"LiquidBronze"},{"floor":28.0,"key":"Swift Potion"},{"floor":31.0,"key":"FearPotion"},{"floor":38.0,"key":"SkillPotion"},{"floor":39.0,"key":"Explosive Potion"},{"floor":40.0,"key":"Swift Potion"}],"is_trial":false,"path_per_floor":["M","M","M","?","$","R","E","R","T","R","E","?","M","M","R","B",null,"M","?","M","?","$","R","M","R","T","R","M","?","?","E","R","B",null,"M","$","?","M","M","E","R","M","T","R","M","R","?","E","R","B"],"character_chosen":"THE_SILENT","items_purchased":["Predator","Noxious Fumes+1","Reflex","PiercingWail","Footwork+1","Dodge and Roll"],"campfire_rested":2,"item_purchase_floors":[5,22,22,22,36,36],"current_hp_per_floor":[51,48,44,66,66,66,43,43,43,43,25,25,25,25,25,9,52,41,41,41,41,41,60,57,57,57,57,36,34,33,30,30,10,27,27,27,27,27,27,20,20,20,20,20,20,29,29,25,25,0],"gold":173,"neow_bonus":"RANDOM_COMMON_RELIC","is_prod":false,"is_daily":false,"chose_seed":false,"campfire_upgraded":10,"win_rate":0,"timestamp":1544935011,"path_taken":["M","M","M","?","$","R","E","R","T","R","E","?","M","M","R","BOSS","M","?","M","?","$","R","M","R","T","R","M","?","?","E","R","BOSS","M","$","?","M","M","E","R","M","T","R","M","R","?","E","R","BOSS"],"build_version":"2018-12-13","purchased_purges":1,"victory":false,"max_hp_per_floor":[66,66,66,66,66,66,66,66,66,66,66,66,66,66,66,66,66,66,66,66,66,66,66,66,66,66,66,66,66,33,33,33,33,33,33,33,31,31,31,31,31,31,31,31,31,31,31,31,31,31],"card_choices":[{"not_picked":["Sucker Punch","Acrobatics"],"picked":"Quick Slash","floor":1.0},{"not_picked":["Sucker Punch","Slice"],"picked":"Deadly Poison","floor":2.0},{"not_picked":["Calculated Gamble","Quick Slash","Cloak And Dagger"],"picked":"SKIP","floor":3.0},{"not_picked":["Terror","Escape Plan"],"picked":"PiercingWail","floor":7.0},{"not_picked":["Calculated Gamble","Underhanded Strike"],"picked":"Footwork+1","floor":11.0},{"not_picked":["Unload","Finisher"],"picked":"Prepared","floor":13.0},{"not_picked":["Dagger Spray","Riddle With Holes","Quick Slash"],"picked":"SKIP","floor":14.0},{"not_picked":["Night Terror","Unload"],"picked":"Burst","floor":16.0},{"not_picked":["Dagger Spray","Bane"],"picked":"Sucker Punch+1","floor":18.0},{"not_picked":["Distraction","Sucker Punch","Outmaneuver"],"picked":"SKIP","floor":20.0},{"not_picked":["Distraction","Sucker Punch","Outmaneuver"],"picked":"SKIP","floor":20.0},{"not_picked":["Endless Agony","Outmaneuver","Bane"],"picked":"SKIP","floor":24.0},{"not_picked":["Riddle With Holes+1","Sucker Punch+1"],"picked":"Cloak And Dagger","floor":28.0},{"not_picked":["Blade Dance","All Out Attack"],"picked":"Dash","floor":31.0},{"not_picked":["A Thousand Cuts+1","Unload"],"picked":"After Image+1","floor":33.0},{"not_picked":["Calculated Gamble","Outmaneuver"],"picked":"Backflip","floor":35.0},{"not_picked":["Setup","Flying Knee"],"picked":"Dodge and Roll+1","floor":38.0},{"not_picked":["Blade Dance+1","Escape Plan+1"],"picked":"Blur","floor":39.0},{"not_picked":["Storm of Steel","Skewer","Deflect"],"picked":"SKIP","floor":40.0},{"not_picked":["Bane","Deadly Poison","Poisoned Stab"],"picked":"SKIP","floor":42.0},{"not_picked":["Dagger Spray+1","Tactician","Flying Knee"],"picked":"SKIP","floor":45},{"not_picked":["Concentrate","PiercingWail"],"picked":"Envenom+1","floor":48}],"player_experience":1818765,"relics_obtained":[{"floor":7.0,"key":"Blue Candle"},{"floor":9.0,"key":"Frozen Egg 2"},{"floor":11.0,"key":"Tiny Chest"},{"floor":26.0,"key":"StoneCalendar"},{"floor":31.0,"key":"Girya"},{"floor":40.0,"key":"Orichalcum"},{"floor":48,"key":"Bird Faced Urn"}],"event_choices":[{"damage_healed":22.0,"max_hp_gain":0.0,"max_hp_loss":0.0,"gold_gain":0.0,"event_name":"Big Fish","player_choice":"Banana","floor":4.0,"gold_loss":0.0,"damage_taken":0.0},{"cards_removed":["Strike_G"],"damage_healed":0.0,"max_hp_gain":0.0,"max_hp_loss":0.0,"gold_gain":0.0,"event_name":"The Cleric","player_choice":"Card Removal","floor":12.0,"gold_loss":75.0,"damage_taken":0.0},{"damage_healed":0.0,"max_hp_gain":0.0,"max_hp_loss":0.0,"gold_gain":50.0,"event_name":"Nest","player_choice":"Stole From Cult","floor":19.0,"gold_loss":0.0,"damage_taken":0.0},{"damage_healed":0.0,"max_hp_gain":0.0,"max_hp_loss":0.0,"gold_gain":0.0,"event_name":"Vampires","player_choice":"Ignored","floor":21.0,"gold_loss":0.0,"damage_taken":0.0},{"damage_healed":0.0,"max_hp_gain":0.0,"max_hp_loss":0.0,"gold_gain":0.0,"event_name":"Colosseum","player_choice":"Fight","floor":29.0,"gold_loss":0.0,"damage_taken":0.0},{"damage_healed":0.0,"max_hp_gain":0.0,"max_hp_loss":0.0,"gold_gain":0.0,"event_name":"Colosseum","player_choice":"Fled From Nobs","floor":29.0,"gold_loss":0.0,"damage_taken":0.0},{"damage_healed":0.0,"max_hp_gain":0.0,"max_hp_loss":33.0,"gold_gain":0.0,"event_name":"Ghosts","player_choice":"Became a Ghost","floor":30.0,"gold_loss":0.0,"damage_taken":0.0,"cards_obtained":["Ghostly","Ghostly","Ghostly"]},{"damage_healed":0.0,"max_hp_gain":0.0,"max_hp_loss":2.0,"gold_gain":0.0,"event_name":"Winding Halls","player_choice":"Max HP","floor":37.0,"gold_loss":0.0,"damage_taken":0.0},{"damage_healed":0,"gold_gain":0,"player_choice":"Upgraded Two","damage_taken":0,"max_hp_gain":0,"max_hp_loss":0,"event_name":"Designer","floor":47,"gold_loss":50,"cards_upgraded":["Storm of Steel","Dash"]}],"is_beta":false,"boss_relics":[{"not_picked":["Ring of the Serpent","Runic Pyramid"],"picked":"Pandora\u0027s Box"},{"not_picked":["Runic Dome","Lizard Tail"],"picked":"Cursed Key"}],"items_purged_floors":[5],"is_endless":false,"potions_floor_spawned":[2,11,13,20,28,29,31,38,39,40],"killed_by":"Time Eater","ascension_level":15}