{"gold_per_floor":[109,120,138,138,149,180,180,209,209,256,268,280,292,319,331,416,428,456,383,395,407,435,475,487,534,546,568,607,636,675,718,730,819,831,854,523,534,547,559,559,591,591,618,672,684,715,112,212,212,212,212],"floor_reached":52,"playtime":3183,"items_purged":["Cloak And Dagger","Dagger Spray+1"],"score":2416,"play_id":"7ae21cda-0414-4de4-b2c6-30bfdebb8423","local_time":"20181214180457","daily_mods":["SealedDeck"],"is_ascension_mode":true,"campfire_choices":[{"data":"Noxious Fumes","floor":15.0,"key":"SMITH"},{"data":"Leg Sweep","floor":24.0,"key":"SMITH"},{"data":"Deadly Poison","floor":32.0,"key":"SMITH"},{"data":"Footwork","floor":40.0,"key":"SMITH"},{"data":"Crippling Poison","floor":42.0,"key":"SMITH"},{"data":"Bouncing Flask","floor":49,"key":"SMITH"}],"neow_cost":"","seed_source_timestamp":0,"circlet_count":0,"master_deck":["AscendersBane","Backflip","Leg Sweep+1","Deadly Poison+1","Bouncing Flask+1","Noxious Fumes+1","Crippling Poison+1","Blur+1","Backstab","Deflect+1","Dash","Prepared+1","Night Terror+1","Dodge and Roll+1","Bouncing Flask+1","Catalyst+1","Bullet Time+1","Footwork+1","PiercingWail+1","Catalyst+1","PiercingWail+1","Backflip+1","PiercingWail+1","Secret Technique+1"],"special_seed":0,"relics":["Ring of the Serpent","Toxic Egg 2","Oddly Smooth Stone","MawBank","Ornamental Fan","Velvet Choker","Bag of Marbles","Art of War","Pantograph","Nunchaku","Juzu Bracelet","Dream Catcher","Darkstone Periapt","DollysMirror","PreservedInsect","Vajra","Ginger","Du-Vu Doll","Blood Vial","Unceasing Top"],"potions_floor_usage":[46,51],"damage_taken":[{"damage":0.0,"enemies":"Jaw Worm","floor":1.0,"turns":5.0},{"damage":0.0,"enemies":"Cultist","floor":2.0,"turns":3.0},{"damage":0.0,"enemies":"2 Louse","floor":3.0,"turns":4.0},{"damage":0.0,"enemies":"Looter","floor":5.0,"turns":4.0},{"damage":16.0,"enemies":"3 Sentries","floor":6.0,"turns":7.0},{"damage":0.0,"enemies":"Lagavulin","floor":8.0,"turns":6.0},{"damage":9.0,"enemies":"3 Sentries","floor":10.0,"turns":6.0},{"damage":0.0,"enemies":"Exordium Wildlife","floor":14.0,"turns":5.0},{"damage":0.0,"enemies":"Hexaghost","floor":16.0,"turns":8.0},{"damage":0.0,"enemies":"Spheric Guardian","floor":18.0,"turns":3.0},{"damage":0.0,"enemies":"3 Byrds","floor":22.0,"turns":4.0},{"damage":0.0,"enemies":"Gremlin Leader","floor":23.0,"turns":5.0},{"damage":13.0,"enemies":"Book of Stabbing","floor":25.0,"turns":5.0},{"damage":0.0,"enemies":"Snake Plant","floor":27.0,"turns":5.0},{"damage":27.0,"enemies":"Slavers","floor":28.0,"turns":7.0},{"damage":0.0,"enemies":"Centurion and Healer","floor":29.0,"turns":6.0},{"damage":0.0,"enemies":"Book of Stabbing","floor":31.0,"turns":4.0},{"damage":18.0,"enemies":"Collector","floor":33.0,"turns":6.0},{"damage":0.0,"enemies":"3 Shapes","floor":35.0,"turns":4.0},{"damage":0.0,"enemies":"3 Darklings","floor":37.0,"turns":3.0},{"damage":0.0,"enemies":"Jaw Worm Horde","floor":38.0,"turns":5.0},{"damage":0.0,"enemies":"Transient","floor":39.0,"turns":6.0},{"damage":3.0,"enemies":"Giant Head","floor":41.0,"turns":5.0},{"damage":23.0,"enemies":"2 Orb Walkers","floor":44.0,"turns":4.0},{"damage":16,"enemies":"4 Shapes","floor":45,"turns":4},{"damage":0,"enemies":"Reptomancer","floor":46,"turns":6},{"damage":0,"enemies":"Mind Bloom Boss Battle","floor":48,"turns":3},{"damage":0,"enemies":"Time Eater","floor":50,"turns":3},{"damage":20,"enemies":"Awakened One","floor":51,"turns":6}],"seed_played":"1131126828152922362","potions_obtained":[{"floor":1.0,"key":"SpeedPotion"},{"floor":5.0,"key":"Poison Potion"},{"floor":16.0,"key":"Poison Potion"},{"floor":27.0,"key":"FearPotion"},{"floor":28.0,"key":"Fire Potion"},{"floor":33.0,"key":"Strength Potion"},{"floor":35.0,"key":"SkillPotion"},{"floor":38.0,"key":"PowerPotion"},{"floor":44.0,"key":"PowerPotion"},{"floor":45,"key":"Explosive Potion"},{"floor":46,"key":"Swift Potion"}],"is_trial":true,"path_per_floor":["M","M","M","?","M","E","?","E","T","E","?","$","$","M","R","B",null,"M","?","$","?","M","E","R","E","T","M","E","M","T","E","R","B",null,"M","$","M","M","M","M","R","E","R","T","?","M","E","$","?","R","B","B",null],"character_chosen":"THE_SILENT","items_purchased":["PiercingWail+1","DollysMirror","Backflip+1","PowerPotion","PiercingWail+1","Secret Technique+1","Blood Vial"],"campfire_rested":0,"item_purchase_floors":[36,36,47,47,47,47,47],"current_hp_per_floor":[59,59,59,59,59,43,43,43,43,34,14,14,14,14,14,14,53,53,53,53,53,53,53,53,40,40,40,13,13,13,13,13,20,55,55,55,55,55,55,55,52,52,52,29,13,13,13,40,40,66,46],"gold":212,"neow_bonus":"","is_prod":false,"is_daily":false,"chose_seed":false,"campfire_upgraded":6,"win_rate":0,"timestamp":1544839497,"path_taken":["M","M","M","?","?","E","?","E","T","E","?","?","$","M","R","BOSS","M","?","$","?","M","E","R","E","T","M","E","M","?","E","R","BOSS","M","$","M","M","M","R","E","R","T","?","M","E","$","?","R","BOSS","BOSS"],"build_version":"2018-12-13","purchased_purges":2,"victory":true,"max_hp_per_floor":[66,66,66,66,66,66,66,66,66,66,66,66,66,66,66,66,66,66,66,66,66,66,66,66,66,66,66,66,66,66,66,66,66,66,66,66,66,66,66,66,66,66,66,66,66,66,66,66,66,66,66],"card_choices":[{"not_picked":["Slice","Expertise","Sucker Punch"],"picked":"SKIP","floor":1.0},{"not_picked":["Dodge and Roll","Acrobatics","Bane"],"picked":"SKIP","floor":2.0},{"not_picked":["Crippling Poison","Accuracy","PiercingWail"],"picked":"SKIP","floor":3.0},{"not_picked":["Dagger Throw","Flying Knee"],"picked":"Backstab","floor":5.0},{"not_picked":["Underhanded Strike","Doppelganger"],"picked":"Deflect","floor":6.0},{"not_picked":["PiercingWail+1","Heel Hook"],"picked":"Dash","floor":8.0},{"not_picked":["Bane","Expertise+1"],"picked":"Prepared+1","floor":10.0},{"not_picked":["Bane","Setup+1","Expertise+1"],"picked":"SKIP","floor":14.0},{"not_picked":["Wraith Form v2","Doppelganger+1"],"picked":"Night Terror+1","floor":16.0},{"not_picked":["Deadly Poison+1","Choke"],"picked":"Dodge and Roll+1","floor":18.0},{"not_picked":["Blur+1","Infinite Blades"],"picked":"Bouncing Flask+1","floor":22.0},{"not_picked":["Cloak And Dagger+1","Outmaneuver+1","Riddle With Holes"],"picked":"SKIP","floor":23.0},{"not_picked":["Deadly Poison+1","Dagger Throw","Outmaneuver+1"],"picked":"SKIP","floor":25.0},{"not_picked":["Deflect+1","Dagger Throw","Prepared+1"],"picked":"SKIP","floor":27.0},{"not_picked":["Masterful Stab","Tactician+1"],"picked":"Catalyst+1","floor":28.0},{"not_picked":["Acrobatics+1","Envenom","Outmaneuver+1"],"picked":"SKIP","floor":29.0},{"not_picked":["Blade Dance+1","Acrobatics+1","Cloak And Dagger+1"],"picked":"SKIP","floor":31.0},{"not_picked":["Phantasmal Killer+1","Night Terror+1"],"picked":"Bullet Time+1","floor":33.0},{"not_picked":["Setup+1","Eviscerate"],"picked":"Footwork","floor":35.0},{"not_picked":["Quick Slash+1","Sucker Punch","Prepared+1"],"picked":"SKIP","floor":37.0},{"not_picked":["Bouncing Flask+1","Blade Dance+1","Dagger Spray"],"picked":"SKIP","floor":38.0},{"not_picked":["Deadly Poison+1","Dagger Throw","Flechettes"],"picked":"SKIP","floor":39.0},{"not_picked":["PiercingWail+1","Distraction+1","Catalyst+1"],"picked":"SKIP","floor":41.0},{"not_picked":["Sucker Punch","Infinite Blades"],"picked":"PiercingWail+1","floor":45},{"not_picked":["Blade Dance+1","Footwork","Setup+1"],"picked":"SKIP","floor":46}],"player_experience":1796369,"relics_obtained":[{"floor":6.0,"key":"Toxic Egg 2"},{"floor":8.0,"key":"Oddly Smooth Stone"},{"floor":9.0,"key":"MawBank"},{"floor":10.0,"key":"Ornamental Fan"},{"floor":23.0,"key":"Art of War"},{"floor":25.0,"key":"Pantograph"},{"floor":26.0,"key":"Nunchaku"},{"floor":28.0,"key":"Juzu Bracelet"},{"floor":30.0,"key":"Dream Catcher"},{"floor":31.0,"key":"Darkstone Periapt"},{"floor":41.0,"key":"PreservedInsect"},{"floor":43.0,"key":"Vajra"},{"floor":44.0,"key":"Ginger"},{"floor":46,"key":"Du-Vu Doll"},{"floor":48,"key":"Unceasing Top"}],"event_choices":[{"damage_healed":0.0,"max_hp_gain":0.0,"max_hp_loss":0.0,"gold_gain":0.0,"event_name":"Transmorgrifier","player_choice":"Ignored","floor":4.0,"gold_loss":0.0,"damage_taken":0.0},{"damage_healed":0.0,"max_hp_gain":0.0,"max_hp_loss":0.0,"gold_gain":0.0,"event_name":"Liars Game","player_choice":"Ignored","floor":7.0,"gold_loss":0.0,"damage_taken":0.0},{"damage_healed":0.0,"max_hp_gain":0.0,"max_hp_loss":0.0,"gold_gain":0.0,"event_name":"Shining Light","player_choice":"Entered Light","floor":11.0,"gold_loss":0.0,"damage_taken":20.0,"cards_upgraded":["Blur","Dagger Spray"]},{"damage_healed":0.0,"max_hp_gain":0.0,"max_hp_loss":0.0,"gold_gain":0.0,"event_name":"Addict","player_choice":"Obtained Relic","floor":19.0,"gold_loss":85.0,"damage_taken":0.0,"relics_obtained":["Bag of Marbles"]},{"cards_removed":["Poisoned Stab"],"damage_healed":0.0,"max_hp_gain":0.0,"max_hp_loss":0.0,"gold_gain":0.0,"event_name":"Back to Basics","player_choice":"Elegance","floor":21.0,"gold_loss":0.0,"damage_taken":0.0},{"damage_healed":0.0,"max_hp_gain":0.0,"max_hp_loss":0.0,"gold_gain":0.0,"event_name":"Mysterious Sphere","player_choice":"Fight","floor":44.0,"gold_loss":0.0,"damage_taken":0.0},{"damage_healed":0,"gold_gain":0,"player_choice":"Fight","damage_taken":0,"max_hp_gain":0,"max_hp_loss":0,"event_name":"MindBloom","floor":48,"gold_loss":0}],"is_beta":false,"boss_relics":[{"not_picked":["White Beast Statue","Eternal Feather"],"picked":"Velvet Choker"},{"not_picked":["Coffee Dripper","Philosopher\u0027s Stone"],"picked":"Ring of the Serpent"}],"items_purged_floors":[36,47],"is_endless":false,"potions_floor_spawned":[1,5,8,16,27,28,33,35,38,44,45,46],"ascension_level":20}