{"gold_per_floor":[114,114,39,114,131,166,179,144,144,155,155,187,187,207,207,207],"floor_reached":16,"playtime":440,"items_purged":["Parasite"],"score":193,"play_id":"56711cb4-8340-4607-99ce-17d6410b9481","local_time":"20190220150451","is_ascension_mode":true,"campfire_choices":[{"data":"Bash","floor":11,"key":"SMITH"},{"data":"Feed","floor":13,"key":"SMITH"},{"data":"Armaments","floor":15,"key":"SMITH"}],"neow_cost":"CURSE","seed_source_timestamp":26184795229450,"circlet_count":0,"master_deck":["AscendersBane","Strike_R","Strike_R","Strike_R","Strike_R","Strike_R","Defend_R","Defend_R","Defend_R","Defend_R","Bash+1","Feed+1","Spot Weakness","Cleave","Reckless Charge","Flame Barrier","Armaments+1"],"special_seed":0,"relics":["Burning Blood","Paper Frog","PreservedInsect","Molten Egg 2"],"potions_floor_usage":[12,16],"damage_taken":[{"damage":10.0,"enemies":"2 Louse","floor":1.0,"turns":3.0},{"damage":0.0,"enemies":"Small Slimes","floor":5.0,"turns":2.0},{"damage":62.0,"enemies":"Lagavulin","floor":6.0,"turns":9.0},{"damage":10,"enemies":"Cultist","floor":7,"turns":5},{"damage":0,"enemies":"2 Fungi Beasts","floor":10,"turns":4},{"damage":5,"enemies":"3 Sentries","floor":12,"turns":4},{"damage":9,"enemies":"Blue Slaver","floor":14,"turns":6},{"damage":49,"enemies":"Hexaghost","floor":16,"turns":9}],"seed_played":"7805889498084498764","potions_obtained":[{"floor":7,"key":"LiquidBronze"},{"floor":10,"key":"Explosive Potion"},{"floor":14,"key":"Strength Potion"}],"is_trial":false,"path_per_floor":["M","?","$","?","M","E","M","?","T","M","R","E","R","M","R","B"],"character_chosen":"IRONCLAD","items_purchased":[],"campfire_rested":0,"item_purchase_floors":[],"current_hp_per_floor":[67,72,72,61,70,14,13,34,34,40,40,44,44,45,45,0],"gold":207,"neow_bonus":"THREE_RARE_CARDS","is_prod":false,"is_daily":false,"chose_seed":false,"campfire_upgraded":3,"win_rate":0,"timestamp":1550703891,"path_taken":["M","?","$","?","M","E","M","?","T","M","R","E","R","M","R","BOSS"],"build_version":"2019-01-23","purchased_purges":1,"victory":false,"max_hp_per_floor":[78,83,80,80,83,83,86,86,86,86,86,89,89,93,93,93],"card_choices":[{"not_picked":["Barricade","Impervious"],"picked":"Feed","floor":0.0},{"not_picked":["Seeing Red","Warcry"],"picked":"Spot Weakness","floor":1.0},{"not_picked":["Armaments","Fire Breathing"],"picked":"Cleave","floor":5.0},{"not_picked":["Thunderclap","Rupture"],"picked":"Reckless Charge","floor":6.0},{"not_picked":["Ghostly Armor","Anger"],"picked":"Flame Barrier","floor":7},{"not_picked":["Clash","Iron Wave"],"picked":"Armaments","floor":10},{"not_picked":["Armaments","Havoc","Barricade"],"picked":"SKIP","floor":12},{"not_picked":["Armaments","Flex","Warcry"],"picked":"SKIP","floor":14}],"player_experience":2228731,"relics_obtained":[{"floor":6.0,"key":"Paper Frog"},{"floor":9,"key":"PreservedInsect"},{"floor":12,"key":"Molten Egg 2"}],"event_choices":[{"damage_healed":0.0,"max_hp_gain":5.0,"max_hp_loss":0.0,"gold_gain":0.0,"event_name":"Big Fish","player_choice":"Donut","floor":2.0,"gold_loss":0.0,"damage_taken":0.0},{"damage_healed":0.0,"max_hp_gain":0.0,"max_hp_loss":0.0,"gold_gain":75.0,"event_name":"World of Goop","player_choice":"Gather Gold","floor":4.0,"gold_loss":0.0,"damage_taken":11.0},{"damage_healed":21,"gold_gain":0,"player_choice":"Healed","damage_taken":0,"max_hp_gain":0,"max_hp_loss":0,"event_name":"The Cleric","floor":8,"gold_loss":35}],"is_beta":false,"boss_relics":[],"items_purged_floors":[3],"is_endless":false,"potions_floor_spawned":[7,10,14],"killed_by":"Hexaghost","ascension_level":15}