{"gold_per_floor":[113,188,188,188,263,297,297,324,324,337,367,382,399,431,431,505,505,525,575,575,8,8,8,23,54,81,101,128,128,28,45,45,123,123,140,0,19,32,32,63,63,94,149,161,189,189,209,235,235,235,235,235,235,3,38,38],"floor_reached":56,"playtime":4368,"items_purged":["Pain","Regret","Doubt"],"score":2362,"play_id":"b9e1175f-4072-4482-9ab9-857a783c2e6f","local_time":"20190201102529","is_ascension_mode":true,"campfire_choices":[{"data":"Leap","floor":7.0,"key":"SMITH"},{"data":"Consume","floor":15.0,"key":"SMITH"},{"data":"Defragment","floor":23.0,"key":"SMITH"},{"floor":29.0,"key":"REST"},{"floor":32.0,"key":"REST"},{"floor":41.0,"key":"REST"},{"data":"Reprogram","floor":46.0,"key":"SMITH"},{"floor":49.0,"key":"RECALL"},{"data":"Dualcast","floor":53.0,"key":"SMITH"}],"neow_cost":"NONE","seed_source_timestamp":0,"circlet_count":0,"master_deck":["AscendersBane","Strike_B","Strike_B","Strike_B+1","Strike_B+1","Defend_B","Defend_B","Defend_B","Defend_B","Zap","Dualcast+1","Leap+1","Undo","Ball Lightning","Reprogram+1","Self Repair","Steam+1","All For One","Conserve Battery+1","Turbo+1","Beam Cell","Purity+1","Defragment+1","Hologram+1","Glacier+1","Capacitor","Echo Form+1","Defragment+1","Defragment+1","Fission+1","Loop+1","Cold Snap","Fission+1","BootSequence+1","Cold Snap","Multi-Cast+1","Heatsinks+1","Storm+1","Stack+1"],"special_seed":0,"relics":["Cracked Core","NeowsBlessing","Darkstone Periapt","Bag of Marbles","Shuriken","Kunai","Bronze Scales","Toxic Egg 2","Calling Bell","Orichalcum","Ornamental Fan","Prayer Wheel","Dead Branch","Question Card","Whetstone","DataDisk","Frozen Egg 2","Busted Crown","Red Mask","Symbiotic Virus","Girya","Pen Nib","The Courier","Juzu Bracelet","Emotion Chip"],"potions_floor_usage":[],"damage_taken":[{"damage":0.0,"enemies":"2 Louse","floor":1.0,"turns":1.0},{"damage":0.0,"enemies":"3 Sentries","floor":6.0,"turns":1.0},{"damage":0.0,"enemies":"Lagavulin","floor":8.0,"turns":1.0},{"damage":2.0,"enemies":"Jaw Worm","floor":10.0,"turns":3.0},{"damage":24.0,"enemies":"3 Sentries","floor":11.0,"turns":9.0},{"damage":10.0,"enemies":"Small Slimes","floor":12.0,"turns":1.0},{"damage":2.0,"enemies":"Exordium Wildlife","floor":13.0,"turns":5.0},{"damage":10.0,"enemies":"Lagavulin","floor":14.0,"turns":7.0},{"damage":12.0,"enemies":"Hexaghost","floor":16.0,"turns":9.0},{"damage":2.0,"enemies":"3 Byrds","floor":18.0,"turns":3.0},{"damage":7.0,"enemies":"Chosen","floor":24.0,"turns":5.0},{"damage":27.0,"enemies":"Book of Stabbing","floor":25.0,"turns":5.0},{"damage":12.0,"enemies":"Snake Plant","floor":27.0,"turns":4.0},{"damage":21.0,"enemies":"Slavers","floor":28.0,"turns":5.0},{"damage":0.0,"enemies":"Shelled Parasite and Fungi","floor":31.0,"turns":7.0},{"damage":23.0,"enemies":"Automaton","floor":33.0,"turns":13.0},{"damage":17.0,"enemies":"Orb Walker","floor":35.0,"turns":3.0},{"damage":16.0,"enemies":"3 Shapes","floor":37.0,"turns":6.0},{"damage":31.0,"enemies":"Jaw Worm Horde","floor":38.0,"turns":6.0},{"damage":4.0,"enemies":"Nemesis","floor":40.0,"turns":7.0},{"damage":0.0,"enemies":"Giant Head","floor":42.0,"turns":12.0},{"damage":9.0,"enemies":"Sphere and 2 Shapes","floor":44.0,"turns":6.0},{"damage":8.0,"enemies":"Nemesis","floor":45.0,"turns":9.0},{"damage":0.0,"enemies":"Maw","floor":47.0,"turns":7.0},{"damage":38.0,"enemies":"Reptomancer","floor":48.0,"turns":11.0},{"damage":22.0,"enemies":"Time Eater","floor":50.0,"turns":23.0},{"damage":47.0,"enemies":"Awakened One","floor":51.0,"turns":20.0},{"damage":71.0,"enemies":"Shield and Spear","floor":55.0,"turns":11.0},{"damage":64,"enemies":"The Heart","floor":56,"turns":2}],"seed_played":"6501168503750982383","potions_obtained":[{"floor":1.0,"key":"GamblersBrew"},{"floor":8.0,"key":"GamblersBrew"},{"floor":11.0,"key":"LiquidBronze"},{"floor":13.0,"key":"SteroidPotion"},{"floor":24.0,"key":"Swift Potion"},{"floor":27.0,"key":"SpeedPotion"},{"floor":28.0,"key":"Weak Potion"},{"floor":31.0,"key":"Fire Potion"},{"floor":35.0,"key":"AttackPotion"},{"floor":40.0,"key":"EssenceOfSteel"},{"floor":47.0,"key":"EssenceOfSteel"}],"is_trial":false,"path_per_floor":["M","?","?","?","T","E","R","E","T","M","E","M","M","E","R","B",null,"M","?","?","$","T","R","M","E","T","M","E","R","$","M","R","B",null,"M","?","M","M","?","E","R","E","T","M","E","R","M","E","R","B","B",null,"R","$","E","B"],"character_chosen":"DEFECT","items_purchased":["Dead Branch","Purity+1","Defragment","Heatsinks+1","Storm+1"],"campfire_rested":3,"item_purchase_floors":[21,21,21,54,54],"current_hp_per_floor":[64,53,53,58,58,58,58,58,58,56,32,22,20,17,17,12,78,76,76,76,76,76,76,76,56,56,44,23,51,51,58,86,77,90,73,73,64,47,47,43,71,85,85,83,82,82,89,58,58,50,17,75,75,75,18,0],"gold":38,"neow_bonus":"THREE_ENEMY_KILL","is_prod":false,"is_daily":false,"chose_seed":true,"campfire_upgraded":5,"win_rate":0,"timestamp":1548987929,"path_taken":["M","?","?","?","?","E","R","E","T","?","E","M","M","E","R","BOSS","M","?","?","$","?","R","?","E","T","?","E","R","?","M","R","BOSS","M","?","M","M","?","E","R","E","T","M","E","R","M","E","R","BOSS","BOSS","R","$","E","BOSS"],"build_version":"2019-01-23","purchased_purges":3,"victory":false,"max_hp_per_floor":[71,71,71,76,76,76,76,76,76,76,76,76,76,76,76,76,94,94,94,94,94,94,94,94,94,94,94,94,94,94,94,94,94,94,94,94,94,94,94,94,94,94,94,94,94,94,94,94,94,94,94,94,94,94,94,94],"card_choices":[{"not_picked":["Loop","Redo"],"picked":"Leap","floor":1.0},{"not_picked":["Echo Form","Coolheaded"],"picked":"Undo","floor":6.0},{"not_picked":["Sunder","Redo"],"picked":"Ball Lightning","floor":8.0},{"not_picked":["Sweeping Beam","Undo"],"picked":"Reprogram","floor":10.0},{"not_picked":["Rebound","Redo"],"picked":"Consume","floor":11.0},{"not_picked":["Scrape","Rebound","Fusion"],"picked":"SKIP","floor":12.0},{"not_picked":["Scrape","Rebound","Fusion"],"picked":"SKIP","floor":12.0},{"not_picked":["Scrape","Rebound","Fusion"],"picked":"SKIP","floor":12.0},{"not_picked":["Scrape","Double Energy"],"picked":"Self Repair","floor":13.0},{"not_picked":["Heatsinks","Compile Driver"],"picked":"Steam","floor":14.0},{"not_picked":["Machine Learning","Meteor Strike"],"picked":"All For One","floor":16.0},{"not_picked":["Storm","Stack+1"],"picked":"Conserve Battery+1","floor":18.0},{"not_picked":["Lockon","Stack+1"],"picked":"Turbo+1","floor":18.0},{"not_picked":["Capacitor","Leap+1","Coolheaded+1"],"picked":"Hologram+1","floor":24.0},{"not_picked":["Force Field+1","Sunder+1","Defragment","Self Repair"],"picked":"SKIP","floor":24.0},{"not_picked":["Hello World","Stack+1","Chaos+1"],"picked":"Glacier+1","floor":25.0},{"not_picked":["Rebound","Hologram+1","Melter"],"picked":"Capacitor","floor":27.0},{"not_picked":["Sunder","Sweeping Beam","Steam+1","Thunder Strike"],"picked":"SKIP","floor":27.0},{"not_picked":["Sweeping Beam","Beam Cell","Doom and Gloom+1"],"picked":"Echo Form","floor":28.0},{"not_picked":["Conserve Battery+1","Beam Cell","Auto Shields+1"],"picked":"Defragment+1","floor":31.0},{"not_picked":["Go for the Eyes","Aggregate+1","Barrage"],"picked":"Defragment+1","floor":31.0},{"not_picked":["All For One","Core Surge","Creative AI+1"],"picked":"Fission+1","floor":33.0},{"not_picked":["Hologram+1"],"picked":"Loop+1","floor":35.0},{"not_picked":["Beam Cell","Hologram+1"],"picked":"SKIP","floor":35.0},{"not_picked":["Go for the Eyes"],"picked":"Cold Snap","floor":37.0},{"not_picked":["Beam Cell","Sweeping Beam"],"picked":"SKIP","floor":37.0},{"not_picked":["Sweeping Beam+1"],"picked":"Fission+1","floor":38.0},{"not_picked":["Gash","BootSequence+1"],"picked":"SKIP","floor":38.0},{"not_picked":["Gash"],"picked":"BootSequence+1","floor":38.0},{"not_picked":["Darkness+1","Storm+1"],"picked":"SKIP","floor":40.0},{"not_picked":["Darkness+1","Streamline"],"picked":"SKIP","floor":42.0},{"not_picked":["Ball Lightning","Steam+1"],"picked":"SKIP","floor":44.0},{"not_picked":["Conserve Battery+1","Redo+1"],"picked":"SKIP","floor":44.0},{"not_picked":["Turbo+1","Cold Snap"],"picked":"SKIP","floor":45.0},{"not_picked":["Turbo+1"],"picked":"Cold Snap","floor":45.0},{"not_picked":["Rip and Tear"],"picked":"Multi-Cast+1","floor":47.0},{"not_picked":["Static Discharge+1","Barrage"],"picked":"SKIP","floor":47.0},{"not_picked":["Streamline","Rip and Tear"],"picked":"SKIP","floor":48.0},{"not_picked":["Streamline","Rip and Tear"],"picked":"SKIP","floor":48.0},{"not_picked":["Reinforced Body+1"],"picked":"Stack+1","floor":55}],"player_experience":1248194,"relics_obtained":[{"floor":5.0,"key":"Darkstone Periapt"},{"floor":6.0,"key":"Bag of Marbles"},{"floor":8.0,"key":"Shuriken"},{"floor":9.0,"key":"Kunai"},{"floor":11.0,"key":"Bronze Scales"},{"floor":14.0,"key":"Toxic Egg 2"},{"floor":17.0,"key":"Orichalcum"},{"floor":17.0,"key":"Ornamental Fan"},{"floor":17.0,"key":"Prayer Wheel"},{"floor":22.0,"key":"Question Card"},{"floor":25.0,"key":"Whetstone"},{"floor":26.0,"key":"DataDisk"},{"floor":28.0,"key":"Frozen Egg 2"},{"floor":40.0,"key":"Girya"},{"floor":42.0,"key":"Pen Nib"},{"floor":45.0,"key":"The Courier"},{"floor":48.0,"key":"Juzu Bracelet"},{"floor":55,"key":"Emotion Chip"}],"event_choices":[{"damage_healed":0.0,"max_hp_gain":0.0,"max_hp_loss":0.0,"gold_gain":75.0,"event_name":"World of Goop","player_choice":"Gather Gold","floor":2.0,"gold_loss":0.0,"damage_taken":11.0},{"damage_healed":0.0,"max_hp_gain":0.0,"max_hp_loss":0.0,"gold_gain":0.0,"event_name":"Shining Light","player_choice":"Ignored","floor":3.0,"gold_loss":0.0,"damage_taken":0.0},{"damage_healed":0.0,"max_hp_gain":5.0,"max_hp_loss":0.0,"gold_gain":0.0,"event_name":"Big Fish","player_choice":"Donut","floor":4.0,"gold_loss":0.0,"damage_taken":0.0},{"damage_healed":0.0,"max_hp_gain":0.0,"max_hp_loss":0.0,"gold_gain":50.0,"event_name":"Nest","player_choice":"Stole From Cult","floor":19.0,"gold_loss":0.0,"damage_taken":0.0},{"damage_healed":0.0,"max_hp_gain":0.0,"max_hp_loss":0.0,"gold_gain":0.0,"event_name":"The Library","player_choice":"Read","floor":20.0,"gold_loss":0.0,"damage_taken":0.0,"cards_obtained":["Beam Cell"]},{"damage_healed":0.0,"max_hp_gain":0.0,"max_hp_loss":0.0,"gold_gain":0.0,"event_name":"Tomb of Lord Red Mask","player_choice":"Paid","floor":36.0,"gold_loss":140.0,"damage_taken":0.0,"relics_obtained":["Red Mask"]},{"cards_removed":["Consume"],"damage_healed":0.0,"max_hp_gain":0.0,"max_hp_loss":0.0,"gold_gain":0.0,"event_name":"WeMeetAgain","player_choice":"Gave Card","floor":39.0,"gold_loss":0.0,"damage_taken":0.0,"relics_obtained":["Symbiotic Virus"]}],"is_beta":true,"boss_relics":[{"not_picked":["Philosopher\u0027s Stone","Velvet Choker"],"picked":"Calling Bell"},{"not_picked":["Inserter","White Beast Statue"],"picked":"Busted Crown"}],"items_purged_floors":[21,30,54],"is_endless":false,"potions_floor_spawned":[1,8,11,13,24,27,28,31,35,40,47],"killed_by":"The Heart","ascension_level":20}