{"gold_per_floor":[15,27,39,49,49,49,62,62,89,89,107,107,119,152,152,257,257,268,268,268,268,268,268,299,316,339,358,389,389,400,474,474,572,572,591,591,608,623,638,638,669,513,568,568,23,0,15,15,15,15],"floor_reached":51,"playtime":4232,"items_purged":[],"score":994,"play_id":"650f7714-ae71-40f7-a606-222b3ab901c3","local_time":"20190106052655","is_ascension_mode":true,"campfire_choices":[{"data":"Body Slam","floor":6.0,"key":"SMITH"},{"data":"True Grit","floor":10.0,"key":"SMITH"},{"data":"True Grit","floor":12.0,"key":"SMITH"},{"data":"Body Slam","floor":15.0,"key":"SMITH"},{"data":"Rupture","floor":23.0,"key":"SMITH"},{"data":"Intimidate","floor":29.0,"key":"SMITH"},{"floor":32.0,"key":"REST"},{"data":"Whirlwind","floor":40.0,"key":"SMITH"},{"floor":44.0,"key":"REST"},{"floor":49,"key":"REST"}],"neow_cost":"NO_GOLD","seed_source_timestamp":51206563802815,"circlet_count":0,"master_deck":["Bash","Body Slam+1","Inflame","Flex","True Grit+1","Warcry","True Grit+1","Shrug It Off","Body Slam+1","Juggernaut","Rupture+1","Shockwave","Feel No Pain","Brutality","Clothesline","Reckless Charge","Wild Strike","Power Through+1","Intimidate+1","Intimidate+1","Shrug It Off+1","True Grit","Heavy Blade","Impervious","Armaments","Purity","Whirlwind+1","Heavy Blade+1","Evolve+1","Body Slam+1","Impervious","Metallicize","Offering","Heavy Blade+1"],"special_seed":0,"relics":["Burning Blood","Thread and Needle","Bag of Preparation","Anchor","Pandora\u0027s Box","Oddly Smooth Stone","The Courier","Red Skull","PreservedInsect","Bottled Flame","Empty Cage","FossilizedHelix","DollysMirror","Pen Nib","Dream Catcher","Happy Flower","Mango","Red Mask"],"potions_floor_usage":[50],"damage_taken":[{"damage":0.0,"enemies":"2 Louse","floor":1.0,"turns":3.0},{"damage":5.0,"enemies":"Cultist","floor":2.0,"turns":5.0},{"damage":12.0,"enemies":"Jaw Worm","floor":3.0,"turns":4.0},{"damage":2.0,"enemies":"Looter","floor":4.0,"turns":3.0},{"damage":4.0,"enemies":"3 Louse","floor":7.0,"turns":4.0},{"damage":0.0,"enemies":"Lots of Slimes","floor":11.0,"turns":3.0},{"damage":8.0,"enemies":"Exordium Thugs","floor":13.0,"turns":5.0},{"damage":35.0,"enemies":"Lagavulin","floor":14.0,"turns":9.0},{"damage":25.0,"enemies":"Slime Boss","floor":16.0,"turns":15.0},{"damage":10.0,"enemies":"Chosen","floor":18.0,"turns":5.0},{"damage":4.0,"enemies":"Slavers","floor":24.0,"turns":6.0},{"damage":2.0,"enemies":"Shell Parasite","floor":25.0,"turns":3.0},{"damage":19.0,"enemies":"Sentry and Sphere","floor":27.0,"turns":5.0},{"damage":29.0,"enemies":"Gremlin Leader","floor":28.0,"turns":8.0},{"damage":3.0,"enemies":"Centurion and Healer","floor":30.0,"turns":4.0},{"damage":24.0,"enemies":"Champ","floor":33.0,"turns":11.0},{"damage":0.0,"enemies":"Orb Walker","floor":35.0,"turns":1.0},{"damage":12.0,"enemies":"3 Darklings","floor":37.0,"turns":8.0},{"damage":26.0,"enemies":"Transient","floor":38.0,"turns":5.0},{"damage":24.0,"enemies":"Sphere and 2 Shapes","floor":39.0,"turns":6.0},{"damage":30.0,"enemies":"Nemesis","floor":41.0,"turns":7.0},{"damage":1,"enemies":"3 Darklings","floor":47,"turns":7},{"damage":37,"enemies":"Time Eater","floor":50,"turns":10}],"seed_played":"-7410943051180531555","potions_obtained":[{"floor":2.0,"key":"AttackPotion"},{"floor":7.0,"key":"Fire Potion"},{"floor":8.0,"key":"Fruit Juice"},{"floor":8.0,"key":"EntropicBrew"},{"floor":8.0,"key":"Explosive Potion"},{"floor":16.0,"key":"GamblersBrew"},{"floor":24.0,"key":"Weak Potion"},{"floor":25.0,"key":"Strength Potion"},{"floor":30.0,"key":"Block Potion"},{"floor":35.0,"key":"Block Potion"},{"floor":37.0,"key":"Regen Potion"},{"floor":47,"key":"Strength Potion"}],"is_trial":false,"path_per_floor":["M","M","M","M","$","R","M","?","T","R","M","R","M","E","R","B",null,"M","$","?","?","?","R","E","M","T","M","E","R","M","T","R","B",null,"M","?","M","M","M","R","E","$","T","R","$","?","M","?","R","B",null],"character_chosen":"IRONCLAD","items_purchased":["DollysMirror","Metallicize","Dream Catcher","Happy Flower","Mango"],"campfire_rested":3,"item_purchase_floors":[42,45,45,45,45],"current_hp_per_floor":[78,79,73,77,77,77,79,84,84,84,85,85,83,54,54,35,73,69,69,69,69,69,69,71,75,75,62,39,39,42,42,67,49,76,82,82,76,56,53,53,29,29,29,54,68,68,73,64,93,62],"gold":15,"neow_bonus":"ONE_RARE_RELIC","is_prod":false,"is_daily":false,"chose_seed":false,"campfire_upgraded":7,"win_rate":0,"timestamp":1546748815,"path_taken":["M","M","M","M","$","R","M","?","T","R","M","R","?","E","R","BOSS","M","$","?","?","?","R","E","?","T","M","E","R","M","?","R","BOSS","M","?","M","M","M","R","E","$","T","R","$","?","M","?","R","BOSS"],"build_version":"2019-01-03v4","purchased_purges":0,"victory":true,"max_hp_per_floor":[80,80,80,80,80,80,80,85,85,85,85,85,85,85,85,85,85,85,85,85,85,85,85,85,85,85,85,85,85,85,85,85,85,85,85,85,85,85,85,85,85,85,85,85,99,99,99,99,99,99],"card_choices":[{"not_picked":["Sword Boomerang","Pummel"],"picked":"Body Slam","floor":1.0},{"not_picked":["Clash","Seeing Red"],"picked":"Inflame","floor":2.0},{"not_picked":["Warcry","Shockwave"],"picked":"Flex","floor":3.0},{"not_picked":["Fiend Fire","Thunderclap"],"picked":"True Grit","floor":4.0},{"not_picked":["Headbutt","Anger"],"picked":"Warcry","floor":7.0},{"not_picked":["Flame Barrier","Flex"],"picked":"True Grit","floor":11.0},{"not_picked":["Fire Breathing","Twin Strike"],"picked":"Shrug It Off","floor":13.0},{"not_picked":["Power Through","Thunderclap"],"picked":"Body Slam","floor":14.0},{"not_picked":["Brutality","Dark Embrace"],"picked":"Juggernaut","floor":16.0},{"not_picked":["Iron Wave","Perfected Strike+1"],"picked":"Power Through+1","floor":18.0},{"not_picked":["Sever Soul","True Grit"],"picked":"Intimidate+1","floor":24.0},{"not_picked":["Warcry+1","Iron Wave+1"],"picked":"Shrug It Off+1","floor":25.0},{"not_picked":["Thunderclap","Anger"],"picked":"True Grit","floor":27.0},{"not_picked":["Shockwave","Burning Pact"],"picked":"Heavy Blade","floor":28.0},{"not_picked":["Cleave","Havoc","Twin Strike+1"],"picked":"SKIP","floor":30.0},{"not_picked":["Dark Embrace","Fiend Fire"],"picked":"Impervious","floor":33.0},{"not_picked":["Twin Strike+1","Heavy Blade+1"],"picked":"Armaments","floor":35.0},{"not_picked":["Forethought","Mind Blast"],"picked":"Purity","floor":36.0},{"not_picked":["Bloodletting+1","Havoc+1"],"picked":"Whirlwind","floor":37.0},{"not_picked":["Anger+1","Armaments"],"picked":"Heavy Blade+1","floor":38.0},{"not_picked":["Heavy Blade+1","Searing Blow"],"picked":"Evolve+1","floor":39.0},{"not_picked":["Clash+1","Armaments+1"],"picked":"Body Slam+1","floor":41.0},{"not_picked":["Sword Boomerang+1","Feel No Pain"],"picked":"Offering","floor":47},{"not_picked":["Flex","Sword Boomerang"],"picked":"Heavy Blade+1","floor":49}],"player_experience":401799,"relics_obtained":[{"floor":9.0,"key":"Bag of Preparation"},{"floor":14.0,"key":"Anchor"},{"floor":24.0,"key":"The Courier"},{"floor":26.0,"key":"Red Skull"},{"floor":28.0,"key":"PreservedInsect"},{"floor":31.0,"key":"Bottled Flame"},{"floor":41.0,"key":"FossilizedHelix"},{"floor":43.0,"key":"Pen Nib"}],"event_choices":[{"damage_healed":0.0,"max_hp_gain":0.0,"max_hp_loss":0.0,"gold_gain":0.0,"event_name":"Lab","player_choice":"Got Potions","floor":8.0,"gold_loss":0.0,"damage_taken":0.0},{"damage_healed":0.0,"max_hp_gain":0.0,"max_hp_loss":0.0,"gold_gain":0.0,"event_name":"The Library","player_choice":"Read","floor":20.0,"gold_loss":0.0,"damage_taken":0.0,"cards_obtained":["Intimidate"]},{"damage_healed":0.0,"max_hp_gain":0.0,"max_hp_loss":0.0,"gold_gain":0.0,"event_name":"The Mausoleum","player_choice":"Opened","floor":21.0,"gold_loss":0.0,"damage_taken":0.0,"relics_obtained":["Oddly Smooth Stone"],"cards_obtained":["Writhe"]},{"cards_removed":["Writhe"],"damage_healed":0.0,"max_hp_gain":0.0,"max_hp_loss":0.0,"gold_gain":0.0,"event_name":"Purifier","player_choice":"Purged","floor":22.0,"gold_loss":0.0,"damage_taken":0.0},{"damage_healed":0.0,"max_hp_gain":0.0,"max_hp_loss":0.0,"gold_gain":0.0,"event_name":"SensoryStone","player_choice":"Memory 1","floor":36.0,"gold_loss":0.0,"damage_taken":0.0},{"damage_healed":0.0,"max_hp_gain":0.0,"max_hp_loss":0.0,"gold_gain":0.0,"event_name":"Tomb of Lord Red Mask","player_choice":"Paid","floor":46.0,"gold_loss":23.0,"damage_taken":0.0,"relics_obtained":["Red Mask"]},{"damage_healed":0,"gold_gain":0,"player_choice":"Damaged","damage_taken":9,"max_hp_gain":0,"max_hp_loss":0,"event_name":"Wheel of Change","floor":48,"gold_loss":0}],"is_beta":true,"boss_relics":[{"not_picked":["Black Star","Velvet Choker"],"picked":"Pandora\u0027s Box"},{"not_picked":["Runic Pyramid","Astrolabe"],"picked":"Empty Cage"}],"items_purged_floors":[],"is_endless":false,"potions_floor_spawned":[2,7,16,24,25,30,35,37,47],"ascension_level":8}