{"gold_per_floor":[115,22,38,54,54,54,85,85,167,167,198,212,44,9,9,83,83,94,94,94,106,64,64,0,17,88,88,88,88,108,125,125,200,200,218,218,318,332,332,332,56,56,56,56,56,71,71,100,100,100],"floor_reached":51,"playtime":2426,"items_purged":[],"score":1295,"play_id":"8d983ea3-1bb7-4d95-b561-2291298bbfaf","local_time":"20190428193855","is_ascension_mode":true,"campfire_choices":[{"data":"Pommel Strike","floor":6,"key":"SMITH"},{"floor":8,"key":"REST"},{"data":"Feed","floor":15,"key":"SMITH"},{"floor":23,"key":"REST"},{"floor":27,"key":"DIG"},{"floor":29,"key":"REST"},{"floor":32,"key":"DIG"},{"floor":40,"key":"DIG"},{"floor":42,"key":"DIG"},{"floor":44,"key":"DIG"},{"floor":49,"key":"REST"}],"neow_cost":"NONE","seed_source_timestamp":190008634815500,"circlet_count":0,"master_deck":["AscendersBane","Strike_R+1","Strike_R+1","Strike_R+1","Strike_R+1","Strike_R+1","Defend_R+1","Defend_R+1","Defend_R+1","Bash","Heavy Blade","Pommel Strike+1","Metallicize","Clothesline","Shrug It Off","Dark Shackles","Feed+1","Juggernaut","Rage","Flame Barrier+1","Shockwave","Inflame","Barricade","Carnage+1","Headbutt+1","Secret Weapon","Juggernaut"],"relics":["Burning Blood","Orichalcum","Singing Bowl","Letter Opener","Shovel","Fusion Hammer","Enchiridion","Bottled Tornado","Mummified Hand","Molten Egg 2","Sozu","Gambling Chip","Bottled Lightning","Pantograph","Bag of Marbles","Pen Nib","Strawberry","Gremlin Horn"],"potions_floor_usage":[7,7,16,21,37,50],"damage_taken":[{"damage":6,"enemies":"Cultist","floor":1,"turns":3},{"damage":3,"enemies":"2 Louse","floor":3,"turns":2},{"damage":8,"enemies":"Jaw Worm","floor":4,"turns":4},{"damage":59,"enemies":"Lagavulin","floor":7,"turns":7},{"damage":18,"enemies":"3 Sentries","floor":11,"turns":11},{"damage":19,"enemies":"Exordium Wildlife","floor":12,"turns":4},{"damage":38,"enemies":"The Guardian","floor":16,"turns":16},{"damage":34,"enemies":"3 Byrds","floor":18,"turns":6},{"damage":5,"enemies":"Spheric Guardian","floor":21,"turns":5},{"damage":22,"enemies":"Chosen and Byrds","floor":25,"turns":6},{"damage":0,"enemies":"Cultist and Chosen","floor":30,"turns":6},{"damage":0,"enemies":"Centurion and Healer","floor":31,"turns":4},{"damage":63,"enemies":"Automaton","floor":33,"turns":11},{"damage":24,"enemies":"3 Shapes","floor":35,"turns":4},{"damage":10,"enemies":"Mind Bloom Boss Battle","floor":37,"turns":10},{"damage":15,"enemies":"Orb Walker","floor":38,"turns":5},{"damage":17,"enemies":"Writhing Mass","floor":46,"turns":4},{"damage":33,"enemies":"Reptomancer","floor":48,"turns":7},{"damage":85,"enemies":"Donu and Deca","floor":50,"turns":9}],"seed_played":"8734592854024889470","potions_obtained":[{"floor":1,"key":"SkillPotion"},{"floor":4,"key":"Ancient Potion"},{"floor":11,"key":"Strength Potion"},{"floor":16,"key":"Dexterity Potion"},{"floor":25,"key":"Strength Potion"},{"floor":30,"key":"BloodPotion"}],"is_trial":false,"path_per_floor":["M","$","M","M","?","R","E","R","T","T","E","M","$","?","R","B",null,"M","?","?","M","$","R","?","M","T","R","?","R","M","M","R","B",null,"M","?","?","M","?","R","$","R","T","R","?","M","$","E","R","B",null],"character_chosen":"IRONCLAD","items_purchased":["Pommel Strike","Metallicize","Dark Shackles","Feed","Rage","Pantograph"],"campfire_rested":4,"item_purchase_floors":[2,2,13,13,22,41],"current_hp_per_floor":[75,75,78,76,76,76,23,47,47,47,37,24,24,45,45,13,66,40,40,19,22,22,48,48,36,36,36,36,63,73,83,83,26,82,66,66,76,67,67,67,67,67,67,74,74,69,69,44,80,26],"gold":100,"neow_bonus":"TEN_PERCENT_HP_BONUS","is_prod":false,"is_daily":false,"chose_seed":false,"campfire_upgraded":2,"win_rate":0,"timestamp":1556469535,"path_taken":["M","$","?","M","?","R","E","R","T","?","E","M","?","?","R","BOSS","M","?","?","M","$","R","?","M","T","R","?","R","M","M","R","BOSS","M","?","?","?","?","R","$","R","T","R","?","M","$","E","R","BOSS"],"build_version":"2019-01-23","purchased_purges":0,"victory":true,"max_hp_per_floor":[82,82,82,82,82,82,82,82,82,82,84,84,84,84,84,84,84,86,86,86,88,88,88,88,92,92,92,92,92,96,100,100,100,100,102,102,106,106,106,106,106,106,106,113,113,119,119,121,121,121],"card_choices":[{"not_picked":["Sentinel","Wild Strike"],"picked":"Heavy Blade","floor":1},{"not_picked":["Second Wind","Twin Strike"],"picked":"Clothesline","floor":3},{"not_picked":["Thunderclap","Havoc","Wild Strike"],"picked":"SKIP","floor":4},{"not_picked":["Seeing Red","Clash","Perfected Strike"],"picked":"SKIP","floor":7},{"not_picked":["Feel No Pain","Armaments","Pommel Strike"],"picked":"Singing Bowl","floor":11},{"not_picked":["Rampage","Havoc"],"picked":"Shrug It Off","floor":12},{"not_picked":["Limit Break","Double Tap"],"picked":"Juggernaut","floor":16},{"not_picked":["Corruption","Dropkick","Wild Strike"],"picked":"Singing Bowl","floor":18},{"not_picked":["Burning Pact","Rage","Heavy Blade+1"],"picked":"Singing Bowl","floor":21},{"not_picked":["Sever Soul","Warcry"],"picked":"Flame Barrier+1","floor":25},{"not_picked":["Sword Boomerang","Seeing Red+1"],"picked":"Shockwave","floor":30},{"not_picked":["Sword Boomerang","Headbutt"],"picked":"Inflame","floor":31},{"not_picked":["Immolate+1","Bludgeon+1"],"picked":"Barricade","floor":33},{"not_picked":["Sword Boomerang+1","Anger+1","Combust"],"picked":"Singing Bowl","floor":35},{"not_picked":["Rage+1","Armaments"],"picked":"Carnage+1","floor":37},{"not_picked":["Sword Boomerang+1","Cleave+1"],"picked":"Headbutt+1","floor":38},{"not_picked":["Good Instincts","Deep Breath"],"picked":"Secret Weapon","floor":39},{"not_picked":["Wild Strike+1","Clash+1","Pommel Strike+1"],"picked":"Singing Bowl","floor":46},{"not_picked":["Pummel+1","Double Tap","Wild Strike+1"],"picked":"Singing Bowl","floor":48}],"player_experience":348471,"relics_obtained":[{"floor":7,"key":"Orichalcum"},{"floor":9,"key":"Singing Bowl"},{"floor":10,"key":"Letter Opener"},{"floor":11,"key":"Shovel"},{"floor":20,"key":"Enchiridion"},{"floor":26,"key":"Bottled Tornado"},{"floor":27,"key":"Mummified Hand"},{"floor":32,"key":"Molten Egg 2"},{"floor":37,"key":"Gambling Chip"},{"floor":40,"key":"Bottled Lightning"},{"floor":42,"key":"Bag of Marbles"},{"floor":43,"key":"Pen Nib"},{"floor":44,"key":"Strawberry"},{"floor":48,"key":"Gremlin Horn"}],"event_choices":[{"damage_healed":0,"gold_gain":0,"player_choice":"Ignored","damage_taken":0,"max_hp_gain":0,"max_hp_loss":0,"event_name":"Golden Idol","floor":5,"gold_loss":0},{"damage_healed":21,"gold_gain":0,"player_choice":"Healed","damage_taken":0,"max_hp_gain":0,"max_hp_loss":0,"event_name":"The Cleric","floor":14,"gold_loss":35},{"damage_healed":0,"gold_gain":0,"player_choice":"Simplicity","damage_taken":0,"max_hp_gain":0,"max_hp_loss":0,"event_name":"Back to Basics","floor":19,"gold_loss":0,"cards_upgraded":["Strike_R","Strike_R","Strike_R","Strike_R","Strike_R","Defend_R","Defend_R","Defend_R","Defend_R"]},{"damage_healed":0,"gold_gain":0,"player_choice":"Obtained Book","damage_taken":21,"max_hp_gain":0,"max_hp_loss":0,"event_name":"Cursed Tome","floor":20,"gold_loss":0},{"damage_healed":0,"gold_gain":0,"player_choice":"Paid Fearfully","damage_taken":0,"max_hp_gain":0,"max_hp_loss":0,"event_name":"Masked Bandits","floor":24,"gold_loss":64},{"damage_healed":0,"gold_gain":0,"player_choice":"Ignored","damage_taken":0,"max_hp_gain":0,"max_hp_loss":0,"event_name":"Ghosts","floor":28,"gold_loss":0},{"cards_removed":["Defend_R"],"damage_healed":0,"gold_gain":0,"player_choice":"Removed Skill","damage_taken":0,"max_hp_gain":0,"max_hp_loss":0,"event_name":"Falling","floor":36,"gold_loss":0},{"damage_healed":0,"gold_gain":0,"player_choice":"Fight","damage_taken":0,"max_hp_gain":0,"max_hp_loss":0,"event_name":"MindBloom","floor":37,"gold_loss":0},{"damage_healed":0,"gold_gain":0,"player_choice":"Memory 1","damage_taken":0,"max_hp_gain":0,"max_hp_loss":0,"event_name":"SensoryStone","floor":39,"gold_loss":0},{"damage_healed":0,"gold_gain":0,"player_choice":"Copied","damage_taken":0,"max_hp_gain":0,"max_hp_loss":0,"event_name":"Duplicator","floor":45,"gold_loss":0,"cards_obtained":["Juggernaut"]}],"is_beta":false,"boss_relics":[{"not_picked":["Empty Cage","Calling Bell"],"picked":"Fusion Hammer"},{"not_picked":["White Beast Statue","Black Blood"],"picked":"Sozu"}],"items_purged_floors":[],"is_endless":false,"potions_floor_spawned":[1,4,11,16,25,30,33,35],"ascension_level":18}