{"gold_per_floor":[109,284,284,9,9,42,57,10,36,69,69,87,101,101,101,204,254,266,279,71,89,89,89,89,89,116,116,36,36,51,65,65,164,164,175,221,239,14,14,14,43,56,136,136,150,150,167,187,187,187],"floor_reached":51,"playtime":5530,"items_purged":["Doubt"],"score":753,"play_id":"ae0fccee-32ba-49a6-b487-28ecb9464b12","local_time":"20181121225300","is_ascension_mode":true,"campfire_choices":[{"data":"Venomology","floor":11,"key":"SMITH"},{"floor":15,"key":"REST"},{"data":"Envenom","floor":23,"key":"SMITH"},{"floor":25,"key":"REST"},{"floor":29,"key":"REST"},{"floor":32,"key":"REST"},{"floor":40,"key":"REST"},{"data":"Wraith Form v2","floor":44,"key":"SMITH"},{"floor":49,"key":"REST"}],"neow_cost":"NONE","seed_source_timestamp":3315681387847581,"circlet_count":0,"master_deck":["Defend_G","Defend_G","Defend_G+1","Defend_G","Strike_G","Strike_G","Strike_G","Strike_G+1","Strike_G+1","Survivor","Neutralize","Prepared","Venomology+1","Bane","Deadly Poison","PiercingWail+1","Envenom+1","Well Laid Plans","Blur+1","Predator+1","Catalyst+1","Leg Sweep+1","Outmaneuver+1","PiercingWail+1","Wraith Form v2+1","Sucker Punch+1","Distraction+1","Poisoned Stab","Terror+1","Bouncing Flask+1","Bouncing Flask+1","Deadly Poison+1"],"relics":["Ring of the Snake","TwistedFunnel","Strawberry","Happy Flower","Toxic Egg 2","Ancient Tea Set","Tiny House","Strange Spoon","Vajra","Lizard Tail","Calipers","Pen Nib","StoneCalendar","Ornamental Fan"],"potions_floor_usage":[10,10,16,16,16,18,19,19,19,27,31,33,33,35,36,36,41,42,42,45,47,47,48,50,50,50,50],"damage_taken":[{"damage":4,"enemies":"2 Louse","floor":1,"turns":2},{"damage":20,"enemies":"3 Sentries","floor":6,"turns":11},{"damage":0,"enemies":"Small Slimes","floor":7,"turns":2},{"damage":4,"enemies":"Gremlin Nob","floor":10,"turns":3},{"damage":1,"enemies":"Cultist","floor":12,"turns":3},{"damage":6,"enemies":"Large Slime","floor":13,"turns":5},{"damage":19,"enemies":"Hexaghost","floor":16,"turns":10},{"damage":12,"enemies":"Chosen","floor":18,"turns":6},{"damage":21,"enemies":"Shell Parasite","floor":19,"turns":5},{"damage":43,"enemies":"Snecko","floor":21,"turns":6},{"damage":0,"enemies":"Snake Plant","floor":27,"turns":2},{"damage":0,"enemies":"Centurion and Healer","floor":30,"turns":5},{"damage":9,"enemies":"Chosen and Byrds","floor":31,"turns":5},{"damage":59,"enemies":"Automaton","floor":33,"turns":9},{"damage":5,"enemies":"3 Shapes","floor":35,"turns":9},{"damage":24,"enemies":"2 Orb Walkers","floor":36,"turns":6},{"damage":3,"enemies":"Orb Walker","floor":37,"turns":5},{"damage":3,"enemies":"Nemesis","floor":41,"turns":5},{"damage":6,"enemies":"3 Darklings","floor":42,"turns":4},{"damage":6,"enemies":"Sphere and 2 Shapes","floor":45,"turns":4},{"damage":12,"enemies":"Jaw Worm Horde","floor":47,"turns":4},{"damage":4,"enemies":"4 Shapes","floor":48,"turns":4},{"damage":96,"enemies":"Awakened One","floor":50,"turns":11}],"seed_played":"1598543373589675934","potions_obtained":[{"floor":7,"key":"Block Potion"},{"floor":16,"key":"GhostInAJar"},{"floor":17,"key":"EssenceOfSteel"},{"floor":19,"key":"LiquidBronze"},{"floor":21,"key":"Energy Potion"},{"floor":33,"key":"Energy Potion"},{"floor":35,"key":"Fire Potion"},{"floor":41,"key":"Block Potion"},{"floor":45,"key":"Explosive Potion"},{"floor":47,"key":"AttackPotion"},{"floor":48,"key":"PowerPotion"}],"is_trial":false,"path_per_floor":["M","?","?","$","?","E","M","$","T","E","R","M","M","?","R","B",null,"M","M","$","M","?","R","?","R","T","M","$","R","M","M","R","B",null,"M","?","M","$","?","R","E","M","T","R","M","?","M","M","R","B",null],"character_chosen":"THE_SILENT","items_purchased":["TwistedFunnel","Deadly Poison","Strange Spoon","Leg Sweep+1","Terror+1","Pen Nib"],"campfire_rested":6,"item_purchase_floors":[4,8,20,28,38,38],"current_hp_per_floor":[73,73,58,58,63,50,50,50,50,46,46,45,39,39,65,46,94,82,75,75,32,13,13,4,33,33,33,33,62,62,53,82,23,99,94,70,67,67,67,96,93,87,87,87,81,81,69,65,93,12],"gold":187,"neow_bonus":"TEN_PERCENT_HP_BONUS","is_prod":false,"is_daily":false,"chose_seed":false,"campfire_upgraded":3,"win_rate":0,"timestamp":1542858780,"path_taken":["M","?","?","$","?","E","M","$","T","E","R","M","M","?","R","BOSS","M","?","$","M","?","R","?","R","T","M","?","R","M","?","R","BOSS","M","?","M","$","?","R","E","M","T","R","?","?","M","M","R","BOSS"],"build_version":"2018-11-15","purchased_purges":1,"victory":true,"max_hp_per_floor":[77,77,77,77,82,89,89,89,89,89,89,89,89,89,89,89,94,94,94,94,94,99,99,99,99,99,99,99,99,99,99,99,99,99,99,99,99,99,99,99,99,99,99,99,99,94,94,94,94,94],"card_choices":[{"not_picked":["Dodge and Roll","Expertise"],"picked":"Prepared","floor":1},{"not_picked":["Predator","Quick Slash"],"picked":"Venomology","floor":6},{"not_picked":["Dodge and Roll","Slice"],"picked":"Bane","floor":7},{"not_picked":["Caltrops","Acrobatics","Backstab"],"picked":"SKIP","floor":10},{"not_picked":["Outmaneuver+1","Cloak And Dagger+1"],"picked":"PiercingWail+1","floor":12},{"not_picked":["Choke","Doppelganger+1","Underhanded Strike"],"picked":"SKIP","floor":13},{"not_picked":["Doppelganger+1","Adrenaline+1"],"picked":"Envenom","floor":16},{"not_picked":["Bane","Dagger Throw"],"picked":"Well Laid Plans","floor":17},{"not_picked":["Dagger Throw","Cloak And Dagger+1"],"picked":"Blur+1","floor":18},{"not_picked":["Acrobatics+1","Dagger Throw"],"picked":"Predator+1","floor":19},{"not_picked":["Cloak And Dagger+1","Poisoned Stab"],"picked":"Catalyst+1","floor":21},{"not_picked":["Expertise+1","Finisher+1"],"picked":"Outmaneuver+1","floor":30},{"not_picked":["Dagger Spray","Bane"],"picked":"PiercingWail+1","floor":31},{"not_picked":["A Thousand Cuts","Unload"],"picked":"Wraith Form v2","floor":33},{"not_picked":["Predator+1","Acrobatics+1"],"picked":"Sucker Punch+1","floor":35},{"not_picked":["Finisher+1","Leg Sweep+1"],"picked":"Distraction+1","floor":36},{"not_picked":["Prepared+1","Deflect+1"],"picked":"Poisoned Stab","floor":37},{"not_picked":["Dodge and Roll+1","Bane","Flying Knee"],"picked":"SKIP","floor":41},{"not_picked":["Well Laid Plans","Underhanded Strike+1","Terror+1"],"picked":"SKIP","floor":42},{"not_picked":["Prepared+1","Reflex+1","Storm of Steel+1"],"picked":"SKIP","floor":45},{"not_picked":["Flying Knee","Heel Hook+1"],"picked":"Bouncing Flask+1","floor":47},{"not_picked":["Dagger Throw","Quick Slash+1"],"picked":"Deadly Poison+1","floor":48}],"player_experience":154729,"relics_obtained":[{"floor":6,"key":"Strawberry"},{"floor":9,"key":"Happy Flower"},{"floor":10,"key":"Toxic Egg 2"},{"floor":26,"key":"Vajra"},{"floor":36,"key":"Calipers"},{"floor":41,"key":"StoneCalendar"},{"floor":43,"key":"Ornamental Fan"}],"event_choices":[{"damage_healed":0,"gold_gain":175,"player_choice":"AGREE","damage_taken":0,"max_hp_gain":0,"max_hp_loss":0,"event_name":"Liars Game","floor":2,"gold_loss":0,"cards_obtained":["Doubt"]},{"damage_healed":0,"gold_gain":0,"player_choice":"Entered Light","damage_taken":15,"max_hp_gain":0,"max_hp_loss":0,"event_name":"Shining Light","floor":3,"gold_loss":0,"cards_upgraded":["Strike_G","Strike_G"]},{"damage_healed":0,"gold_gain":0,"player_choice":"Donut","damage_taken":0,"max_hp_gain":5,"max_hp_loss":0,"event_name":"Big Fish","floor":5,"gold_loss":0},{"damage_healed":0,"gold_gain":0,"player_choice":"Gave Potion","damage_taken":0,"relics_obtained":["Ancient Tea Set"],"max_hp_gain":0,"max_hp_loss":0,"event_name":"WeMeetAgain","floor":14,"gold_loss":0},{"damage_healed":0,"gold_gain":0,"player_choice":"Shed Blood","damage_taken":24,"max_hp_gain":5,"max_hp_loss":0,"event_name":"Forgotten Altar","floor":22,"gold_loss":0},{"damage_healed":0,"gold_gain":0,"player_choice":"Stopped","damage_taken":9,"max_hp_gain":0,"max_hp_loss":0,"event_name":"Cursed Tome","floor":24,"gold_loss":0},{"damage_healed":0,"gold_gain":0,"player_choice":"Fight","damage_taken":0,"max_hp_gain":0,"max_hp_loss":0,"event_name":"Mysterious Sphere","floor":36,"gold_loss":0},{"damage_healed":0,"gold_gain":0,"cards_transformed":["Defend_G"],"player_choice":"Transformed","damage_taken":0,"max_hp_gain":0,"max_hp_loss":0,"event_name":"Transmorgrifier","floor":39,"gold_loss":0,"cards_obtained":["Bouncing Flask"]},{"damage_healed":0,"gold_gain":0,"player_choice":"Max HP","damage_taken":0,"max_hp_gain":0,"max_hp_loss":5,"event_name":"Winding Halls","floor":46,"gold_loss":0}],"is_beta":false,"boss_relics":[{"not_picked":["Runic Dome","Orrery"],"picked":"Tiny House"},{"not_picked":["Velvet Choker","Runic Pyramid"],"picked":"Lizard Tail"}],"items_purged_floors":[4],"is_endless":false,"potions_floor_spawned":[7,13,16,19,21,33,35,41,45,47,48],"ascension_level":2}