{"gold_per_floor":[110,129,129,54,68,68,125,138,165,165,165,165,191,191,191,289,289,303,218,59,76,76,76,105,204,277,277,277,295,305,340,340,443,443,463,463,212,231,145,145,175,223,223,253,271,271,64,74,74,74],"floor_reached":51,"playtime":4501,"items_purged":["Strike_G","Strike_G"],"score":1129,"play_id":"a03a03a5-d6ce-4f40-ace8-44ecf7f107a2","local_time":"20180703124321","is_ascension_mode":true,"campfire_choices":[{"data":"Neutralize","floor":6.0,"key":"SMITH"},{"data":"Backstab","floor":10.0,"key":"SMITH"},{"data":"Backflip","floor":12.0,"key":"SMITH"},{"floor":15,"key":"REST"},{"data":"After Image","floor":23,"key":"SMITH"},{"data":"Envenom","floor":28,"key":"SMITH"},{"data":"Footwork","floor":32,"key":"SMITH"},{"data":"Leg Sweep","floor":40,"key":"SMITH"},{"floor":46,"key":"REST"},{"data":"Well Laid Plans","floor":49,"key":"SMITH"}],"neow_cost":"","seed_source_timestamp":541745251646,"circlet_count":0,"master_deck":["Defend_G","Defend_G","Defend_G","Defend_G","Defend_G","Strike_G","Survivor","Neutralize+1","Well Laid Plans+1","Deadly Poison","Crippling Poison","Dash","Backstab+1","Backflip+1","Dagger Throw","After Image+1","Adrenaline","Dagger Spray","Footwork+1","Backflip","Crippling Poison","Envenom+1","Cloak And Dagger+1","Die Die Die","Escape Plan","Sucker Punch+1","Leg Sweep+1","Distraction+1","Catalyst+1","Malaise+1","Night Terror+1","Backflip+1","Dodge and Roll+1","Calculated Gamble+1","Acrobatics+1","Prepared+1","Bane","Reflex+1"],"special_seed":0,"relics":["Ring of the Snake","Tiny Chest","Omamori","Bag of Preparation","Cursed Key","Bronze Scales","Ninja Scroll","Tingsha","Paper Crane","Torii","Orrery","Toxic Egg 2","Tough Bandages","The Specimen","Dream Catcher"],"potions_floor_usage":[33,42,44,50,50,50],"damage_taken":[{"damage":1.0,"enemies":"2 Louse","floor":1.0,"turns":3.0},{"damage":0.0,"enemies":"Jaw Worm","floor":2.0,"turns":4.0},{"damage":0.0,"enemies":"Cultist","floor":5.0,"turns":3.0},{"damage":39.0,"enemies":"Gremlin Nob","floor":7.0,"turns":6.0},{"damage":1.0,"enemies":"Looter","floor":8.0,"turns":3.0},{"damage":5.0,"enemies":"3 Sentries","floor":13.0,"turns":10.0},{"damage":38,"enemies":"Slime Boss","floor":16,"turns":16},{"damage":0,"enemies":"3 Byrds","floor":18,"turns":6},{"damage":2,"enemies":"Spheric Guardian","floor":21,"turns":4},{"damage":13,"enemies":"Slavers","floor":24,"turns":6},{"damage":1,"enemies":"Snake Plant","floor":29,"turns":4},{"damage":0,"enemies":"Centurion and Healer","floor":30,"turns":6},{"damage":0,"enemies":"Book of Stabbing","floor":31,"turns":6},{"damage":0,"enemies":"Collector","floor":33,"turns":10},{"damage":15,"enemies":"3 Darklings","floor":35,"turns":5},{"damage":0,"enemies":"Orb Walker","floor":38,"turns":4},{"damage":1,"enemies":"Giant Head","floor":41,"turns":11},{"damage":0,"floor":42,"turns":4},{"damage":7,"enemies":"2 Orb Walkers","floor":44,"turns":4},{"damage":0,"enemies":"3 Darklings","floor":45,"turns":4},{"damage":0,"enemies":"Sphere and 2 Shapes","floor":48,"turns":4},{"damage":0,"enemies":"Awakened One","floor":50,"turns":11}],"seed_played":"-1588881237180639185","potions_obtained":[{"floor":1.0,"key":"SkillPotion"},{"floor":2.0,"key":"SpeedPotion"},{"floor":16,"key":"Ancient Potion"},{"floor":30,"key":"Strength Potion"},{"floor":31,"key":"Swift Potion"},{"floor":33,"key":"SpeedPotion"},{"floor":42,"key":"Weak Potion"},{"floor":45,"key":"Regen Potion"}],"is_trial":false,"path_per_floor":["M","M","?","$","M","R","E","M","T","R","?","R","E","?","R","B",null,"M","?","$","M","T","R","E","?","T","?","R","M","M","E","R","B",null,"M","?","$","M","$","R","E","?","T","E","M","R","$","M","R","B"],"character_chosen":"THE_SILENT","items_purchased":["Dash","Footwork","Backflip","Toxic Egg 2","Dexterity Potion","Malaise+1","Prepared+1","Bane"],"campfire_rested":2,"item_purchase_floors":[],"current_hp_per_floor":[62,62,67,67,67,67,28,27,27,27,27,27,22,22,44,6,58,58,58,58,56,56,56,43,43,43,43,43,42,42,42,42,42,67,52,52,52,52,52,52,51,51,51,44,44,66,66,66,66,75],"gold":74,"neow_bonus":"","is_prod":false,"is_daily":false,"chose_seed":false,"campfire_upgraded":8,"win_rate":0,"timestamp":1530647001,"path_taken":["M","M","?","?","M","R","E","M","T","R","?","R","E","?","R","BOSS","M","?","$","M","?","R","E","?","T","?","R","M","?","E","R","BOSS","M","?","$","M","$","R","E","?","T","E","M","R","$","M","R","BOSS"],"build_version":"2018-06-28","purchased_purges":2,"victory":true,"max_hp_per_floor":[70,70,75,75,75,75,75,75,75,75,75,75,75,75,75,75,75,75,75,75,75,75,75,75,75,75,75,75,75,75,75,75,75,75,75,75,75,75,75,75,75,75,75,75,75,75,75,75,75,75],"card_choices":[{"not_picked":["Deflect","Bane"],"picked":"Well Laid Plans","floor":0.0},{"not_picked":["Blur","Prepared"],"picked":"Deadly Poison","floor":1.0},{"not_picked":["Bane","PiercingWail"],"picked":"Crippling Poison","floor":2.0},{"not_picked":["Underhanded Strike","All Out Attack"],"picked":"Backstab","floor":5.0},{"not_picked":["Acrobatics","Poisoned Stab"],"picked":"Backflip","floor":7.0},{"not_picked":["Outmaneuver","Underhanded Strike"],"picked":"Dagger Throw","floor":8.0},{"not_picked":["Concentrate","Riddle With Holes"],"picked":"After Image","floor":13.0},{"not_picked":["Unload","Corpse Explosion"],"picked":"Adrenaline","floor":16},{"not_picked":["Bane","Flying Knee+1"],"picked":"Dagger Spray","floor":18},{"not_picked":["Deflect","Underhanded Strike"],"picked":"Backflip","floor":21},{"not_picked":["Outmaneuver","Expertise"],"picked":"Crippling Poison","floor":24},{"not_picked":["Dagger Spray","Prepared","Accuracy"],"picked":"SKIP","floor":29},{"not_picked":["Acrobatics","Setup","Backflip"],"picked":"SKIP","floor":30},{"not_picked":["After Image","Blur"],"picked":"Cloak And Dagger+1","floor":31},{"not_picked":["Unload","Phantasmal Killer"],"picked":"Die Die Die","floor":33},{"not_picked":["Concentrate","Blur"],"picked":"Escape Plan","floor":34},{"not_picked":["Reflex","Catalyst"],"picked":"Sucker Punch+1","floor":34},{"not_picked":["Accuracy+1","Outmaneuver+1"],"picked":"Leg Sweep","floor":34},{"not_picked":["Blur","Deadly Poison"],"picked":"Distraction+1","floor":35},{"not_picked":["Footwork+1","Deadly Poison+1"],"picked":"Catalyst+1","floor":38},{"not_picked":["Poisoned Stab+1","Footwork+1"],"picked":"Night Terror+1","floor":41},{"not_picked":["Acrobatics+1","Prepared+1"],"picked":"Backflip+1","floor":42},{"not_picked":["Deflect+1","Footwork"],"picked":"Dodge and Roll+1","floor":44},{"not_picked":["Dash+1","Leg Sweep+1"],"picked":"Calculated Gamble+1","floor":45},{"not_picked":["Prepared+1","Sucker Punch"],"picked":"Acrobatics+1","floor":46},{"not_picked":["Setup+1","Footwork"],"picked":"Reflex+1","floor":48}],"player_experience":668718,"relics_obtained":[{"floor":7.0,"key":"Tiny Chest"},{"floor":9.0,"key":"Omamori"},{"floor":13.0,"key":"Bag of Preparation"},{"floor":22,"key":"Ninja Scroll"},{"floor":24,"key":"Tingsha"},{"floor":26,"key":"Paper Crane"},{"floor":31,"key":"Torii"},{"floor":41,"key":"Tough Bandages"},{"floor":42,"key":"The Specimen"},{"floor":44,"key":"Dream Catcher"}],"event_choices":[{"event_name":"Big Fish","player_choice":"Donut","floor":3.0,"damage_taken":0.0},{"event_name":"Bonfire Elementals","player_choice":"BASIC","floor":11.0,"damage_taken":0.0},{"event_name":"Shining Light","player_choice":"Ignored","floor":14,"damage_taken":0},{"event_name":"Addict","player_choice":"Obtained Relic","floor":19,"damage_taken":0},{"event_name":"Nest","player_choice":"Stole From Cult","floor":25,"damage_taken":0},{"event_name":"Transmorgrifier","player_choice":"Transform","floor":27,"damage_taken":0},{"event_name":"Falling","player_choice":"Removed Skill","floor":36,"damage_taken":0},{"event_name":"Mysterious Sphere","player_choice":"Fight","floor":42,"damage_taken":0}],"boss_relics":[{"not_picked":["Eternal Feather","Snecko Eye"],"picked":"Cursed Key"},{"not_picked":["Tiny House","Velvet Choker"],"picked":"Orrery"}],"items_purged_floors":[20,47],"is_endless":false,"potions_floor_spawned":[1,2,16,30,31,33,35,42,45,48],"ascension_level":6}