{"gold_per_floor":[116,116,133,308,24,24,57,82,140,165,177,189,235,247,259,366,378,403,55,74,74,74],"floor_reached":22,"playtime":533,"items_purged":["Doubt","Regret"],"score":271,"play_id":"42d12a48-b51e-41f1-aa91-fa7e04ce7a89","local_time":"25610720212425","is_ascension_mode":true,"campfire_choices":[{"data":"Armaments","floor":6,"key":"SMITH"},{"data":"Pommel Strike","floor":12,"key":"SMITH"},{"floor":15,"key":"REST"}],"neow_cost":"NONE","seed_source_timestamp":36875814617825,"circlet_count":0,"master_deck":["Strike_R","Strike_R","Defend_R","Defend_R","Defend_R","Defend_R","Bash","Armaments+1","Thunderclap","Pommel Strike+1","Brutality+1","Hemokinesis+1","Carnage+1","Whirlwind","True Grit+1"],"relics":["Burning Blood","NeowsBlessing","Bag of Preparation","MawBank","Regal Pillow","Red Skull","Kunai","Toxic Egg 2","Astrolabe","Bottled Lightning"],"potions_floor_usage":[13,13,16,18,22],"damage_taken":[{"damage":0,"enemies":"2 Louse","floor":1,"turns":1},{"damage":0,"enemies":"Small Slimes","floor":3,"turns":1},{"damage":0,"enemies":"Gremlin Nob","floor":7,"turns":1},{"damage":0,"enemies":"Cultist","floor":8,"turns":3},{"damage":11,"enemies":"Blue Slaver","floor":10,"turns":4},{"damage":41,"enemies":"Lagavulin","floor":13,"turns":5},{"damage":64,"enemies":"Hexaghost","floor":16,"turns":9},{"damage":12,"enemies":"Chosen","floor":18,"turns":3},{"damage":22,"enemies":"Spheric Guardian","floor":20,"turns":4},{"damage":44,"enemies":"Centurion and Healer","floor":22,"turns":6}],"seed_played":"2397739570966312949","potions_obtained":[{"floor":10,"key":"Poison Potion"},{"floor":13,"key":"FearPotion"},{"floor":16,"key":"Block Potion"},{"floor":20,"key":"PowerPotion"}],"is_trial":false,"path_per_floor":["M","?","M","?","$","R","E","M","T","M","?","R","E","T","R","B",null,"M","$","M","?"],"character_chosen":"IRONCLAD","items_purchased":["Bag of Preparation","Explosive Potion","Bottled Lightning"],"campfire_rested":1,"item_purchase_floors":[5,5,19],"current_hp_per_floor":[80,80,80,80,80,80,80,80,80,75,75,75,40,40,79,21,65,59,59,43,43,0],"gold":74,"neow_bonus":"THREE_ENEMY_KILL","is_prod":false,"is_daily":false,"chose_seed":false,"campfire_upgraded":2,"win_rate":0,"timestamp":1532096665,"path_taken":["M","?","?","?","$","R","E","M","T","M","?","R","E","?","R","BOSS","M","$","M","?","M"],"build_version":"2018-07-19v2","purchased_purges":2,"victory":false,"max_hp_per_floor":[80,80,80,80,80,80,80,80,80,80,80,80,80,80,80,80,80,80,80,80,80,80],"card_choices":[{"not_picked":["Metallicize","Perfected Strike"],"picked":"Armaments","floor":1},{"not_picked":["Warcry","Searing Blow"],"picked":"Clash","floor":3},{"not_picked":["Fiend Fire","Offering"],"picked":"Thunderclap","floor":7},{"not_picked":["Twin Strike","Sever Soul","Dropkick"],"picked":"SKIP","floor":8},{"not_picked":["True Grit","Sword Boomerang"],"picked":"Pommel Strike","floor":10},{"not_picked":["Thunderclap","Dropkick","Corruption"],"picked":"SKIP","floor":13},{"not_picked":["Hemokinesis","Sentinel+1"],"picked":"Whirlwind","floor":18},{"not_picked":["Sword Boomerang","Iron Wave"],"picked":"True Grit+1","floor":20}],"player_experience":107643,"relics_obtained":[{"floor":7,"key":"MawBank"},{"floor":9,"key":"Regal Pillow"},{"floor":13,"key":"Kunai"},{"floor":14,"key":"Toxic Egg 2"}],"event_choices":[{"event_name":"Living Wall","player_choice":"Forget","floor":2,"damage_taken":0},{"event_name":"Liars Game","player_choice":"agreed","floor":4,"damage_taken":0},{"event_name":"Big Fish","player_choice":"Box","floor":11,"damage_taken":0},{"event_name":"Vampires","player_choice":"Ignored","floor":21,"damage_taken":0}],"is_beta":false,"boss_relics":[{"not_picked":["Mark of Pain","Snecko Eye"],"picked":"Astrolabe"}],"items_purged_floors":[5,19],"is_endless":false,"potions_floor_spawned":[10,13,16,20],"killed_by":"Centurion and Healer","ascension_level":5}