{"gold_per_floor":[118,118,21,21,35,96,96,108,160,160,188,12,32,46,46,144,144,156,156,174,26,38,38,63,63,143,161,16,16,43,60,60,60],"floor_reached":33,"playtime":2017,"items_purged":["Strike_R"],"score":370,"play_id":"2fd605e5-b69d-469a-984c-c51b22a148de","local_time":"20181205162412","is_ascension_mode":false,"campfire_choices":[{"floor":7,"key":"REST"},{"floor":10,"key":"REST"},{"data":"Sword Boomerang","floor":15,"key":"SMITH"},{"data":"Carnage","floor":23,"key":"SMITH"},{"data":"Uppercut","floor":29,"key":"SMITH"},{"data":"Spot Weakness","floor":32,"key":"SMITH"}],"neow_cost":"NONE","seed_source_timestamp":318007393041593,"circlet_count":0,"master_deck":["Strike_R","Strike_R","Strike_R","Defend_R+1","Defend_R","Defend_R","Defend_R","Bash","Cleave","Finesse","Sword Boomerang+1","Blood for Blood","Clothesline","Uppercut+1","Anger","Carnage+1","Offering","Iron Wave+1","Whirlwind","J.A.X.","Shrug It Off","Spot Weakness+1","Carnage"],"relics":["Burning Blood","Tiny Chest","Boot","Mercury Hourglass","Sozu","Lantern","Potion Belt","Pear","Bag of Preparation","Mango"],"potions_floor_usage":[33,33],"damage_taken":[{"damage":5,"enemies":"Small Slimes","floor":1,"turns":4},{"damage":0,"enemies":"2 Louse","floor":5,"turns":2},{"damage":25,"enemies":"3 Sentries","floor":6,"turns":9},{"damage":1,"enemies":"Jaw Worm","floor":8,"turns":3},{"damage":24,"enemies":"Gremlin Nob","floor":11,"turns":4},{"damage":0,"enemies":"Gremlin Gang","floor":13,"turns":2},{"damage":0,"enemies":"Exordium Wildlife","floor":14,"turns":2},{"damage":0,"enemies":"Slime Boss","floor":16,"turns":7},{"damage":5,"enemies":"3 Byrds","floor":18,"turns":3},{"damage":12,"enemies":"Shell Parasite","floor":20,"turns":4},{"damage":16,"enemies":"Cultist and Chosen","floor":22,"turns":3},{"damage":16,"enemies":"Book of Stabbing","floor":24,"turns":3},{"damage":3,"enemies":"Snecko","floor":27,"turns":2},{"damage":21,"enemies":"Gremlin Leader","floor":30,"turns":4},{"damage":8,"enemies":"Chosen and Byrds","floor":31,"turns":2},{"damage":78,"enemies":"Automaton","floor":33,"turns":6}],"seed_played":"-5570092209721710161","potions_obtained":[{"floor":5,"key":"Dexterity Potion"},{"floor":6,"key":"Block Potion"},{"floor":11,"key":"Strength Potion"}],"is_trial":false,"path_per_floor":["M","?","$","?","M","E","R","M","T","R","E","$","M","M","R","B",null,"M","?","M","$","M","R","E","?","T","M","$","R","E","M","R","B"],"character_chosen":"IRONCLAD","items_purchased":["Finesse","Uppercut","Anger","Lantern","Bag of Preparation"],"campfire_rested":2,"item_purchase_floors":[3,12,12,21,28],"current_hp_per_floor":[80,85,85,78,84,65,85,85,85,85,67,67,73,79,79,85,85,85,85,79,79,69,69,59,59,69,72,72,72,71,69,69,0],"gold":60,"neow_bonus":"UPGRADE_CARD","is_prod":false,"is_daily":false,"chose_seed":false,"campfire_upgraded":4,"win_rate":0.0,"timestamp":1544023452,"path_taken":["M","?","$","?","M","E","R","M","T","R","E","$","M","M","R","BOSS","M","?","?","$","M","R","E","?","T","M","$","R","E","M","R","BOSS"],"build_version":"2018-12-05","purchased_purges":1,"victory":false,"max_hp_per_floor":[80,85,85,85,85,85,85,85,85,85,85,85,85,85,85,85,85,85,85,85,85,85,85,85,85,95,95,95,95,109,109,109,109],"card_choices":[{"not_picked":["Ghostly Armor","Pommel Strike"],"picked":"Cleave","floor":1},{"not_picked":["Clash","Anger"],"picked":"Sword Boomerang","floor":5},{"not_picked":["Fiend Fire","Whirlwind"],"picked":"Blood for Blood","floor":6},{"not_picked":["Burning Pact","Flex"],"picked":"Clothesline","floor":8},{"not_picked":["Body Slam","Clothesline","Twin Strike"],"picked":"SKIP","floor":11},{"not_picked":["Perfected Strike","Heavy Blade"],"picked":"Carnage","floor":13},{"not_picked":["Rage","Blood for Blood","Headbutt"],"picked":"SKIP","floor":14},{"not_picked":["Brutality","Juggernaut"],"picked":"Offering","floor":16},{"not_picked":["Fire Breathing","Clash","Heavy Blade"],"picked":"SKIP","floor":18},{"not_picked":["Infernal Blade","Heavy Blade+1"],"picked":"Iron Wave+1","floor":20},{"not_picked":["Reckless Charge","Twin Strike","Thunderclap"],"picked":"SKIP","floor":22},{"not_picked":["Heavy Blade+1","Infernal Blade"],"picked":"Whirlwind","floor":24},{"not_picked":["Sever Soul","Clothesline"],"picked":"Shrug It Off","floor":27},{"not_picked":["Iron Wave","Headbutt+1"],"picked":"Spot Weakness","floor":30},{"not_picked":["Juggernaut","Shrug It Off"],"picked":"Carnage","floor":31}],"player_experience":13787,"relics_obtained":[{"floor":6,"key":"Tiny Chest"},{"floor":9,"key":"Boot"},{"floor":11,"key":"Mercury Hourglass"},{"floor":24,"key":"Potion Belt"},{"floor":26,"key":"Pear"},{"floor":30,"key":"Mango"}],"event_choices":[{"damage_healed":0,"gold_gain":0,"player_choice":"Donut","damage_taken":0,"max_hp_gain":5,"max_hp_loss":0,"event_name":"Big Fish","floor":2,"gold_loss":0},{"cards_removed":["Strike_R"],"damage_healed":0,"gold_gain":0,"player_choice":"Card Removal","damage_taken":7,"max_hp_gain":0,"max_hp_loss":0,"event_name":"Golden Wing","floor":4,"gold_loss":0},{"damage_healed":0,"gold_gain":0,"player_choice":"Got Potions","damage_taken":0,"max_hp_gain":0,"max_hp_loss":0,"event_name":"Lab","floor":19,"gold_loss":0},{"damage_healed":0,"gold_gain":0,"player_choice":"Obtain J.A.X.","damage_taken":0,"max_hp_gain":0,"max_hp_loss":0,"event_name":"Drug Dealer","floor":25,"gold_loss":0,"cards_obtained":["J.A.X."]}],"is_beta":true,"boss_relics":[{"not_picked":["Runic Cube","Calling Bell"],"picked":"Sozu"}],"items_purged_floors":[12],"is_endless":false,"potions_floor_spawned":[5,6,11,16,18,20,24,30],"killed_by":"Automaton","ascension_level":0}