{"gold_per_floor":[217,228,245,245,265,265,284,311,311,311,342,369,369,384,384,456,456,467,478,192,202,202,229,229,252,298,298,310,143,143,47,47,121,121,137,137,137,188,138,138,138],"floor_reached":41,"playtime":1698,"items_purged":["Strike_G","Strike_G","Strike_G"],"score":730,"play_id":"85d57dd4-30ac-43ce-a3ad-7337ed08ef34","local_time":"20181206193341","is_ascension_mode":true,"campfire_choices":[{"data":"Neutralize","floor":6.0,"key":"SMITH"},{"data":"Sucker Punch","floor":13.0,"key":"SMITH"},{"data":"Deadly Poison","floor":15.0,"key":"SMITH"},{"floor":24.0,"key":"REST"},{"floor":27.0,"key":"REST"},{"floor":32,"key":"REST"},{"floor":40,"key":"REST"}],"neow_cost":"NONE","seed_source_timestamp":41269525755894,"circlet_count":0,"master_deck":["AscendersBane","Defend_G","Defend_G","Defend_G","Defend_G","Defend_G","Survivor+1","Neutralize+1","Backstab","Sucker Punch+1","Infinite Blades","Dagger Spray","Backflip","Deadly Poison+1","Envenom","Bouncing Flask+1","Acrobatics","Well Laid Plans","Dodge and Roll","Noxious Fumes","Catalyst","Crippling Poison","Dark Shackles","Corpse Explosion","Deadly Poison+1","Endless Agony"],"special_seed":0,"relics":["Ring of the Snake","Potion Belt","Omamori","Smiling Mask","Sundial","Odd Mushroom","Sozu","Art of War","War Paint","Juzu Bracelet","Bag of Preparation","Matryoshka","Busted Crown","Incense Burner"],"potions_floor_usage":[],"damage_taken":[{"damage":2.0,"enemies":"Cultist","floor":1.0,"turns":5.0},{"damage":0.0,"enemies":"2 Louse","floor":2.0,"turns":4.0},{"damage":1.0,"enemies":"Small Slimes","floor":3.0,"turns":4.0},{"damage":0.0,"enemies":"2 Fungi Beasts","floor":5.0,"turns":4.0},{"damage":0.0,"enemies":"Exordium Thugs","floor":7.0,"turns":4.0},{"damage":15.0,"enemies":"Gremlin Nob","floor":8.0,"turns":4.0},{"damage":25.0,"enemies":"3 Sentries","floor":11.0,"turns":9.0},{"damage":12.0,"enemies":"The Mushroom Lair","floor":12.0,"turns":5.0},{"damage":0.0,"enemies":"3 Louse","floor":14.0,"turns":3.0},{"damage":9.0,"enemies":"Hexaghost","floor":16.0,"turns":11.0},{"damage":6.0,"enemies":"3 Byrds","floor":18.0,"turns":5.0},{"damage":1.0,"enemies":"Spheric Guardian","floor":19.0,"turns":3.0},{"damage":11.0,"enemies":"Cultist and Chosen","floor":21.0,"turns":6.0},{"damage":31.0,"enemies":"Gremlin Leader","floor":23.0,"turns":7.0},{"damage":9,"enemies":"Shelled Parasite and Fungi","floor":28,"turns":7},{"damage":32,"enemies":"Automaton","floor":33,"turns":10},{"damage":0,"enemies":"3 Shapes","floor":35,"turns":4},{"damage":42,"enemies":"2 Orb Walkers","floor":38,"turns":4},{"damage":54,"enemies":"Reptomancer","floor":41,"turns":2}],"seed_played":"7941577861509622529","potions_obtained":[{"floor":1.0,"key":"Regen Potion"},{"floor":3.0,"key":"Explosive Potion"},{"floor":12.0,"key":"GamblersBrew"},{"floor":16.0,"key":"SkillPotion"}],"is_trial":false,"path_per_floor":["M","M","M","$","M","R","M","E","T","?","E","?","R","M","R","B",null,"M","M","$","M","?","E","R","T","T","R","M","$","?","$","R","B",null,"M","?","?","?","$","R","E"],"character_chosen":"THE_SILENT","items_purchased":["Art of War","Well Laid Plans","Catalyst","Crippling Poison","Dark Shackles"],"campfire_rested":4,"item_purchase_floors":[20,20,29,29,31],"current_hp_per_floor":[57,57,56,56,56,56,56,41,41,36,26,14,14,14,14,5,51,45,44,44,33,33,2,21,21,21,40,31,31,31,31,50,18,54,54,54,54,12,12,31,0],"gold":138,"neow_bonus":"HUNDRED_GOLD","is_prod":false,"is_daily":false,"chose_seed":false,"campfire_upgraded":3,"win_rate":0,"timestamp":1544153621,"path_taken":["M","?","M","?","M","R","M","E","T","?","E","?","R","M","R","BOSS","M","M","$","M","?","E","R","?","T","R","M","$","?","?","R","BOSS","M","?","?","?","$","R","E"],"build_version":"2018-12-06","purchased_purges":3,"victory":false,"max_hp_per_floor":[66,66,66,66,66,66,66,66,66,66,66,66,66,66,66,66,66,66,66,66,66,66,66,66,66,66,66,66,66,66,66,66,66,66,66,66,66,66,66,66,66],"card_choices":[{"not_picked":["Prepared","Escape Plan"],"picked":"Backstab","floor":1.0},{"not_picked":["Skewer","Underhanded Strike"],"picked":"Sucker Punch","floor":2.0},{"not_picked":["Eviscerate","Accuracy"],"picked":"Infinite Blades","floor":3.0},{"not_picked":["Tactician","Setup"],"picked":"Dagger Spray","floor":5.0},{"not_picked":["Accuracy","Outmaneuver","Endless Agony"],"picked":"SKIP","floor":7.0},{"not_picked":["Distraction","Bane","Dagger Spray"],"picked":"SKIP","floor":8.0},{"not_picked":["Poisoned Stab","All Out Attack","Heel Hook"],"picked":"SKIP","floor":11.0},{"not_picked":["Predator","Prepared"],"picked":"Backflip","floor":12.0},{"not_picked":["Flying Knee","Infinite Blades"],"picked":"Deadly Poison","floor":14.0},{"not_picked":["Phantasmal Killer","Unload"],"picked":"Envenom","floor":16.0},{"not_picked":["Flying Knee","Bane"],"picked":"Bouncing Flask","floor":18.0},{"not_picked":["Slice","Infinite Blades+1"],"picked":"Acrobatics","floor":19.0},{"not_picked":["Accuracy","Concentrate"],"picked":"Dodge and Roll","floor":21.0},{"not_picked":["Backstab","Prepared"],"picked":"Noxious Fumes","floor":23.0},{"not_picked":["Underhanded Strike","Sucker Punch","Blade Dance"],"picked":"SKIP","floor":28},{"not_picked":["After Image","Unload"],"picked":"Corpse Explosion","floor":33},{"not_picked":[],"picked":"Deadly Poison+1","floor":35}],"player_experience":1744754,"relics_obtained":[{"floor":8.0,"key":"Potion Belt"},{"floor":9.0,"key":"Omamori"},{"floor":11.0,"key":"Sundial"},{"floor":12.0,"key":"Odd Mushroom"},{"floor":23.0,"key":"War Paint"},{"floor":25.0,"key":"Juzu Bracelet"},{"floor":26.0,"key":"Bag of Preparation"},{"floor":38,"key":"Incense Burner"}],"event_choices":[{"damage_healed":0.0,"max_hp_gain":0.0,"max_hp_loss":0.0,"gold_gain":0.0,"event_name":"Scrap Ooze","player_choice":"Success","floor":10.0,"gold_loss":0.0,"damage_taken":5.0,"relics_obtained":["Smiling Mask"]},{"damage_healed":0.0,"max_hp_gain":0.0,"max_hp_loss":0.0,"gold_gain":0.0,"event_name":"Mushrooms","player_choice":"Fought Mushrooms","floor":12.0,"gold_loss":0.0,"damage_taken":0.0},{"damage_healed":0.0,"max_hp_gain":0.0,"max_hp_loss":0.0,"gold_gain":0.0,"event_name":"Cursed Tome","player_choice":"Ignored","floor":22.0,"gold_loss":0.0,"damage_taken":0.0},{"damage_healed":0,"gold_gain":0,"player_choice":"Opened","damage_taken":0,"relics_obtained":["Matryoshka"],"max_hp_gain":0,"max_hp_loss":0,"event_name":"The Mausoleum","floor":30,"gold_loss":0,"cards_obtained":["Writhe"]},{"damage_healed":0,"gold_gain":0,"cards_transformed":["Strike_G"],"player_choice":"Transformed","damage_taken":0,"max_hp_gain":0,"max_hp_loss":0,"event_name":"Transmorgrifier","floor":36,"gold_loss":0,"cards_obtained":["Endless Agony"]},{"cards_removed":["Strike_G"],"damage_healed":0,"gold_gain":0,"player_choice":"Card Removal","damage_taken":0,"max_hp_gain":0,"max_hp_loss":0,"event_name":"Wheel of Change","floor":37,"gold_loss":0},{"damage_healed":0,"gold_gain":0,"player_choice":"Fight","damage_taken":0,"max_hp_gain":0,"max_hp_loss":0,"event_name":"Mysterious Sphere","floor":38,"gold_loss":0}],"is_beta":false,"boss_relics":[{"not_picked":["Eternal Feather","Tiny House"],"picked":"Sozu"},{"not_picked":["Velvet Choker","Ring of the Serpent"],"picked":"Busted Crown"}],"items_purged_floors":[20,29,39],"is_endless":false,"potions_floor_spawned":[1,3,7,12,16,18,19,21,35,38],"killed_by":"Reptomancer","ascension_level":15}