{"gold_per_floor":[116,131,131,131,44,78,78,106,158,158,190,206,206,241,241,316,316,330,330,430,444,459,459,487,487,512,396,407,439,459,493,493,568,618,629,649,667,681,681,713,725,725,751,782,782,799,13,42,42,42,42,42,42,0,27,27],"floor_reached":57,"playtime":3386,"items_purged":["Writhe","Sucker Punch"],"score":3456,"play_id":"012f8f91-cfed-4e89-be80-74f944b5b35f","local_time":"20190112090944","daily_mods":["SealedDeck","DeadlyEvents","Elite Swarm"],"is_ascension_mode":true,"campfire_choices":[{"data":"Catalyst","floor":7.0,"key":"SMITH"},{"data":"Noxious Fumes","floor":10.0,"key":"SMITH"},{"floor":13.0,"key":"REST"},{"data":"Night Terror","floor":15.0,"key":"SMITH"},{"floor":23.0,"key":"REST"},{"data":"Crippling Poison","floor":32.0,"key":"SMITH"},{"data":"Malaise","floor":42.0,"key":"SMITH"},{"floor":45,"key":"RECALL"},{"data":"Wraith Form v2","floor":49,"key":"SMITH"},{"data":"Well Laid Plans","floor":53,"key":"SMITH"}],"neow_cost":"","seed_source_timestamp":0,"circlet_count":0,"master_deck":["AscendersBane","Escape Plan","Cloak And Dagger","Flying Knee","Poisoned Stab+1","Noxious Fumes+1","Catalyst+1","Poisoned Stab+1","Dodge and Roll","Blur","Backflip","Well Laid Plans+1","Adrenaline+1","Malaise+1","Night Terror+1","Wraith Form v2+1","PiercingWail","Deadly Poison","Burst","Crippling Poison+1","Burst+1","Escape Plan+1","Catalyst+1","Malaise+1","Deflect+1","Master of Strategy+1","Dark Shackles+1","Distraction+1","Adrenaline+1","PiercingWail+1","Leg Sweep+1"],"special_seed":0,"relics":["Ring of the Snake","Dream Catcher","Orichalcum","Smiling Mask","Gremlin Horn","Anchor","Cursed Key","Pocketwatch","The Courier","Strawberry","MutagenicStrength","Omamori","Pear","Toxic Egg 2","Tiny House","Happy Flower","Blue Candle","Question Card","Vajra","Whetstone"],"potions_floor_usage":[56],"damage_taken":[{"damage":0.0,"enemies":"Cultist","floor":1.0,"turns":3.0},{"damage":0.0,"enemies":"2 Louse","floor":2.0,"turns":4.0},{"damage":13.0,"enemies":"Lagavulin","floor":6.0,"turns":4.0},{"damage":16.0,"enemies":"3 Sentries","floor":8.0,"turns":7.0},{"damage":23.0,"enemies":"Gremlin Nob","floor":11.0,"turns":4.0},{"damage":0.0,"enemies":"Jaw Worm","floor":12.0,"turns":3.0},{"damage":0.0,"enemies":"Lagavulin","floor":14.0,"turns":3.0},{"damage":0.0,"enemies":"Slime Boss","floor":16.0,"turns":3.0},{"damage":0.0,"enemies":"3 Byrds","floor":18.0,"turns":5.0},{"damage":3.0,"enemies":"Colosseum Slavers","floor":20.0,"turns":5.0},{"damage":48.0,"enemies":"Colosseum Nobs","floor":20.0,"turns":5.0},{"damage":0.0,"enemies":"Spheric Guardian","floor":21.0,"turns":3.0},{"damage":1.0,"enemies":"Snecko","floor":22.0,"turns":5.0},{"damage":0.0,"enemies":"Gremlin Leader","floor":24.0,"turns":3.0},{"damage":0.0,"enemies":"Sentry and Sphere","floor":28.0,"turns":6.0},{"damage":4.0,"enemies":"Book of Stabbing","floor":29.0,"turns":6.0},{"damage":3.0,"enemies":"3 Cultists","floor":30.0,"turns":6.0},{"damage":1.0,"enemies":"Gremlin Leader","floor":31.0,"turns":4.0},{"damage":0.0,"enemies":"Collector","floor":33.0,"turns":4.0},{"damage":0.0,"enemies":"Orb Walker","floor":35.0,"turns":2.0},{"damage":0.0,"enemies":"3 Darklings","floor":36.0,"turns":4.0},{"damage":0.0,"enemies":"Maw","floor":37.0,"turns":3.0},{"damage":0.0,"enemies":"4 Shapes","floor":38.0,"turns":5.0},{"damage":4.0,"enemies":"Giant Head","floor":40.0,"turns":3.0},{"damage":19.0,"enemies":"Spire Growth","floor":41.0,"turns":4.0},{"damage":7,"enemies":"Reptomancer","floor":44,"turns":3},{"damage":6,"enemies":"Jaw Worm Horde","floor":46,"turns":4},{"damage":0,"enemies":"Nemesis","floor":48,"turns":3},{"damage":6,"enemies":"Donu and Deca","floor":50,"turns":6},{"damage":0,"enemies":"Time Eater","floor":51,"turns":4},{"damage":0,"enemies":"Shield and Spear","floor":55,"turns":6},{"damage":31,"enemies":"The Heart","floor":56,"turns":8}],"seed_played":"2116194613326902629","potions_obtained":[{"floor":1.0,"key":"Energy Potion"},{"floor":8.0,"key":"PowerPotion"},{"floor":12.0,"key":"Weak Potion"},{"floor":20.0,"key":"Explosive Potion"},{"floor":22.0,"key":"SkillPotion"},{"floor":40.0,"key":"Swift Potion"}],"is_trial":true,"path_per_floor":["M","M","?","?","$","E","R","E","T","R","E","M","R","E","R","B",null,"M","$","?","M","M","R","E","?","T","$","M","E","M","E","R","B",null,"M","M","M","M","?","E","M","R","T","E","R","M","$","E","R","B","B",null,"R","$","E","B",null],"character_chosen":"THE_SILENT","items_purchased":["Well Laid Plans","GhostInAJar","Master of Strategy+1","Dark Shackles+1","Distraction+1","Adrenaline+1","PiercingWail+1","Leg Sweep+1","Question Card","Block Potion"],"campfire_rested":2,"item_purchase_floors":[5,27,47,47,47,47,47,47,47,54],"current_hp_per_floor":[59,59,59,59,59,46,46,30,30,30,7,7,26,26,26,26,56,56,56,5,5,4,23,30,30,30,30,30,36,33,32,32,32,75,75,75,75,75,75,71,52,52,52,45,45,39,39,39,39,33,33,74,74,74,74,43],"gold":27,"neow_bonus":"","is_prod":false,"is_daily":false,"chose_seed":false,"campfire_upgraded":7,"win_rate":0,"timestamp":1547312984,"path_taken":["M","M","?","?","?","E","R","E","T","R","E","M","R","?","R","BOSS","M","$","?","M","M","R","E","?","T","$","M","E","M","E","R","BOSS","M","M","M","M","?","E","M","R","T","E","R","M","$","E","R","BOSS","BOSS","R","$","E","BOSS"],"build_version":"2019-01-10","purchased_purges":2,"victory":true,"max_hp_per_floor":[66,66,66,66,66,66,66,66,66,66,66,66,66,66,66,66,66,66,66,66,66,66,66,73,73,73,73,73,83,83,83,83,83,88,88,88,88,88,88,88,88,88,88,88,88,88,88,88,88,88,88,88,88,88,88,88],"card_choices":[{"not_picked":["Dagger Spray","Flying Knee"],"picked":"Backflip","floor":1.0},{"not_picked":["Backflip","Flying Knee","Masterful Stab"],"picked":"SKIP","floor":2.0},{"not_picked":["Storm of Steel","Doppelganger"],"picked":"Adrenaline","floor":6.0},{"not_picked":["Night Terror","Storm of Steel"],"picked":"Malaise","floor":8.0},{"not_picked":["Bullet Time","Envenom"],"picked":"Night Terror","floor":11.0},{"not_picked":["Flying Knee","Endless Agony","Underhanded Strike"],"picked":"SKIP","floor":12.0},{"not_picked":["Doppelganger","Venomology","Tools of the Trade"],"picked":"SKIP","floor":14.0},{"not_picked":["Storm of Steel","Die Die Die"],"picked":"Wraith Form v2","floor":16.0},{"not_picked":["Blade Dance","Dagger Spray"],"picked":"PiercingWail","floor":18.0},{"not_picked":["Choke","Terror","Quick Slash"],"picked":"SKIP","floor":21.0},{"not_picked":["Blur","Eviscerate+1"],"picked":"Deadly Poison","floor":22.0},{"not_picked":["A Thousand Cuts","Wraith Form v2"],"picked":"Burst","floor":24.0},{"not_picked":["PiercingWail","Masterful Stab","Dodge and Roll"],"picked":"SKIP","floor":28.0},{"not_picked":["Wraith Form v2","Phantasmal Killer","After Image"],"picked":"SKIP","floor":29.0},{"not_picked":["Flying Knee","Dodge and Roll"],"picked":"Crippling Poison","floor":30.0},{"not_picked":["After Image","Tools of the Trade"],"picked":"Burst","floor":31.0},{"not_picked":["Underhanded Strike","Crippling Poison+1"],"picked":"Escape Plan+1","floor":34.0},{"not_picked":["Underhanded Strike+1","Cloak And Dagger+1","Poisoned Stab"],"picked":"SKIP","floor":35.0},{"not_picked":["Heel Hook","Expertise+1","Outmaneuver+1"],"picked":"SKIP","floor":36.0},{"not_picked":["Poisoned Stab","Concentrate+1","Quick Slash"],"picked":"SKIP","floor":37.0},{"not_picked":["Prepared+1","Well Laid Plans+1"],"picked":"Catalyst+1","floor":38.0},{"not_picked":["Venomology+1","A Thousand Cuts","Night Terror+1"],"picked":"SKIP","floor":40.0},{"not_picked":["Underhanded Strike","Dagger Throw","Blade Dance+1"],"picked":"SKIP","floor":41.0},{"not_picked":["Tools of the Trade","Burst+1"],"picked":"Malaise+1","floor":44},{"not_picked":["Caltrops","Distraction+1"],"picked":"Deflect+1","floor":46},{"not_picked":["Grand Finale","Malaise+1","Venomology+1","A Thousand Cuts"],"picked":"SKIP","floor":48},{"not_picked":["Doppelganger+1","Phantasmal Killer+1","Unload","Glass Knife"],"picked":"SKIP","floor":55}],"player_experience":1976356,"relics_obtained":[{"floor":6.0,"key":"Dream Catcher"},{"floor":8.0,"key":"Orichalcum"},{"floor":9.0,"key":"Smiling Mask"},{"floor":11.0,"key":"Gremlin Horn"},{"floor":14.0,"key":"Anchor"},{"floor":20.0,"key":"Pocketwatch"},{"floor":20.0,"key":"The Courier"},{"floor":24.0,"key":"Strawberry"},{"floor":26.0,"key":"Omamori"},{"floor":29.0,"key":"Pear"},{"floor":31.0,"key":"Toxic Egg 2"},{"floor":40.0,"key":"Happy Flower"},{"floor":44,"key":"Blue Candle"},{"floor":48,"key":"Vajra"},{"floor":55,"key":"Whetstone"}],"event_choices":[{"damage_healed":0.0,"max_hp_gain":0.0,"max_hp_loss":0.0,"gold_gain":0.0,"event_name":"Scrap Ooze","player_choice":"Fled","floor":3.0,"gold_loss":0.0,"damage_taken":0.0},{"damage_healed":0.0,"max_hp_gain":0.0,"max_hp_loss":0.0,"gold_gain":0.0,"event_name":"The Cleric","player_choice":"Leave","floor":4.0,"gold_loss":0.0,"damage_taken":0.0},{"damage_healed":0.0,"max_hp_gain":0.0,"max_hp_loss":0.0,"gold_gain":0.0,"event_name":"Colosseum","player_choice":"Fight","floor":20.0,"gold_loss":0.0,"damage_taken":0.0},{"damage_healed":0.0,"max_hp_gain":0.0,"max_hp_loss":0.0,"gold_gain":0.0,"event_name":"Colosseum","player_choice":"Fought Nobs","floor":20.0,"gold_loss":0.0,"damage_taken":0.0},{"damage_healed":0.0,"max_hp_gain":0.0,"max_hp_loss":0.0,"gold_gain":0.0,"event_name":"Drug Dealer","player_choice":"Inject Mutagens","floor":25.0,"gold_loss":0.0,"damage_taken":0.0,"relics_obtained":["MutagenicStrength"]},{"damage_healed":0.0,"max_hp_gain":0.0,"max_hp_loss":0.0,"gold_gain":0.0,"event_name":"Tomb of Lord Red Mask","player_choice":"Ignored","floor":39.0,"gold_loss":0.0,"damage_taken":0.0}],"is_beta":false,"boss_relics":[{"not_picked":["Astrolabe","WristBlade"],"picked":"Cursed Key"},{"not_picked":["HoveringKite","Orrery"],"picked":"Tiny House"}],"items_purged_floors":[27,47],"is_endless":false,"potions_floor_spawned":[1,8,12,14,20,20,22,28,29,31,33,36,37,40],"ascension_level":20}