{"gold_per_floor":[117,128,53,65,65,91,91,91,142,142,172,191,210,245,245,324,324,339,339,362,56,156,156,175,175,224,239,266,283,309,321,321,321],"floor_reached":33,"playtime":1474,"items_purged":[],"score":603,"play_id":"eb0a0bf3-6261-4de9-b34c-b31dea8f1984","local_time":"20181018112829","is_ascension_mode":true,"campfire_choices":[{"data":"Neutralize","floor":7.0,"key":"SMITH"},{"data":"Dagger Spray","floor":15.0,"key":"SMITH"},{"data":"Dagger Spray","floor":23.0,"key":"SMITH"},{"floor":25.0,"key":"REST"},{"floor":32.0,"key":"REST"}],"neow_cost":"NONE","seed_source_timestamp":12549857360216,"circlet_count":0,"master_deck":["Defend_G","Defend_G","Defend_G","Defend_G","Defend_G","Strike_G","Strike_G+1","Survivor","Neutralize+1","AscendersBane","Dagger Spray+1","Footwork+1","Dagger Spray","Dagger Throw+1","Crippling Poison","Finisher","Dagger Spray+1","After Image","Dagger Spray+1","Dash+1","Dodge and Roll","Cloak And Dagger+1","Backflip"],"special_seed":0,"relics":["Ring of the Snake","Bag of Marbles","Bronze Scales","Tough Bandages","Bottled Flame","Sozu","Blood Vial","Thread and Needle","WingedGreaves","Frozen Egg 2","Bag of Preparation","The Courier","Whetstone"],"potions_floor_usage":[33],"damage_taken":[{"damage":0.0,"enemies":"2 Louse","floor":1.0,"turns":3.0},{"damage":0.0,"enemies":"Jaw Worm","floor":2.0,"turns":5.0},{"damage":0.0,"enemies":"Cultist","floor":4.0,"turns":5.0},{"damage":20.0,"enemies":"3 Sentries","floor":6.0,"turns":7.0},{"damage":17.0,"enemies":"Lagavulin","floor":11.0,"turns":11.0},{"damage":0.0,"enemies":"Red Slaver","floor":12.0,"turns":3.0},{"damage":0.0,"enemies":"2 Fungi Beasts","floor":13.0,"turns":2.0},{"damage":0.0,"enemies":"Gremlin Nob","floor":14.0,"turns":4.0},{"damage":38.0,"enemies":"Hexaghost","floor":16.0,"turns":12.0},{"damage":0.0,"enemies":"3 Byrds","floor":18.0,"turns":2.0},{"damage":0.0,"enemies":"Colosseum Slavers","floor":22.0,"turns":2.0},{"damage":40.0,"enemies":"Colosseum Nobs","floor":22.0,"turns":5.0},{"damage":0.0,"enemies":"Shell Parasite","floor":24.0,"turns":4.0},{"damage":0.0,"enemies":"Chosen and Byrds","floor":27.0,"turns":4.0},{"damage":12.0,"enemies":"Slavers","floor":28.0,"turns":2.0},{"damage":0.0,"enemies":"Snecko","floor":29.0,"turns":5.0},{"damage":8.0,"enemies":"Book of Stabbing","floor":30.0,"turns":5.0},{"damage":0.0,"enemies":"Centurion and Healer","floor":31.0,"turns":8.0},{"damage":83,"enemies":"Champ","floor":33,"turns":16}],"seed_played":"7843538685115487596","potions_obtained":[{"floor":2.0,"key":"Swift Potion"},{"floor":6.0,"key":"Regen Potion"},{"floor":11.0,"key":"GamblersBrew"},{"floor":12.0,"key":"LiquidBronze"},{"floor":13.0,"key":"Dexterity Potion"}],"is_trial":false,"path_per_floor":["M","M","?","M","?","E","R","?","T","?","E","M","M","E","R","B",null,"M","?","T","$","?","R","M","R","T","M","E","M","E","M","R"],"character_chosen":"THE_SILENT","items_purchased":["Thread and Needle"],"campfire_rested":2,"item_purchase_floors":[21],"current_hp_per_floor":[65,65,65,65,70,50,50,43,43,43,41,41,41,41,41,3,59,59,59,59,59,23,23,25,48,48,50,40,42,36,38,61,0],"gold":321,"neow_bonus":"TEN_PERCENT_HP_BONUS","is_prod":false,"is_daily":false,"chose_seed":false,"campfire_upgraded":3,"win_rate":0,"timestamp":1539887309,"path_taken":["M","M","?","M","?","E","R","?","T","?","E","M","M","E","R","BOSS","M","?","?","$","?","R","M","R","T","M","E","M","E","M","R","BOSS"],"build_version":"2018-10-11","purchased_purges":0,"victory":false,"max_hp_per_floor":[72,72,72,72,77,77,77,77,77,77,77,77,77,77,77,77,77,77,77,77,77,77,77,77,77,77,77,77,77,77,77,77,77],"card_choices":[{"not_picked":["Sucker Punch","Acrobatics"],"picked":"Dagger Spray","floor":1.0},{"not_picked":["Underhanded Strike","Dagger Throw"],"picked":"Footwork","floor":2.0},{"not_picked":["Poisoned Stab","Slice"],"picked":"Dagger Spray","floor":4.0},{"not_picked":["Bouncing Flask","Footwork"],"picked":"Dagger Throw","floor":6.0},{"not_picked":["Underhanded Strike","Endless Agony"],"picked":"Crippling Poison","floor":11.0},{"not_picked":["Sucker Punch","Slice","Blade Dance"],"picked":"SKIP","floor":12.0},{"not_picked":["Skewer","Adrenaline"],"picked":"Finisher","floor":13.0},{"not_picked":["Glass Knife","Underhanded Strike"],"picked":"Dagger Spray","floor":14.0},{"not_picked":["Glass Knife","Envenom"],"picked":"After Image","floor":16.0},{"not_picked":["Setup","Deadly Poison","All Out Attack"],"picked":"SKIP","floor":18.0},{"not_picked":["Prepared","Underhanded Strike"],"picked":"Dagger Spray+1","floor":22.0},{"not_picked":["Masterful Stab","Underhanded Strike"],"picked":"Dash+1","floor":24.0},{"not_picked":["Catalyst+1","Poisoned Stab"],"picked":"Dodge and Roll","floor":27.0},{"not_picked":["Escape Plan","Well Laid Plans+1"],"picked":"Cloak And Dagger+1","floor":28.0},{"not_picked":["Dagger Spray","Backstab"],"picked":"Backflip","floor":29.0},{"not_picked":["Storm of Steel","Bane","Crippling Poison"],"picked":"SKIP","floor":30.0},{"not_picked":["Prepared","Dodge and Roll","Blade Dance"],"picked":"SKIP","floor":31.0}],"player_experience":1384155,"relics_obtained":[{"floor":6.0,"key":"Bag of Marbles"},{"floor":9.0,"key":"Bronze Scales"},{"floor":11.0,"key":"Tough Bandages"},{"floor":14.0,"key":"Bottled Flame"},{"floor":20.0,"key":"Blood Vial"},{"floor":22.0,"key":"WingedGreaves"},{"floor":22.0,"key":"Frozen Egg 2"},{"floor":26.0,"key":"Bag of Preparation"},{"floor":28.0,"key":"The Courier"},{"floor":30.0,"key":"Whetstone"}],"event_choices":[{"event_name":"The Cleric","player_choice":"Card Removal","floor":3.0,"damage_taken":0.0},{"event_name":"Big Fish","player_choice":"Donut","floor":5.0,"damage_taken":0.0},{"event_name":"Golden Wing","player_choice":"Card Removal","floor":8.0,"damage_taken":0.0},{"event_name":"Living Wall","player_choice":"Grow","floor":10.0,"damage_taken":0.0},{"event_name":"Bonfire Elementals","player_choice":"BASIC","floor":19.0,"damage_taken":0.0},{"event_name":"Colosseum","player_choice":"Fight","floor":22.0,"damage_taken":0.0},{"event_name":"Colosseum","player_choice":"Fought Nobs","floor":22.0,"damage_taken":0.0}],"is_beta":false,"boss_relics":[{"not_picked":["Ring of the Serpent","White Beast Statue"],"picked":"Sozu"}],"items_purged_floors":[],"is_endless":false,"potions_floor_spawned":[2,6,11,12,13,18,22,27,30,31],"killed_by":"Champ","ascension_level":15}