{"gold_per_floor":[117,132,148,167,181,209,384,413,436,436],"floor_reached":10,"playtime":469,"items_purged":[],"score":88,"play_id":"117d1095-11cd-42aa-97af-845f20503830","local_time":"20190327211906","is_ascension_mode":true,"campfire_choices":[],"neow_cost":"NONE","seed_source_timestamp":1083209165383500,"circlet_count":0,"master_deck":["Strike_R","Strike_R","Strike_R","Strike_R","Strike_R","Defend_R","Defend_R","Defend_R","Defend_R","Bash","Pummel","Flex","Headbutt","Doubt"],"relics":["Burning Blood","Kunai","Mummified Hand","Strawberry"],"potions_floor_usage":[6,8,10],"damage_taken":[{"damage":7,"enemies":"Jaw Worm","floor":1,"turns":3},{"damage":7,"enemies":"2 Louse","floor":2,"turns":3},{"damage":6,"enemies":"Cultist","floor":3,"turns":3},{"damage":5,"enemies":"2 Fungi Beasts","floor":4,"turns":4},{"damage":14,"enemies":"Blue Slaver","floor":5,"turns":4},{"damage":36,"enemies":"Lagavulin","floor":6,"turns":7},{"damage":6,"enemies":"Gremlin Nob","floor":8,"turns":3},{"damage":54,"enemies":"3 Sentries","floor":10,"turns":10}],"seed_played":"-7043357476102169013","potions_obtained":[{"floor":4,"key":"EssenceOfSteel"},{"floor":6,"key":"SteroidPotion"},{"floor":8,"key":"SteroidPotion"}],"is_trial":false,"path_per_floor":["M","M","M","M","M","E","?","E","T","E"],"character_chosen":"IRONCLAD","items_purchased":[],"campfire_rested":0,"item_purchase_floors":[],"current_hp_per_floor":[79,78,78,79,71,41,41,41,48,0],"gold":436,"neow_bonus":"THREE_CARDS","is_prod":false,"is_daily":false,"chose_seed":false,"campfire_upgraded":0,"win_rate":0,"timestamp":1553714346,"path_taken":["M","M","M","M","M","E","?","E","T","E"],"build_version":"2019-01-23","purchased_purges":0,"victory":false,"max_hp_per_floor":[80,80,80,80,80,80,80,80,87,87],"card_choices":[{"not_picked":["Pommel Strike","Wild Strike"],"picked":"Pummel","floor":0},{"not_picked":["Heavy Blade","Clothesline"],"picked":"Flex","floor":1},{"not_picked":["Perfected Strike","Body Slam","True Grit"],"picked":"SKIP","floor":2},{"not_picked":["Reckless Charge","Perfected Strike","Rage"],"picked":"SKIP","floor":3},{"not_picked":["Iron Wave","Corruption"],"picked":"Headbutt","floor":4},{"not_picked":["Barricade","True Grit","Searing Blow"],"picked":"SKIP","floor":5},{"not_picked":["Perfected Strike","Headbutt","Flex"],"picked":"SKIP","floor":6},{"not_picked":["Clash","Burning Pact","Evolve"],"picked":"SKIP","floor":8}],"player_experience":115142,"relics_obtained":[{"floor":6,"key":"Kunai"},{"floor":8,"key":"Mummified Hand"},{"floor":9,"key":"Strawberry"}],"event_choices":[{"damage_healed":0,"gold_gain":175,"player_choice":"AGREE","damage_taken":0,"max_hp_gain":0,"max_hp_loss":0,"event_name":"Liars Game","floor":7,"gold_loss":0,"cards_obtained":["Doubt"]}],"is_beta":false,"boss_relics":[],"items_purged_floors":[],"is_endless":false,"potions_floor_spawned":[4,6,8],"killed_by":"3 Sentries","ascension_level":2}