{"gold_per_floor":[117,192,41,41,41,41,68,88,88,88,107,107,107,123,123,123],"floor_reached":16,"playtime":447,"items_purged":[],"score":209,"play_id":"d27e2bf6-e0c1-48e1-a832-1e6fb83f52ad","local_time":"20190419225711","is_ascension_mode":true,"campfire_choices":[{"floor":6,"key":"REST"},{"data":"Bash","floor":10,"key":"SMITH"},{"data":"Body Slam","floor":12,"key":"SMITH"},{"floor":15,"key":"REST"}],"neow_cost":"NONE","seed_source_timestamp":654663452569100,"circlet_count":0,"master_deck":["AscendersBane","Strike_R","Strike_R","Strike_R","Strike_R","Strike_R+1","Defend_R","Defend_R+1","Defend_R","Defend_R","Bash+1","Twin Strike","Pummel","Ghostly Armor","Headbutt","Body Slam+1","Parasite","True Grit","Battle Trance","Impervious"],"relics":["Burning Blood","NeowsBlessing","Red Skull","Dream Catcher","Prayer Wheel","Pear"],"potions_floor_usage":[14,16],"damage_taken":[{"damage":0,"enemies":"Jaw Worm","floor":1,"turns":1},{"damage":0,"enemies":"3 Sentries","floor":7,"turns":1},{"damage":0,"enemies":"Small Slimes","floor":8,"turns":1},{"damage":0,"enemies":"2 Louse","floor":11,"turns":2},{"damage":34,"enemies":"Large Slime","floor":14,"turns":7},{"damage":75,"enemies":"Slime Boss","floor":16,"turns":12}],"seed_played":"-950239924163145582","potions_obtained":[{"floor":1,"key":"Swift Potion"},{"floor":14,"key":"Explosive Potion"}],"is_trial":false,"path_per_floor":["M","?","$","?","?","R","E","M","T","R","M","R","?","M","R","B"],"character_chosen":"IRONCLAD","items_purchased":["Red Skull"],"campfire_rested":2,"item_purchase_floors":[3],"current_hp_per_floor":[74,63,63,48,6,28,34,40,50,50,56,56,77,49,74,0],"gold":123,"neow_bonus":"THREE_ENEMY_KILL","is_prod":false,"is_daily":false,"chose_seed":false,"campfire_upgraded":2,"win_rate":0,"timestamp":1555703831,"path_taken":["M","?","$","?","?","R","E","M","T","R","M","R","?","?","R","BOSS"],"build_version":"2019-01-23","purchased_purges":0,"victory":false,"max_hp_per_floor":[75,75,75,75,75,75,75,75,85,85,85,85,85,85,85,85],"card_choices":[{"not_picked":["Power Through","Headbutt"],"picked":"Twin Strike","floor":1},{"not_picked":["Intimidate","Metallicize"],"picked":"Pummel","floor":7},{"not_picked":["Evolve","Body Slam"],"picked":"Ghostly Armor","floor":8},{"not_picked":["Sentinel","Thunderclap","Wild Strike"],"picked":"SKIP","floor":8},{"not_picked":["Reckless Charge","Heavy Blade"],"picked":"Headbutt","floor":11},{"not_picked":["Bloodletting","Carnage"],"picked":"Body Slam","floor":11},{"not_picked":["Armaments","Headbutt"],"picked":"True Grit","floor":14},{"not_picked":["Rage","Clash"],"picked":"Battle Trance","floor":14},{"not_picked":["Corruption","Havoc"],"picked":"Impervious","floor":15}],"player_experience":309756,"relics_obtained":[{"floor":7,"key":"Prayer Wheel"},{"floor":9,"key":"Pear"}],"event_choices":[{"damage_healed":0,"gold_gain":75,"player_choice":"Gather Gold","damage_taken":11,"max_hp_gain":0,"max_hp_loss":0,"event_name":"World of Goop","floor":2,"gold_loss":0},{"damage_healed":0,"gold_gain":0,"player_choice":"Entered Light","damage_taken":15,"max_hp_gain":0,"max_hp_loss":0,"event_name":"Shining Light","floor":4,"gold_loss":0,"cards_upgraded":["Strike_R","Defend_R"]},{"damage_healed":0,"gold_gain":0,"player_choice":"Success","damage_taken":42,"relics_obtained":["Dream Catcher"],"max_hp_gain":0,"max_hp_loss":0,"event_name":"Scrap Ooze","floor":5,"gold_loss":0},{"damage_healed":21,"gold_gain":0,"player_choice":"Healed and dodged fight","damage_taken":0,"max_hp_gain":0,"max_hp_loss":0,"event_name":"Mushrooms","floor":13,"gold_loss":0,"cards_obtained":["Parasite"]}],"is_beta":false,"boss_relics":[],"items_purged_floors":[],"is_endless":false,"potions_floor_spawned":[1,14],"killed_by":"Slime Boss","ascension_level":14}