{"gold_per_floor":[134,179,179,207,255,255,280,280,280,42,122,122,205,238,238,238],"floor_reached":16,"playtime":1016,"items_purged":[],"score":185,"play_id":"c2f2f831-f297-4709-be9a-556b33cc8141","local_time":"20181005181251","daily_mods":["Vintage","Heirloom","DeadlyEvents","Elite Swarm","MonsterHunter"],"is_ascension_mode":false,"campfire_choices":[{"data":"Neutralize","floor":6,"key":"SMITH"},{"data":"Survivor","floor":8,"key":"SMITH"},{"floor":12,"key":"REST"},{"floor":15,"key":"REST"}],"neow_cost":"","seed_source_timestamp":1629311707925055,"circlet_count":0,"master_deck":["Defend_G","Defend_G","Defend_G","Defend_G","Defend_G","Strike_G","Strike_G","Strike_G","Strike_G","Strike_G","Survivor+1","Neutralize+1","Leg Sweep","Caltrops","Bandage Up","Die Die Die","Die Die Die"],"relics":["Ring of the Snake","Tingsha","Bag of Preparation","Pear","Bronze Scales","Centennial Puzzle","WingedGreaves","Letter Opener","Smiling Mask","Bottled Flame","Happy Flower"],"potions_floor_usage":[11,11,13],"damage_taken":[{"damage":15,"enemies":"Jaw Worm","floor":1,"turns":9},{"damage":17,"enemies":"Cultist","floor":2,"turns":7},{"damage":0,"enemies":"2 Louse","floor":4,"turns":4},{"damage":19,"enemies":"Gremlin Gang","floor":7,"turns":11},{"damage":42,"enemies":"Lagavulin","floor":11,"turns":18},{"damage":29,"enemies":"Gremlin Nob","floor":13,"turns":7},{"damage":4,"enemies":"2 Fungi Beasts","floor":14,"turns":3},{"damage":43,"enemies":"Slime Boss","floor":16,"turns":16}],"seed_played":"1756876805042006657","potions_obtained":[{"floor":4,"key":"Ancient Potion"},{"floor":7,"key":"Regen Potion"},{"floor":11,"key":"EssenceOfSteel"},{"floor":14,"key":"Energy Potion"}],"is_trial":true,"path_per_floor":["M","M","?","M","T","R","M","R","T","$","E","R","E","M","R"],"character_chosen":"THE_SILENT","items_purchased":["Leg Sweep","Caltrops","Bandage Up"],"campfire_rested":2,"item_purchase_floors":[10,10,10],"current_hp_per_floor":[55,48,53,53,53,53,34,34,34,34,11,36,11,11,36,0],"gold":238,"neow_bonus":"","is_prod":false,"is_daily":false,"chose_seed":false,"campfire_upgraded":2,"win_rate":0,"timestamp":1538755971,"path_taken":["M","M","?","M","?","R","M","R","T","$","?","R","E","M","R","BOSS"],"build_version":"2018-10-04","purchased_purges":0,"victory":false,"max_hp_per_floor":[70,80,85,85,85,85,85,85,85,85,85,85,85,85,85,85],"card_choices":[{"not_picked":["Storm of Steel","Grand Finale"],"picked":"Die Die Die","floor":11},{"not_picked":["Tools of the Trade","Storm of Steel"],"picked":"Die Die Die","floor":13}],"player_experience":97613,"relics_obtained":[{"floor":1,"key":"Bag of Preparation"},{"floor":2,"key":"Pear"},{"floor":4,"key":"Bronze Scales"},{"floor":5,"key":"Centennial Puzzle"},{"floor":7,"key":"WingedGreaves"},{"floor":9,"key":"Letter Opener"},{"floor":11,"key":"Smiling Mask"},{"floor":13,"key":"Bottled Flame"},{"floor":14,"key":"Happy Flower"}],"event_choices":[{"event_name":"Big Fish","player_choice":"Donut","floor":3,"damage_taken":0}],"is_beta":false,"boss_relics":[],"items_purged_floors":[],"is_endless":true,"potions_floor_spawned":[4,7,11,14],"killed_by":"Slime Boss","ascension_level":0}