{"gold_per_floor":[113,133,7,7,86,86,86,111,189,218,218,237,237,237,237,326,338,368,361,385,119,119,119,119],"floor_reached":24,"playtime":569,"items_purged":["Strike_R"],"score":386,"play_id":"310c1657-5bb3-47d7-ab1f-985cee5366c2","local_time":"25611115124813","is_ascension_mode":true,"campfire_choices":[{"data":"Bash","floor":6,"key":"SMITH"},{"floor":11,"key":"DIG"},{"floor":13,"key":"DIG"},{"floor":15,"key":"DIG"},{"floor":23,"key":"REST"}],"neow_cost":"NONE","seed_source_timestamp":10349321829440,"circlet_count":0,"master_deck":["AscendersBane","Strike_R+1","Strike_R+1","Strike_R+1","Defend_R+1","Defend_R+1","Defend_R+1","Bash+1","Clash","Armaments+1","Juggernaut","Rampage","Flame Barrier+1","True Grit","Rage"],"relics":["Burning Blood","NeowsBlessing","Anchor","Tiny Chest","Shovel","Ornamental Fan","Blood Vial","Pear","War Paint","MawBank","Black Star","Ancient Tea Set"],"potions_floor_usage":[10,16,16,24,24],"damage_taken":[{"damage":0,"enemies":"Cultist","floor":1,"turns":1},{"damage":0,"enemies":"Jaw Worm","floor":2,"turns":1},{"damage":0,"enemies":"3 Sentries","floor":8,"turns":1},{"damage":20,"enemies":"Gremlin Nob","floor":10,"turns":4},{"damage":2,"enemies":"2 Louse","floor":12,"turns":3},{"damage":37,"enemies":"Slime Boss","floor":16,"turns":11},{"damage":16,"enemies":"Spheric Guardian","floor":18,"turns":5},{"damage":17,"enemies":"2 Thieves","floor":19,"turns":4},{"damage":16,"enemies":"Snake Plant","floor":20,"turns":4},{"damage":90,"enemies":"Gremlin Leader","floor":24,"turns":9}],"seed_played":"-8136250916214327289","potions_obtained":[{"floor":2,"key":"Ancient Potion"},{"floor":10,"key":"PowerPotion"},{"floor":12,"key":"Fire Potion"},{"floor":19,"key":"GamblersBrew"}],"is_trial":false,"path_per_floor":["M","M","$","?","T","R","?","E","T","E","R","M","R","?","R","B",null,"M","M","M","$","?","R","E"],"character_chosen":"IRONCLAD","items_purchased":["Block Potion","Rage","Block Potion","Ancient Tea Set"],"campfire_rested":1,"item_purchase_floors":[3,21,21,21],"current_hp_per_floor":[74,75,75,68,68,68,68,74,74,60,70,76,76,69,69,40,74,66,57,49,49,49,74,0],"gold":119,"neow_bonus":"THREE_ENEMY_KILL","is_prod":false,"is_daily":false,"chose_seed":false,"campfire_upgraded":1,"win_rate":0,"timestamp":1542260893,"path_taken":["M","M","$","?","?","R","?","E","T","E","R","M","R","?","R","BOSS","M","M","M","$","?","R","E"],"build_version":"2018-11-08","purchased_purges":1,"victory":false,"max_hp_per_floor":[75,75,75,75,75,75,75,75,75,75,85,85,85,85,85,85,85,85,85,85,85,85,85,85],"card_choices":[{"not_picked":["Armaments","Flex"],"picked":"Clash","floor":1},{"not_picked":["Iron Wave","Sword Boomerang","Flex"],"picked":"SKIP","floor":2},{"not_picked":["Power Through","Sword Boomerang","Combust"],"picked":"SKIP","floor":8},{"not_picked":["Headbutt","Body Slam","Flex"],"picked":"SKIP","floor":10},{"not_picked":["Cleave","Wild Strike"],"picked":"Armaments","floor":12},{"not_picked":["Limit Break","Double Tap"],"picked":"Juggernaut","floor":16},{"not_picked":["Combust","Disarm"],"picked":"Rampage","floor":18},{"not_picked":["Corruption+1","Armaments"],"picked":"Flame Barrier+1","floor":19},{"not_picked":["Entrench","Reckless Charge"],"picked":"True Grit","floor":20}],"player_experience":138227,"relics_obtained":[{"floor":5,"key":"Tiny Chest"},{"floor":8,"key":"Shovel"},{"floor":9,"key":"Ornamental Fan"},{"floor":10,"key":"Blood Vial"},{"floor":11,"key":"Pear"},{"floor":13,"key":"War Paint"},{"floor":15,"key":"MawBank"}],"event_choices":[{"damage_healed":0,"gold_gain":0,"player_choice":"Success","damage_taken":7,"relics_obtained":["Anchor"],"max_hp_gain":0,"max_hp_loss":0,"event_name":"Scrap Ooze","floor":4,"gold_loss":0},{"cards_removed":["Defend_R"],"damage_healed":0,"gold_gain":0,"player_choice":"Forget","damage_taken":0,"max_hp_gain":0,"max_hp_loss":0,"event_name":"Living Wall","floor":7,"gold_loss":0},{"cards_removed":["Strike_R"],"damage_healed":0,"gold_gain":0,"player_choice":"Card Removal","damage_taken":7,"max_hp_gain":0,"max_hp_loss":0,"event_name":"Golden Wing","floor":14,"gold_loss":0},{"damage_healed":0,"gold_gain":0,"player_choice":"Simplicity","damage_taken":0,"max_hp_gain":0,"max_hp_loss":0,"event_name":"Back to Basics","floor":22,"gold_loss":0,"cards_upgraded":["Strike_R","Strike_R","Strike_R","Defend_R","Defend_R"]}],"is_beta":false,"boss_relics":[{"not_picked":["Mark of Pain","White Beast Statue"],"picked":"Black Star"}],"items_purged_floors":[3],"is_endless":false,"potions_floor_spawned":[2,10,12,19],"killed_by":"Gremlin Leader","ascension_level":14}