{"gold_per_floor":[114,129,204,204,37,37,67,67,92,107,122,137,152,182,182,282,282,297,297,47,47,2,32,32,47,122,33,63,78,93,108,108,208,208,223,238,253,163,26,26,56,26,51,81,96,111,111],"floor_reached":47,"playtime":1213,"items_purged":["Defend_G","Defend_G"],"score":662,"play_id":"1130bea7-ae51-4fa2-8c44-a1d74ede9692","local_time":"25620401215755","daily_mods":["Specialized","Time Dilation","Lethality"],"is_ascension_mode":false,"campfire_choices":[{"data":"Apotheosis","floor":6.0,"key":"SMITH"},{"data":"Neutralize","floor":8.0,"key":"SMITH"},{"data":"Distraction","floor":15.0,"key":"SMITH"},{"floor":24.0,"key":"REST"},{"floor":32.0,"key":"REST"},{"floor":40,"key":"REST"}],"neow_cost":"","seed_source_timestamp":0,"circlet_count":0,"master_deck":["Defend_G","Defend_G","Defend_G","Strike_G","Strike_G","Strike_G","Strike_G","Survivor","Neutralize+1","Storm of Steel","Storm of Steel","Storm of Steel","Storm of Steel","Storm of Steel","Distraction+1","Apotheosis+1","Slice","Riddle With Holes","PiercingWail","Bullet Time","Backflip","Acrobatics","Slice","Prepared+1","Enlightenment","Setup+1","Slice+1","Endless Agony+1","Bullet Time+1","Dagger Spray+1","Backstab+1","Escape Plan+1","Flash of Steel+1","Prepared+1","Crippling Poison+1","Acrobatics+1","Terror"],"special_seed":17987,"relics":["Ring of the Serpent","Bag of Marbles","Vajra","Smiling Mask","Blood Vial","HandDrill","Thread and Needle","Molten Egg 2","Bottled Flame","Fusion Hammer","Ornamental Fan","Potion Belt","PreservedInsect"],"potions_floor_usage":[37,41,44,46,46],"damage_taken":[{"damage":0.0,"enemies":"Small Slimes","floor":1.0,"turns":1.0},{"damage":0.0,"enemies":"2 Louse","floor":2.0,"turns":1.0},{"damage":0.0,"enemies":"Gremlin Nob","floor":7.0,"turns":1.0},{"damage":0.0,"enemies":"Jaw Worm","floor":10.0,"turns":1.0},{"damage":0.0,"enemies":"Blue Slaver","floor":11.0,"turns":1.0},{"damage":0.0,"enemies":"Red Slaver","floor":12.0,"turns":1.0},{"damage":0.0,"enemies":"Exordium Thugs","floor":13.0,"turns":2.0},{"damage":6.0,"enemies":"3 Sentries","floor":14.0,"turns":3.0},{"damage":0.0,"enemies":"Hexaghost","floor":16.0,"turns":2.0},{"damage":13.0,"enemies":"Shell Parasite","floor":18.0,"turns":2.0},{"damage":32.0,"enemies":"Book of Stabbing","floor":23.0,"turns":3.0},{"damage":0.0,"enemies":"Spheric Guardian","floor":25.0,"turns":2.0},{"damage":6.0,"enemies":"Slavers","floor":28.0,"turns":3.0},{"damage":0.0,"enemies":"Cultist and Chosen","floor":29.0,"turns":4.0},{"damage":0.0,"enemies":"Centurion and Healer","floor":30.0,"turns":3.0},{"damage":0.0,"enemies":"Snake Plant","floor":31.0,"turns":2.0},{"damage":9.0,"enemies":"Automaton","floor":33.0,"turns":6.0},{"damage":9,"enemies":"Orb Walker","floor":35,"turns":2},{"damage":0,"enemies":"3 Darklings","floor":36,"turns":2},{"damage":16,"enemies":"4 Shapes","floor":37,"turns":3},{"damage":14,"enemies":"Nemesis","floor":41,"turns":3},{"damage":60,"enemies":"Giant Head","floor":44,"turns":7},{"damage":0,"enemies":"Maw","floor":45,"turns":4},{"damage":5,"enemies":"Sphere and 2 Shapes","floor":46,"turns":3},{"damage":6,"enemies":"4 Shapes","floor":47,"turns":1}],"seed_played":"944917058842759055","potions_obtained":[{"floor":1.0,"key":"AttackPotion"},{"floor":2.0,"key":"Strength Potion"},{"floor":7.0,"key":"SkillPotion"},{"floor":13.0,"key":"SneckoOil"},{"floor":18.0,"key":"SpeedPotion"},{"floor":28.0,"key":"LiquidBronze"},{"floor":31.0,"key":"SpeedPotion"},{"floor":36,"key":"AttackPotion"},{"floor":37,"key":"SteroidPotion"},{"floor":41,"key":"Strength Potion"},{"floor":42,"key":"Poison Potion"},{"floor":42,"key":"EssenceOfSteel"},{"floor":45,"key":"Strength Potion"}],"is_trial":false,"path_per_floor":["M","M","?","?","$","R","E","R","T","M","M","M","M","E","R","B",null,"M","?","$","?","$","E","R","M","T","$","E","M","M","M","R","B",null,"M","M","M","?","$","R","E","?","T","E","M","M","M"],"character_chosen":"THE_SILENT","items_purchased":["Apotheosis","HandDrill","Acrobatics","Enlightenment","Flash of Steel+1"],"campfire_rested":3,"item_purchase_floors":[5,20,22,27,39],"current_hp_per_floor":[70,70,59,41,41,41,41,41,41,41,41,41,41,35,35,37,70,57,57,57,44,44,14,36,38,38,38,34,36,38,40,62,55,75,66,68,54,54,54,75,61,61,61,3,5,2,0],"gold":111,"neow_bonus":"","is_prod":false,"is_daily":true,"chose_seed":false,"campfire_upgraded":3,"win_rate":0,"timestamp":1554130675,"path_taken":["M","M","?","?","$","R","E","R","T","M","M","M","M","E","R","BOSS","M","?","$","?","?","E","R","M","T","?","E","M","?","M","R","BOSS","M","M","M","?","?","R","E","?","T","E","M","?","M"],"build_version":"2019-01-23","purchased_purges":2,"victory":false,"max_hp_per_floor":[70,70,70,70,70,70,70,70,70,70,70,70,70,70,70,70,70,70,70,70,75,75,75,75,75,75,75,75,75,75,75,75,75,75,75,75,75,75,75,75,75,75,75,75,75,75,75],"card_choices":[{"not_picked":["Crippling Poison","Dodge and Roll"],"picked":"Distraction","floor":1.0},{"not_picked":["Dagger Throw","Dash","Flechettes"],"picked":"SKIP","floor":2.0},{"not_picked":["Infinite Blades","Quick Slash"],"picked":"Slice","floor":7.0},{"not_picked":["Backstab","Dagger Spray"],"picked":"Riddle With Holes","floor":10.0},{"not_picked":["Dash","Malaise","Accuracy"],"picked":"SKIP","floor":11.0},{"not_picked":["Dagger Spray","Prepared","Quick Slash"],"picked":"SKIP","floor":12.0},{"not_picked":["Prepared","Dagger Throw"],"picked":"PiercingWail","floor":13.0},{"not_picked":["Calculated Gamble","Deadly Poison","Tactician"],"picked":"SKIP","floor":14.0},{"not_picked":["Burst","Grand Finale"],"picked":"Bullet Time","floor":16.0},{"not_picked":["Dodge and Roll+1","Reflex"],"picked":"Backflip","floor":18.0},{"not_picked":["Night Terror","Heel Hook"],"picked":"Slice","floor":23.0},{"not_picked":["Flying Knee","Deadly Poison"],"picked":"Prepared+1","floor":25.0},{"not_picked":["Backflip","Deadly Poison"],"picked":"Setup+1","floor":28.0},{"not_picked":["Heel Hook+1","Deadly Poison","Blur+1"],"picked":"SKIP","floor":29.0},{"not_picked":["Dodge and Roll","Backflip"],"picked":"Slice+1","floor":30.0},{"not_picked":["Concentrate+1","Infinite Blades"],"picked":"Endless Agony+1","floor":31.0},{"not_picked":["Envenom","Corpse Explosion"],"picked":"Bullet Time","floor":33.0},{"not_picked":["Prepared","Accuracy+1"],"picked":"Dagger Spray+1","floor":35},{"not_picked":["Bane+1","Deflect+1"],"picked":"Backstab+1","floor":36},{"not_picked":["Flying Knee+1","Backflip+1"],"picked":"Escape Plan+1","floor":37},{"not_picked":["Caltrops","Footwork"],"picked":"Prepared+1","floor":41},{"not_picked":["Deadly Poison","Venomology"],"picked":"Crippling Poison+1","floor":44},{"not_picked":["Sucker Punch+1","Quick Slash+1"],"picked":"Acrobatics+1","floor":45},{"not_picked":["Prepared+1","Flechettes+1"],"picked":"Terror","floor":46}],"player_experience":360021,"relics_obtained":[{"floor":7.0,"key":"Vajra"},{"floor":9.0,"key":"Smiling Mask"},{"floor":14.0,"key":"Blood Vial"},{"floor":23.0,"key":"Thread and Needle"},{"floor":26.0,"key":"Molten Egg 2"},{"floor":28.0,"key":"Bottled Flame"},{"floor":41,"key":"Ornamental Fan"},{"floor":43,"key":"Potion Belt"},{"floor":44,"key":"PreservedInsect"}],"event_choices":[{"damage_healed":0.0,"max_hp_gain":0.0,"max_hp_loss":0.0,"gold_gain":75.0,"event_name":"World of Goop","player_choice":"Gather Gold","floor":3.0,"gold_loss":0.0,"damage_taken":11.0},{"damage_healed":0.0,"max_hp_gain":0.0,"max_hp_loss":0.0,"gold_gain":0.0,"event_name":"Scrap Ooze","player_choice":"Success","floor":4.0,"gold_loss":0.0,"damage_taken":18.0,"relics_obtained":["Bag of Marbles"]},{"damage_healed":0.0,"max_hp_gain":0.0,"max_hp_loss":0.0,"gold_gain":0.0,"event_name":"Ghosts","player_choice":"Ignored","floor":19.0,"gold_loss":0.0,"damage_taken":0.0},{"damage_healed":0.0,"max_hp_gain":5.0,"max_hp_loss":0.0,"gold_gain":0.0,"event_name":"Forgotten Altar","player_choice":"Shed Blood","floor":21.0,"gold_loss":0.0,"damage_taken":18.0},{"cards_removed":["Strike_G"],"damage_healed":0,"gold_gain":0,"player_choice":"Upgrade and Remove","damage_taken":0,"max_hp_gain":0,"max_hp_loss":0,"event_name":"Designer","floor":38,"gold_loss":90,"cards_upgraded":["Bullet Time"]},{"damage_healed":0,"gold_gain":0,"player_choice":"Bought 2 Potions","damage_taken":0,"max_hp_gain":0,"max_hp_loss":0,"event_name":"The Woman in Blue","floor":42,"gold_loss":0}],"is_beta":false,"boss_relics":[{"not_picked":["Orrery","Empty Cage"],"picked":"Ring of the Serpent"},{"not_picked":["Runic Dome","Sozu"],"picked":"Fusion Hammer"}],"items_purged_floors":[20,39],"is_endless":false,"potions_floor_spawned":[1,2,7,13,18,28,31,36,37,41,45],"killed_by":"4 Shapes","ascension_level":0}