{"gold_per_floor":[116,129,53,69,69,69,86,119,188,198,214,231,231,259,259,333,333,349,88,88,99,111,111,11,11,11,31,31,64,119,137,137,212,212,230,51,64,339,353,387,161,186,186,212,28,28,46,65,65,65,65],"floor_reached":52,"playtime":2282,"items_purged":["Regret","Writhe"],"score":2188,"play_id":"f6cbe8d6-2360-4b9d-be4b-132d2ccba7d7","local_time":"25620302151150","is_ascension_mode":true,"campfire_choices":[{"data":"Shockwave","floor":6.0,"key":"SMITH"},{"data":"Bludgeon","floor":13.0,"key":"SMITH"},{"data":"Juggernaut","floor":15.0,"key":"SMITH"},{"data":"Seeing Red","floor":23.0,"key":"SMITH"},{"floor":32.0,"key":"REST"},{"floor":46.0,"key":"REST"},{"floor":49.0,"key":"REST"}],"neow_cost":"TEN_PERCENT_HP_LOSS","seed_source_timestamp":12522390362456,"circlet_count":0,"master_deck":["AscendersBane","Strike_R","Strike_R","Strike_R","Strike_R+1","Strike_R","Defend_R","Defend_R","Defend_R","Defend_R","Bash","Shockwave+1","Thunderclap+1","Disarm","Seeing Red+1","Infernal Blade","Feel No Pain","Spot Weakness","Second Wind","Bludgeon+1","Juggernaut+1","Immolate","Body Slam+1","Shrug It Off","Metallicize","Heavy Blade+1","Burning Pact","Reaper+1","Ghostly Armor","Corruption","Mind Blast+1","Pommel Strike+1","Regret","Disarm","Demon Form","Shockwave","Apotheosis","True Grit","Shrug It Off"],"special_seed":0,"relics":["Burning Blood","Dead Branch","Du-Vu Doll","Dodecahedron","Ancient Tea Set","Calling Bell","Orichalcum","Molten Egg 2","Incense Burner","Regal Pillow","Kunai","WingedGreaves","Tiny Chest","Sozu","Meat on the Bone","Medical Kit","Whetstone","Peace Pipe"],"potions_floor_usage":[],"damage_taken":[{"damage":13.0,"enemies":"Small Slimes","floor":1.0,"turns":5.0},{"damage":5.0,"enemies":"Jaw Worm","floor":2.0,"turns":6.0},{"damage":5.0,"enemies":"Cultist","floor":4.0,"turns":4.0},{"damage":3.0,"enemies":"Red Slaver","floor":7.0,"turns":5.0},{"damage":1.0,"enemies":"Lagavulin","floor":8.0,"turns":3.0},{"damage":0.0,"enemies":"2 Fungi Beasts","floor":10.0,"turns":2.0},{"damage":3.0,"enemies":"Gremlin Gang","floor":11.0,"turns":2.0},{"damage":6.0,"enemies":"Looter","floor":12.0,"turns":2.0},{"damage":0.0,"enemies":"3 Sentries","floor":14.0,"turns":5.0},{"damage":32.0,"enemies":"Slime Boss","floor":16.0,"turns":8.0},{"damage":21.0,"enemies":"Shell Parasite","floor":18.0,"turns":5.0},{"damage":20.0,"enemies":"Spheric Guardian","floor":21.0,"turns":4.0},{"damage":15.0,"enemies":"Centurion and Healer","floor":22.0,"turns":5.0},{"damage":12.0,"enemies":"Snake Plant","floor":27.0,"turns":5.0},{"damage":24.0,"enemies":"Book of Stabbing","floor":29.0,"turns":5.0},{"damage":0.0,"enemies":"Gremlin Leader","floor":30.0,"turns":7.0},{"damage":31.0,"enemies":"Shelled Parasite and Fungi","floor":31.0,"turns":4.0},{"damage":51.0,"enemies":"Champ","floor":33.0,"turns":11.0},{"damage":6.0,"enemies":"3 Shapes","floor":35.0,"turns":4.0},{"damage":15.0,"enemies":"3 Darklings","floor":37.0,"turns":7.0},{"damage":20.0,"enemies":"Maw","floor":39.0,"turns":6.0},{"damage":4.0,"enemies":"Nemesis","floor":40.0,"turns":3.0},{"damage":16.0,"enemies":"Giant Head","floor":42.0,"turns":8.0},{"damage":48.0,"enemies":"Nemesis","floor":44.0,"turns":3.0},{"damage":62.0,"enemies":"Spire Growth","floor":47.0,"turns":6.0},{"damage":7.0,"enemies":"3 Darklings","floor":48.0,"turns":5.0},{"damage":33.0,"enemies":"Time Eater","floor":50.0,"turns":9.0},{"damage":48,"enemies":"Awakened One","floor":51,"turns":8}],"seed_played":"-8715371133681292550","potions_obtained":[{"floor":7.0,"key":"Dexterity Potion"},{"floor":8.0,"key":"Poison Potion"},{"floor":11.0,"key":"SkillPotion"},{"floor":16.0,"key":"Fire Potion"},{"floor":29.0,"key":"FairyPotion"},{"floor":31.0,"key":"Block Potion"}],"is_trial":false,"path_per_floor":["M","M","$","M","?","R","M","E","T","M","M","M","R","E","R","B",null,"M","$","?","M","M","R","$","?","T","M","?","E","E","M","R","B",null,"M","$","M","?","M","E","$","E","T","E","$","R","M","M","R","B","B",null],"character_chosen":"IRONCLAD","items_purchased":["Disarm","Shrug It Off","Regal Pillow","Corruption","Mind Blast+1","Medical Kit","Apotheosis"],"campfire_rested":3,"item_purchase_floors":[3,19,19,36,36,41,45],"current_hp_per_floor":[61,62,62,63,63,63,66,68,68,68,68,68,68,68,68,42,62,47,47,47,33,24,24,24,24,24,18,78,60,66,41,78,33,67,67,67,78,78,71,73,73,63,63,33,33,71,54,53,78,51,33],"gold":65,"neow_bonus":"ONE_RARE_RELIC","is_prod":false,"is_daily":false,"chose_seed":false,"campfire_upgraded":4,"win_rate":0,"timestamp":1551514310,"path_taken":["M","M","$","M","?","R","M","E","T","M","M","M","R","E","R","BOSS","M","$","?","M","?","R","?","?","T","?","?","E","E","M","R","BOSS","M","?","M","?","?","E","$","E","T","E","$","R","M","M","R","BOSS","BOSS"],"build_version":"2019-01-23","purchased_purges":2,"victory":true,"max_hp_per_floor":[68,68,68,68,68,68,68,68,68,68,68,68,68,68,68,68,68,68,68,68,68,68,68,68,68,68,68,78,78,78,78,78,78,78,78,78,78,78,78,78,78,78,78,78,78,78,78,78,78,78,78],"card_choices":[{"not_picked":["Perfected Strike","Shrug It Off"],"picked":"Shockwave","floor":1.0},{"not_picked":["True Grit","Headbutt"],"picked":"Thunderclap","floor":2.0},{"not_picked":["Wild Strike","Flex"],"picked":"Seeing Red","floor":4.0},{"not_picked":["Headbutt","Cleave"],"picked":"Infernal Blade","floor":7.0},{"not_picked":["Body Slam","Anger"],"picked":"Feel No Pain","floor":8.0},{"not_picked":["Wild Strike","Shrug It Off"],"picked":"Spot Weakness","floor":10.0},{"not_picked":["Cleave","Clash"],"picked":"Second Wind","floor":11.0},{"not_picked":["Wild Strike","Feel No Pain"],"picked":"Bludgeon","floor":12.0},{"not_picked":["Perfected Strike","Rupture"],"picked":"Juggernaut","floor":14.0},{"not_picked":["Feed","Juggernaut"],"picked":"Immolate","floor":16.0},{"not_picked":["Flex","Wild Strike+1"],"picked":"Body Slam+1","floor":18.0},{"not_picked":["Perfected Strike+1","Armaments"],"picked":"Metallicize","floor":21.0},{"not_picked":["Clothesline+1","Anger+1"],"picked":"Brutality","floor":22.0},{"not_picked":["Pommel Strike+1","Rampage+1"],"picked":"Heavy Blade+1","floor":27.0},{"not_picked":["Wild Strike+1","Rupture","Armaments"],"picked":"SKIP","floor":29.0},{"not_picked":["Bloodletting","Clash+1"],"picked":"Burning Pact","floor":30.0},{"not_picked":["Body Slam+1","Headbutt+1","Warcry"],"picked":"SKIP","floor":31.0},{"not_picked":["Berserk","Feed+1"],"picked":"Reaper+1","floor":33.0},{"not_picked":["Heavy Blade+1","Warcry"],"picked":"Ghostly Armor","floor":35.0},{"not_picked":["Clash+1","Warcry"],"picked":"Pommel Strike+1","floor":37.0},{"not_picked":["Rage+1","Intimidate"],"picked":"Disarm","floor":39.0},{"not_picked":["Anger+1","Sentinel","Combust"],"picked":"SKIP","floor":40.0},{"not_picked":["Pommel Strike+1","Infernal Blade"],"picked":"Demon Form","floor":42.0},{"not_picked":["Perfected Strike+1","Flex+1"],"picked":"Shockwave","floor":44.0},{"not_picked":["Searing Blow+1","Combust"],"picked":"True Grit","floor":47.0},{"not_picked":["Burning Pact","Clash+1"],"picked":"Shrug It Off","floor":48.0}],"player_experience":274778,"relics_obtained":[{"floor":8.0,"key":"Du-Vu Doll"},{"floor":9.0,"key":"Dodecahedron"},{"floor":14.0,"key":"Ancient Tea Set"},{"floor":17.0,"key":"Orichalcum"},{"floor":17.0,"key":"Molten Egg 2"},{"floor":17.0,"key":"Incense Burner"},{"floor":26.0,"key":"Kunai"},{"floor":29.0,"key":"WingedGreaves"},{"floor":30.0,"key":"Tiny Chest"},{"floor":40.0,"key":"Meat on the Bone"},{"floor":42.0,"key":"Whetstone"},{"floor":44.0,"key":"Peace Pipe"}],"event_choices":[{"damage_healed":0.0,"max_hp_gain":0.0,"max_hp_loss":0.0,"gold_gain":0.0,"event_name":"The Cleric","player_choice":"Leave","floor":5.0,"gold_loss":0.0,"damage_taken":0.0},{"damage_healed":0.0,"max_hp_gain":0.0,"max_hp_loss":0.0,"gold_gain":0.0,"event_name":"Lab","player_choice":"Got Potions","floor":20.0,"gold_loss":0.0,"damage_taken":0.0},{"cards_removed":["Doubt"],"damage_healed":0.0,"max_hp_gain":0.0,"max_hp_loss":0.0,"gold_gain":0.0,"event_name":"Fountain of Cleansing","player_choice":"Removed Curses","floor":25.0,"gold_loss":0.0,"damage_taken":0.0},{"cards_removed":["Brutality"],"damage_healed":50.0,"max_hp_gain":10.0,"max_hp_loss":0.0,"gold_gain":0.0,"event_name":"Bonfire Elementals","player_choice":"Offered Rare","floor":28.0,"gold_loss":0.0,"damage_taken":0.0},{"damage_healed":0.0,"max_hp_gain":0.0,"max_hp_loss":0.0,"gold_gain":275.0,"event_name":"Golden Shrine","player_choice":"Desecrate","floor":38.0,"gold_loss":0.0,"damage_taken":0.0,"cards_obtained":["Regret"]}],"is_beta":false,"boss_relics":[{"not_picked":["Coffee Dripper","Runic Cube"],"picked":"Calling Bell"},{"not_picked":["Velvet Choker","Philosopher\u0027s Stone"],"picked":"Sozu"}],"items_purged_floors":[19,24],"is_endless":false,"potions_floor_spawned":[7,8,11,16,29,31,35,39,40,48],"ascension_level":20}