{"gold_per_floor":[110,110,124,145,169,169,207,207,232,272,272,306,326,366,366,457,457,476,476,476,208,208,244,267,301,326,364,364,397,438,216,216,309,309,334,349,18,83,108,108,149,149,225,269,310,643,669,131,131,131,131],"floor_reached":52,"playtime":3063,"items_purged":["Writhe"],"score":3101,"play_id":"db2ff540-0fa3-4f93-a4c1-6329f89e2b94","local_time":"20190103161126","daily_mods":["SealedDeck","DeadlyEvents","Elite Swarm"],"is_ascension_mode":true,"campfire_choices":[{"data":"Noxious Fumes","floor":6.0,"key":"SMITH"},{"data":"Malaise","floor":8.0,"key":"SMITH"},{"floor":11.0,"key":"REST"},{"data":"Deadly Poison","floor":15.0,"key":"SMITH"},{"data":"Adrenaline","floor":28.0,"key":"SMITH"},{"data":"Burst","floor":32.0,"key":"SMITH"},{"data":"Catalyst","floor":40.0,"key":"SMITH"},{"data":"Crippling Poison","floor":42.0,"key":"SMITH"},{"data":"Bouncing Flask","floor":49,"key":"SMITH"}],"neow_cost":"","seed_source_timestamp":0,"circlet_count":0,"master_deck":["AscendersBane","Backflip+1","Flying Knee","Blur","Dagger Spray","Cloak And Dagger","Deflect","Leg Sweep+1","Deadly Poison+1","Leg Sweep","Noxious Fumes+1","Malaise+1","After Image","Adrenaline+1","Blur+1","PiercingWail","Corpse Explosion","Burst+1","Bouncing Flask+1","Catalyst+1","Crippling Poison+1","Adrenaline","Footwork"],"special_seed":0,"relics":["Ring of the Snake","Lantern","Tough Bandages","Dream Catcher","Ice Cream","Ornamental Fan","War Paint","Black Star","Strawberry","Snake Skull","Ninja Scroll","Nunchaku","Torii","Pear","Art of War","Happy Flower","WingedGreaves","Ancient Tea Set","Du-Vu Doll","Dead Branch","Meat on the Bone","Turnip","TwistedFunnel","Philosopher\u0027s Stone","Medical Kit","Thread and Needle","Bag of Preparation","Regal Pillow","Blue Candle","Kunai","Paper Crane","Omamori","Mango","Question Card","The Courier","Chemical X","Calipers"],"potions_floor_usage":[],"damage_taken":[{"damage":0.0,"enemies":"Small Slimes","floor":1.0,"turns":3.0},{"damage":0.0,"enemies":"Jaw Worm","floor":3.0,"turns":4.0},{"damage":0.0,"enemies":"2 Louse","floor":4.0,"turns":3.0},{"damage":6.0,"enemies":"Lagavulin","floor":7.0,"turns":8.0},{"damage":4.0,"enemies":"3 Sentries","floor":10.0,"turns":7.0},{"damage":13.0,"enemies":"Gremlin Nob","floor":12.0,"turns":4.0},{"damage":0.0,"enemies":"Exordium Thugs","floor":13.0,"turns":4.0},{"damage":0.0,"enemies":"Lagavulin","floor":14.0,"turns":8.0},{"damage":2.0,"enemies":"The Guardian","floor":16.0,"turns":9.0},{"damage":0.0,"enemies":"2 Thieves","floor":18.0,"turns":5.0},{"damage":0.0,"enemies":"Gremlin Leader","floor":23.0,"turns":7.0},{"damage":0.0,"enemies":"Shell Parasite","floor":24.0,"turns":5.0},{"damage":4.0,"enemies":"Book of Stabbing","floor":25.0,"turns":6.0},{"damage":0.0,"enemies":"Gremlin Leader","floor":27.0,"turns":5.0},{"damage":0.0,"enemies":"Book of Stabbing","floor":29.0,"turns":7.0},{"damage":0.0,"enemies":"Gremlin Leader","floor":30.0,"turns":6.0},{"damage":0.0,"enemies":"Champ","floor":33.0,"turns":6.0},{"damage":0.0,"enemies":"Orb Walker","floor":35.0,"turns":4.0},{"damage":0.0,"enemies":"3 Darklings","floor":36.0,"turns":3.0},{"damage":0.0,"enemies":"2 Orb Walkers","floor":38.0,"turns":3.0},{"damage":0.0,"enemies":"Maw","floor":39.0,"turns":4.0},{"damage":0.0,"enemies":"Nemesis","floor":41.0,"turns":5.0},{"damage":0.0,"enemies":"Reptomancer","floor":44.0,"turns":4.0},{"damage":0,"enemies":"Giant Head","floor":45,"turns":4},{"damage":0,"enemies":"Nemesis","floor":47,"turns":5},{"damage":1,"enemies":"Time Eater","floor":50,"turns":6},{"damage":0,"enemies":"Donu and Deca","floor":51,"turns":5}],"seed_played":"7335599724300081243","potions_obtained":[{"floor":1.0,"key":"Fire Potion"},{"floor":3.0,"key":"Strength Potion"},{"floor":10.0,"key":"Regen Potion"},{"floor":13.0,"key":"LiquidBronze"},{"floor":18.0,"key":"Swift Potion"},{"floor":24.0,"key":"Dexterity Potion"},{"floor":27.0,"key":"Ancient Potion"},{"floor":30.0,"key":"Poison Potion"},{"floor":33.0,"key":"Block Potion"},{"floor":41.0,"key":"Poison Potion"}],"is_trial":true,"path_per_floor":["M","?","M","M","T","R","E","R","T","E","R","E","M","E","R","B",null,"M","?","?","$","T","E","M","E","T","E","R","E","E","$","R","B",null,"M","M","$","?","M","R","E","R","T","E","E","E","?","E","$","R","B","B",null],"character_chosen":"THE_SILENT","items_purchased":["Snake Skull","PiercingWail","TwistedFunnel","Catalyst","Crippling Poison","Medical Kit","Chemical X","Calipers","Footwork","Block Potion"],"campfire_rested":1,"item_purchase_floors":[21,21,31,37,37,37,48,48,48,48],"current_hp_per_floor":[59,36,36,36,36,36,30,30,30,26,45,32,32,47,47,45,61,61,61,68,68,68,68,68,74,74,74,74,74,74,74,74,74,81,81,81,81,81,81,81,81,81,81,81,95,95,95,95,95,94,94],"gold":131,"neow_bonus":"","is_prod":false,"is_daily":false,"chose_seed":false,"campfire_upgraded":8,"win_rate":0,"timestamp":1546560686,"path_taken":["M","?","M","M","?","R","E","R","T","E","R","E","M","E","R","BOSS","M","?","?","$","?","E","M","E","T","E","R","E","E","$","R","BOSS","M","M","$","?","M","R","E","R","T","E","E","?","E","?","R","BOSS","BOSS"],"build_version":"2018-12-20","purchased_purges":1,"victory":true,"max_hp_per_floor":[66,66,66,66,66,66,66,66,66,66,66,66,66,66,66,66,66,66,66,73,73,73,73,73,83,83,83,83,83,83,83,83,83,83,83,83,83,83,83,83,83,83,83,83,97,97,97,97,97,97,97],"card_choices":[{"not_picked":["Deflect","Endless Agony","Prepared"],"picked":"SKIP","floor":1.0},{"not_picked":["Masterful Stab","Prepared","Blade Dance"],"picked":"SKIP","floor":3.0},{"not_picked":["Flying Knee","Dagger Spray","Slice"],"picked":"SKIP","floor":4.0},{"not_picked":["Phantasmal Killer","Bullet Time"],"picked":"Malaise","floor":7.0},{"not_picked":["Tools of the Trade","Unload","Phantasmal Killer"],"picked":"SKIP","floor":10.0},{"not_picked":["Phantasmal Killer","Night Terror"],"picked":"After Image","floor":12.0},{"not_picked":["Dagger Spray","Flying Knee","Dodge and Roll"],"picked":"SKIP","floor":13.0},{"not_picked":["Bullet Time","Grand Finale"],"picked":"Adrenaline","floor":14.0},{"not_picked":["Outmaneuver","Skewer"],"picked":"Blur+1","floor":18.0},{"not_picked":["Envenom","Bullet Time"],"picked":"Corpse Explosion","floor":23.0},{"not_picked":["Deadly Poison","Blade Dance","Caltrops"],"picked":"SKIP","floor":24.0},{"not_picked":["Bullet Time","Grand Finale","Envenom"],"picked":"SKIP","floor":25.0},{"not_picked":["Malaise","Die Die Die"],"picked":"Burst","floor":27.0},{"not_picked":["Bullet Time","After Image","Die Die Die"],"picked":"SKIP","floor":29.0},{"not_picked":["Venomology","Unload","Doppelganger"],"picked":"SKIP","floor":30.0},{"not_picked":["Infinite Blades","PiercingWail","Underhanded Strike"],"picked":"SKIP","floor":35.0},{"not_picked":["Expertise","Prepared+1"],"picked":"Bouncing Flask","floor":36.0},{"not_picked":["Heel Hook","Skewer","Bane"],"picked":"SKIP","floor":39.0},{"not_picked":["Doppelganger","Glass Knife","A Thousand Cuts"],"picked":"SKIP","floor":41.0},{"not_picked":["Wraith Form v2","Unload"],"picked":"Adrenaline","floor":44},{"not_picked":["Venomology","A Thousand Cuts","After Image"],"picked":"SKIP","floor":45},{"not_picked":["Corpse Explosion","Doppelganger","Venomology"],"picked":"SKIP","floor":47}],"player_experience":1935308,"relics_obtained":[{"floor":5.0,"key":"Lantern"},{"floor":7.0,"key":"Tough Bandages"},{"floor":9.0,"key":"Dream Catcher"},{"floor":10.0,"key":"Ice Cream"},{"floor":12.0,"key":"Ornamental Fan"},{"floor":14.0,"key":"War Paint"},{"floor":22.0,"key":"Ninja Scroll"},{"floor":23.0,"key":"Nunchaku"},{"floor":23.0,"key":"Torii"},{"floor":25.0,"key":"Pear"},{"floor":25.0,"key":"Art of War"},{"floor":26.0,"key":"Happy Flower"},{"floor":27.0,"key":"WingedGreaves"},{"floor":27.0,"key":"Ancient Tea Set"},{"floor":29.0,"key":"Du-Vu Doll"},{"floor":29.0,"key":"Dead Branch"},{"floor":30.0,"key":"Meat on the Bone"},{"floor":30.0,"key":"Turnip"},{"floor":38.0,"key":"Thread and Needle"},{"floor":41.0,"key":"Bag of Preparation"},{"floor":41.0,"key":"Regal Pillow"},{"floor":43.0,"key":"Blue Candle"},{"floor":44,"key":"Kunai"},{"floor":44,"key":"Paper Crane"},{"floor":45,"key":"Omamori"},{"floor":45,"key":"Mango"},{"floor":47,"key":"Question Card"},{"floor":47,"key":"The Courier"}],"event_choices":[{"damage_healed":0.0,"max_hp_gain":0.0,"max_hp_loss":0.0,"gold_gain":0.0,"event_name":"Golden Idol","player_choice":"Take Damage","floor":2.0,"gold_loss":0.0,"damage_taken":23.0,"relics_obtained":["Golden Idol"]},{"damage_healed":0.0,"max_hp_gain":0.0,"max_hp_loss":0.0,"gold_gain":0.0,"event_name":"Beggar","player_choice":"Ignored","floor":19.0,"gold_loss":0.0,"damage_taken":0.0},{"damage_healed":0.0,"max_hp_gain":0.0,"max_hp_loss":0.0,"gold_gain":0.0,"event_name":"The Mausoleum","player_choice":"Opened","floor":20.0,"gold_loss":0.0,"damage_taken":0.0,"relics_obtained":["Strawberry"],"cards_obtained":["Writhe"]},{"damage_healed":0.0,"max_hp_gain":0.0,"max_hp_loss":0.0,"gold_gain":0.0,"event_name":"Mysterious Sphere","player_choice":"Fight","floor":38.0,"gold_loss":0.0,"damage_taken":0.0},{"damage_healed":0,"gold_gain":333,"player_choice":"Gave Idol","damage_taken":0,"max_hp_gain":0,"max_hp_loss":0,"event_name":"The Moai Head","floor":46,"relics_lost":["Golden Idol"],"gold_loss":0}],"is_beta":false,"boss_relics":[{"not_picked":["Astrolabe","Busted Crown"],"picked":"Black Star"},{"not_picked":["Coffee Dripper","Fusion Hammer"],"picked":"Philosopher\u0027s Stone"}],"items_purged_floors":[21],"is_endless":false,"potions_floor_spawned":[1,3,10,13,18,24,27,30,33,35,41],"ascension_level":20}