{"gold_per_floor":[112,132,148,148,168,193,193,212,291,306,150,160,174,184,184,281,281,301,313,333,42,57,57,76,76],"floor_reached":25,"playtime":3969,"items_purged":[],"score":213,"play_id":"08edfa96-191b-4943-ae8a-4b69725d82b8","local_time":"20190506220115","is_ascension_mode":false,"campfire_choices":[{"data":"Battle Trance","floor":15,"key":"SMITH"},{"floor":23,"key":"REST"}],"neow_cost":"NONE","seed_source_timestamp":20823676413065,"circlet_count":0,"master_deck":["Strike_R","Strike_R","Strike_R","Strike_R","Strike_R","Defend_R","Defend_R","Defend_R","Defend_R","Bash+1","Battle Trance+1","Warcry","Carnage","Clothesline+1","Clash","Pommel Strike","Flame Barrier","Headbutt","Shrug It Off","Headbutt","Demon Form","Pommel Strike","Shrug It Off","Warcry","Clothesline+1","Intimidate+1","Whirlwind+1"],"relics":["Burning Blood","Shuriken","Matryoshka","Anchor","White Beast Statue","Molten Egg 2"],"potions_floor_usage":[5,5,6,8,10,13,18,19,20,22,24,25],"damage_taken":[{"damage":0,"enemies":"Small Slimes","floor":1,"turns":3},{"damage":2,"enemies":"Jaw Worm","floor":2,"turns":6},{"damage":6,"enemies":"Cultist","floor":3,"turns":3},{"damage":21,"enemies":"Gremlin Gang","floor":5,"turns":4},{"damage":20,"enemies":"Gremlin Nob","floor":6,"turns":4},{"damage":4,"enemies":"Exordium Thugs","floor":8,"turns":4},{"damage":10,"enemies":"Exordium Wildlife","floor":10,"turns":4},{"damage":0,"enemies":"3 Louse","floor":12,"turns":3},{"damage":0,"enemies":"Exordium Thugs","floor":13,"turns":3},{"damage":5,"enemies":"Large Slime","floor":14,"turns":6},{"damage":26,"enemies":"Slime Boss","floor":16,"turns":9},{"damage":30,"enemies":"Spheric Guardian","floor":18,"turns":4},{"damage":5,"enemies":"2 Thieves","floor":19,"turns":4},{"damage":18,"enemies":"Snake Plant","floor":20,"turns":7},{"damage":31,"enemies":"3 Cultists","floor":22,"turns":6},{"damage":10,"enemies":"Shelled Parasite and Fungi","floor":24,"turns":14},{"damage":22,"enemies":"Slavers","floor":25,"turns":4}],"seed_played":"7137311055141181455","potions_obtained":[{"floor":0,"key":"Strength Potion"},{"floor":0,"key":"Poison Potion"},{"floor":0,"key":"SkillPotion"},{"floor":6,"key":"AttackPotion"},{"floor":8,"key":"Dexterity Potion"},{"floor":12,"key":"SteroidPotion"},{"floor":16,"key":"Explosive Potion"},{"floor":18,"key":"PowerPotion"},{"floor":19,"key":"SkillPotion"},{"floor":20,"key":"Energy Potion"},{"floor":22,"key":"Dexterity Potion"},{"floor":24,"key":"SpeedPotion"}],"is_trial":false,"path_per_floor":["M","M","M","?","M","E","?","M","T","M","$","M","M","M","R","B",null,"M","M","M","$","M","R","M","E"],"character_chosen":"IRONCLAD","items_purchased":["Anchor","Molten Egg 2","Clothesline+1"],"campfire_rested":1,"item_purchase_floors":[11,21,21],"current_hp_per_floor":[80,80,80,80,65,51,51,53,53,49,49,55,61,62,62,42,80,56,57,45,45,20,44,40,18],"gold":76,"neow_bonus":"THREE_SMALL_POTIONS","is_prod":false,"is_daily":false,"chose_seed":false,"campfire_upgraded":1,"win_rate":0.0,"timestamp":1557147675,"path_taken":["M","M","M","?","M","E","?","M","T","M","$","M","M","?","R","BOSS","M","M","M","$","?","R","M","E"],"build_version":"2019-01-23","purchased_purges":0,"victory":false,"max_hp_per_floor":[80,80,80,80,80,80,80,80,80,80,80,80,80,80,80,80,80,80,80,80,80,80,80,80,80],"card_choices":[{"not_picked":["Dropkick","Pummel"],"picked":"Battle Trance","floor":1},{"not_picked":["Anger","Reckless Charge"],"picked":"Warcry","floor":2},{"not_picked":["Clash","Pummel"],"picked":"Carnage","floor":3},{"not_picked":["Shrug It Off","Intimidate"],"picked":"Clothesline","floor":5},{"not_picked":["Feel No Pain","Thunderclap"],"picked":"Clash","floor":6},{"not_picked":["Dropkick","Sword Boomerang"],"picked":"Pommel Strike","floor":8},{"not_picked":["Fire Breathing","Armaments"],"picked":"Flame Barrier","floor":10},{"not_picked":["Limit Break","Feel No Pain"],"picked":"Headbutt","floor":12},{"not_picked":["Power Through","Clash"],"picked":"Shrug It Off","floor":13},{"not_picked":["Flame Barrier","Heavy Blade"],"picked":"Headbutt","floor":14},{"not_picked":["Reaper","Impervious"],"picked":"Demon Form","floor":16},{"not_picked":["Body Slam","Spot Weakness"],"picked":"Pommel Strike","floor":18},{"not_picked":["Cleave","Infernal Blade"],"picked":"Shrug It Off","floor":19},{"not_picked":["Cleave","Sword Boomerang"],"picked":"Warcry","floor":20},{"not_picked":["Dropkick+1","Hemokinesis+1"],"picked":"Intimidate+1","floor":22},{"not_picked":["Rampage+1","Battle Trance"],"picked":"Whirlwind+1","floor":24}],"player_experience":19556,"relics_obtained":[{"floor":6,"key":"Shuriken"},{"floor":9,"key":"Matryoshka"}],"event_choices":[{"damage_healed":0,"gold_gain":0,"player_choice":"Grow","damage_taken":0,"max_hp_gain":0,"max_hp_loss":0,"event_name":"Living Wall","floor":4,"gold_loss":0,"cards_upgraded":["Bash"]},{"damage_healed":0,"gold_gain":0,"player_choice":"Upgraded","damage_taken":0,"max_hp_gain":0,"max_hp_loss":0,"event_name":"Upgrade Shrine","floor":7,"gold_loss":0,"cards_upgraded":["Clothesline"]}],"is_beta":false,"boss_relics":[{"not_picked":["Lizard Tail","Coffee Dripper"],"picked":"White Beast Statue"}],"items_purged_floors":[],"is_endless":false,"potions_floor_spawned":[6,8,12,16,18,19,20,22,24],"killed_by":"Slavers","ascension_level":0}