{"gold_per_floor":[112,131,206,101,101,132,144,144,222,247,39,67,77,90,90,164,164,175,175,65,85,96,96,115,115,140,150,39,39,39,69,69,140,140,159,159,159,171,271,271,301,317,342,118,135,135,135,151,151,151,151,151,151,1,29,29],"floor_reached":57,"playtime":3291,"items_purged":["Shame","Strike_B","Defend_B","Zap"],"score":2725,"play_id":"bbbdd156-4b75-4b38-907e-a40ecca39d4d","local_time":"20181214224016","is_ascension_mode":true,"campfire_choices":[{"floor":8.0,"key":"REST"},{"data":"Defragment","floor":15.0,"key":"SMITH"},{"floor":23.0,"key":"REST"},{"floor":25.0,"key":"REST"},{"data":"Coolheaded","floor":30.0,"key":"SMITH"},{"data":"Dualcast","floor":32.0,"key":"SMITH"},{"data":"Recycle","floor":40.0,"key":"SMITH"},{"floor":49.0,"key":"RECALL"},{"data":"Reprogram","floor":53.0,"key":"SMITH"}],"neow_cost":"CURSE","seed_source_timestamp":848720320124,"circlet_count":0,"master_deck":["AscendersBane","Defend_B","Defend_B","Dualcast+1","FTL","White Noise","Conserve Battery","BootSequence","Cold Snap+1","Self Repair","Ball Lightning+1","Go for the Eyes+1","Gash+1","Defragment+1","All For One+1","Sunder+1","Compile Driver+1","Beam Cell+1","Gash+1","Skim","Coolheaded+1","Reinforced Body","Fission","Gash+1","Gash+1","Skim","Turbo","Recycle+1","Hologram+1","Flash of Steel+1","Panache","Trip","Reprogram+1","Steam+1","Echo Form","Good Instincts","Hologram+1","Go for the Eyes+1","Undo"],"special_seed":0,"relics":["Cracked Core","Turnip","Lantern","Molten Egg 2","Unceasing Top","Kunai","Empty Cage","Ancient Tea Set","Centennial Puzzle","Orrery","Ice Cream","Strawberry","Blood Vial"],"potions_floor_usage":[56],"damage_taken":[{"damage":5.0,"enemies":"Small Slimes","floor":1.0,"turns":5.0},{"damage":6.0,"enemies":"Cultist","floor":2.0,"turns":3.0},{"damage":30.0,"enemies":"Gremlin Nob","floor":6.0,"turns":4.0},{"damage":6.0,"enemies":"2 Louse","floor":7.0,"turns":3.0},{"damage":14.0,"enemies":"Lagavulin","floor":10.0,"turns":6.0},{"damage":2.0,"enemies":"Gremlin Nob","floor":12.0,"turns":3.0},{"damage":7.0,"enemies":"Blue Slaver","floor":13.0,"turns":3.0},{"damage":0.0,"enemies":"Exordium Wildlife","floor":14.0,"turns":6.0},{"damage":19.0,"enemies":"Slime Boss","floor":16.0,"turns":8.0},{"damage":6.0,"enemies":"3 Byrds","floor":18.0,"turns":4.0},{"damage":21.0,"enemies":"Colosseum Slavers","floor":19.0,"turns":4.0},{"damage":25.0,"enemies":"2 Thieves","floor":21.0,"turns":4.0},{"damage":10.0,"enemies":"Centurion and Healer","floor":22.0,"turns":9.0},{"damage":31.0,"enemies":"Snake Plant","floor":24.0,"turns":6.0},{"damage":5.0,"enemies":"Chosen and Byrds","floor":27.0,"turns":4.0},{"damage":4.0,"enemies":"Gremlin Leader","floor":31.0,"turns":5.0},{"damage":5.0,"enemies":"Collector","floor":33.0,"turns":10.0},{"damage":10.0,"enemies":"Orb Walker","floor":35.0,"turns":3.0},{"damage":0.0,"enemies":"3 Shapes","floor":38.0,"turns":1.0},{"damage":7.0,"enemies":"Mind Bloom Boss Battle","floor":39.0,"turns":4.0},{"damage":11.0,"enemies":"Nemesis","floor":41.0,"turns":7.0},{"damage":0.0,"enemies":"Maw","floor":42.0,"turns":5.0},{"damage":0.0,"enemies":"Jaw Worm Horde","floor":45.0,"turns":2.0},{"damage":0.0,"enemies":"4 Shapes","floor":48.0,"turns":5.0},{"damage":5.0,"enemies":"Donu and Deca","floor":50.0,"turns":5.0},{"damage":28.0,"enemies":"Awakened One","floor":51.0,"turns":8.0},{"damage":18.0,"enemies":"Shield and Spear","floor":55.0,"turns":5.0},{"damage":68,"enemies":"The Heart","floor":56,"turns":8}],"seed_played":"5564375306936560864","potions_obtained":[{"floor":1.0,"key":"EssenceOfSteel"},{"floor":6.0,"key":"PowerPotion"},{"floor":10.0,"key":"Ancient Potion"},{"floor":16.0,"key":"Block Potion"},{"floor":21.0,"key":"Strength Potion"},{"floor":22.0,"key":"Ancient Potion"},{"floor":31.0,"key":"EssenceOfSteel"},{"floor":35.0,"key":"Energy Potion"},{"floor":45.0,"key":"Block Potion"}],"is_trial":false,"path_per_floor":["M","M","?","$","?","E","M","R","T","E","$","E","M","M","R","B",null,"M","?","?","M","M","R","M","R","T","M","$","$","R","E","R","B",null,"M","?","?","M","?","R","E","M","T","$","M","$","?","M","R","B","B",null,"R","$","E","B",null],"character_chosen":"DEFECT","items_purchased":["Conserve Battery","Ball Lightning+1","FocusPotion","Skim","Coolheaded","Good Instincts"],"campfire_rested":3,"item_purchase_floors":[4,11,11,28,28,44],"current_hp_per_floor":[59,53,42,42,42,12,6,27,27,13,13,18,18,25,25,13,57,51,37,37,19,16,37,13,34,34,36,36,36,36,39,39,41,64,54,54,44,44,44,44,47,54,54,54,54,54,54,61,61,70,49,71,71,71,67,1],"gold":29,"neow_bonus":"ONE_RARE_RELIC","is_prod":false,"is_daily":false,"chose_seed":false,"campfire_upgraded":5,"win_rate":0,"timestamp":1544798416,"path_taken":["M","M","?","$","?","E","M","R","T","E","$","E","M","M","R","BOSS","M","?","?","?","M","R","M","R","T","M","?","$","R","E","R","BOSS","M","?","?","M","?","R","E","M","T","?","?","$","?","?","R","BOSS","BOSS","R","$","E","BOSS"],"build_version":"2018-12-13","purchased_purges":4,"victory":true,"max_hp_per_floor":[71,71,71,71,71,71,71,71,71,71,71,71,71,71,71,71,71,71,71,71,71,71,71,71,71,71,71,71,71,71,71,71,71,71,71,71,71,71,71,71,78,78,78,78,78,78,78,78,78,78,78,78,78,78,78,78],"card_choices":[{"not_picked":["Compile Driver","Heatsinks"],"picked":"FTL","floor":1.0},{"not_picked":["Scrape","Rebound"],"picked":"White Noise","floor":2.0},{"not_picked":["Sweeping Beam","Rebound"],"picked":"BootSequence","floor":6.0},{"not_picked":["Compile Driver","Force Field"],"picked":"Cold Snap","floor":7.0},{"not_picked":["Conserve Battery","Rebound+1"],"picked":"Self Repair","floor":10.0},{"not_picked":["Consume","Chill"],"picked":"Go for the Eyes+1","floor":12.0},{"not_picked":["Scrape+1","Steam"],"picked":"Gash+1","floor":13.0},{"not_picked":["Turbo","Go for the Eyes+1"],"picked":"Defragment","floor":14.0},{"not_picked":["Biased Cognition","Core Surge+1"],"picked":"All For One+1","floor":16.0},{"not_picked":["Chaos","Stack"],"picked":"Sunder+1","floor":18.0},{"not_picked":["Conserve Battery","Blizzard+1","Sweeping Beam+1"],"picked":"SKIP","floor":21.0},{"not_picked":["Ball Lightning+1","Cold Snap+1","Compile Driver+1"],"picked":"SKIP","floor":22.0},{"not_picked":["Ball Lightning+1","Cold Snap+1"],"picked":"Compile Driver+1","floor":22.0},{"not_picked":["Force Field","Tempest"],"picked":"Beam Cell+1","floor":24.0},{"not_picked":["All For One+1","Beam Cell+1"],"picked":"Gash+1","floor":27.0},{"not_picked":["Rainbow","Beam Cell+1"],"picked":"Reinforced Body","floor":31.0},{"not_picked":["Reboot","Creative AI"],"picked":"Fission","floor":33.0},{"not_picked":["Barrage+1","White Noise"],"picked":"Gash+1","floor":34.0},{"not_picked":["Go for the Eyes+1","Sweeping Beam+1"],"picked":"Gash+1","floor":34.0},{"not_picked":["Auto Shields+1","Beam Cell+1"],"picked":"Skim","floor":34.0},{"not_picked":["Melter+1","Reinforced Body"],"picked":"Turbo","floor":34.0},{"not_picked":["Ball Lightning+1","Coolheaded"],"picked":"Recycle","floor":34.0},{"not_picked":["Coolheaded","Reboot"],"picked":"Hologram","floor":35.0},{"not_picked":["Purity","Sadistic Nature"],"picked":"Flash of Steel+1","floor":37.0},{"not_picked":["Swift Strike+1","Forethought"],"picked":"Panache","floor":37.0},{"not_picked":["Magnetism","Purity"],"picked":"Trip","floor":37.0},{"not_picked":["Compile Driver+1","Redo"],"picked":"Reprogram","floor":38.0},{"not_picked":["Rebound+1","Coolheaded"],"picked":"Steam+1","floor":39.0},{"not_picked":["Turbo","Stack+1","Barrage+1"],"picked":"SKIP","floor":41.0},{"not_picked":["Steam+1","Conserve Battery"],"picked":"Echo Form","floor":42.0},{"not_picked":["Tempest","Coolheaded+1"],"picked":"Hologram+1","floor":45.0},{"not_picked":["Conserve Battery","Consume"],"picked":"Go for the Eyes+1","floor":48.0},{"not_picked":["Hello World","Loop"],"picked":"Undo","floor":55.0}],"player_experience":2392231,"relics_obtained":[{"floor":6.0,"key":"Lantern"},{"floor":9.0,"key":"Molten Egg 2"},{"floor":10.0,"key":"Unceasing Top"},{"floor":12.0,"key":"Kunai"},{"floor":26.0,"key":"Ancient Tea Set"},{"floor":31.0,"key":"Centennial Puzzle"},{"floor":39.0,"key":"Ice Cream"},{"floor":41.0,"key":"Strawberry"},{"floor":55.0,"key":"Blood Vial"}],"event_choices":[{"damage_healed":0.0,"max_hp_gain":0.0,"max_hp_loss":0.0,"gold_gain":75.0,"event_name":"World of Goop","player_choice":"Gather Gold","floor":3.0,"gold_loss":0.0,"damage_taken":11.0},{"damage_healed":0.0,"max_hp_gain":0.0,"max_hp_loss":0.0,"gold_gain":0.0,"event_name":"Liars Game","player_choice":"Ignored","floor":5.0,"gold_loss":0.0,"damage_taken":0.0},{"damage_healed":0.0,"max_hp_gain":0.0,"max_hp_loss":0.0,"gold_gain":0.0,"event_name":"Colosseum","player_choice":"Fight","floor":19.0,"gold_loss":0.0,"damage_taken":0.0},{"damage_healed":0.0,"max_hp_gain":0.0,"max_hp_loss":0.0,"gold_gain":0.0,"event_name":"Colosseum","player_choice":"Fled From Nobs","floor":19.0,"gold_loss":0.0,"damage_taken":0.0},{"cards_removed":["Strike_B"],"damage_healed":0.0,"max_hp_gain":0.0,"max_hp_loss":0.0,"gold_gain":0.0,"event_name":"Designer","player_choice":"Upgrade and Remove","floor":20.0,"gold_loss":110.0,"damage_taken":0.0,"cards_upgraded":["Cold Snap"]},{"cards_removed":["Defend_B"],"damage_healed":0.0,"max_hp_gain":0.0,"max_hp_loss":0.0,"gold_gain":0.0,"event_name":"Falling","player_choice":"Removed Skill","floor":36.0,"gold_loss":0.0,"damage_taken":0.0},{"damage_healed":0.0,"max_hp_gain":0.0,"max_hp_loss":0.0,"gold_gain":0.0,"event_name":"SensoryStone","player_choice":"Memory 3","floor":37.0,"gold_loss":0.0,"damage_taken":10.0},{"damage_healed":0.0,"max_hp_gain":0.0,"max_hp_loss":0.0,"gold_gain":0.0,"event_name":"MindBloom","player_choice":"Fight","floor":39.0,"gold_loss":0.0,"damage_taken":0.0},{"damage_healed":0.0,"max_hp_gain":0.0,"max_hp_loss":0.0,"gold_gain":0.0,"event_name":"Upgrade Shrine","player_choice":"Upgraded","floor":47.0,"gold_loss":0.0,"damage_taken":0.0,"cards_upgraded":["Hologram"]}],"is_beta":false,"boss_relics":[{"not_picked":["Velvet Choker","Nuclear Battery"],"picked":"Empty Cage"},{"not_picked":["Pandora\u0027s Box","Lizard Tail"],"picked":"Orrery"}],"items_purged_floors":[4,11,44,54],"is_endless":false,"potions_floor_spawned":[1,6,10,16,21,22,31,35,41,45,48],"ascension_level":20}