{"gold_per_floor":[110,122,136,155,167,167,196,64,64,99,115,115,115,142,142,216,216,229,55,67,84,99,126,126,146,146,181,181,181,181,194,194,271,271,289,300,350,4,16,16,49,49,128,144,32,32,43,53,53,53],"floor_reached":50,"playtime":2591,"items_purged":["Injury","Defend_R"],"score":1048,"play_id":"7d9b636d-1289-4211-bde4-39c3159baee6","local_time":"20190102213741","is_ascension_mode":true,"campfire_choices":[{"data":"Immolate","floor":6.0,"key":"SMITH"},{"data":"Inflame","floor":12.0,"key":"SMITH"},{"floor":15.0,"key":"REST"},{"floor":24.0,"key":"REST"},{"floor":29,"key":"REST"},{"data":"Metallicize","floor":32,"key":"SMITH"},{"floor":40,"key":"RECALL"},{"floor":42,"key":"REST"},{"floor":46,"key":"REST"},{"floor":49,"key":"REST"}],"neow_cost":"CURSE","seed_source_timestamp":0,"circlet_count":0,"master_deck":["AscendersBane","Defend_R","Defend_R","Bash","Immolate+1","Twin Strike","Disarm","Shrug It Off","Inflame+1","Metallicize+1","Shrug It Off","Infernal Blade+1","Headbutt","Armaments+1","Double Tap+1","Flex+1","Immolate","True Grit+1","Shockwave+1","Shrug It Off+1","Feel No Pain","Second Wind+1","Bite","Bite","Bite","Bite","Bite","Ghostly Armor+1","Shrug It Off+1","Immolate","Shockwave+1","Secret Weapon+1","Parasite","Infernal Blade+1","Metallicize","Shrug It Off+1"],"special_seed":0,"relics":["Burning Blood","Pear","Dead Branch","Toxic Egg 2","Odd Mushroom","Mark of Pain","Torii","Shuriken","Bottled Flame","Fusion Hammer","Anchor","Darkstone Periapt","The Courier"],"potions_floor_usage":[44,50,50],"damage_taken":[{"damage":7.0,"enemies":"Cultist","floor":1.0,"turns":4.0},{"damage":15.0,"enemies":"2 Louse","floor":2.0,"turns":3.0},{"damage":0.0,"enemies":"Small Slimes","floor":3.0,"turns":2.0},{"damage":17.0,"enemies":"Gremlin Gang","floor":4.0,"turns":5.0},{"damage":7.0,"enemies":"Looter","floor":5.0,"turns":3.0},{"damage":24.0,"enemies":"3 Sentries","floor":7.0,"turns":6.0},{"damage":27.0,"enemies":"Gremlin Nob","floor":10.0,"turns":5.0},{"damage":0.0,"enemies":"Lots of Slimes","floor":11.0,"turns":1.0},{"damage":2.0,"enemies":"The Mushroom Lair","floor":14.0,"turns":3.0},{"damage":2.0,"enemies":"The Guardian","floor":16.0,"turns":13.0},{"damage":4.0,"enemies":"3 Byrds","floor":18.0,"turns":2.0},{"damage":21.0,"enemies":"Chosen","floor":20.0,"turns":5.0},{"damage":26.0,"enemies":"Snecko","floor":21.0,"turns":5.0},{"damage":12.0,"enemies":"Snake Plant","floor":22.0,"turns":3.0},{"damage":35.0,"enemies":"Book of Stabbing","floor":23.0,"turns":6.0},{"damage":16.0,"enemies":"Cultist and Chosen","floor":25.0,"turns":4.0},{"damage":7.0,"enemies":"Slavers","floor":27.0,"turns":3.0},{"damage":7,"enemies":"Shelled Parasite and Fungi","floor":31,"turns":8},{"damage":59,"enemies":"Collector","floor":33,"turns":12},{"damage":1,"enemies":"3 Darklings","floor":35,"turns":3},{"damage":7,"enemies":"Orb Walker","floor":36,"turns":3},{"damage":1,"enemies":"Writhing Mass","floor":39,"turns":4},{"damage":11,"enemies":"Reptomancer","floor":41,"turns":5},{"damage":45,"enemies":"Spire Growth","floor":44,"turns":5},{"damage":12,"enemies":"Jaw Worm Horde","floor":47,"turns":2},{"damage":6,"enemies":"Maw","floor":48,"turns":7},{"damage":86,"enemies":"Time Eater","floor":50,"turns":11}],"seed_played":"6572555174143371654","potions_obtained":[{"floor":2.0,"key":"PowerPotion"},{"floor":10.0,"key":"Poison Potion"},{"floor":18.0,"key":"SteroidPotion"},{"floor":21.0,"key":"Fire Potion"},{"floor":23.0,"key":"SteroidPotion"},{"floor":41,"key":"SkillPotion"},{"floor":44,"key":"AttackPotion"}],"is_trial":false,"path_per_floor":["M","M","M","M","M","R","E","$","T","E","M","R","?","?","R","B",null,"M","$","M","M","M","E","R","M","T","E","E","?","R","?","M","R","B",null,"M","M","?","$","M","R","E","R","T","M","$","R","M","M","R","B"],"character_chosen":"IRONCLAD","items_purchased":["Shrug It Off","Immolate","Secret Weapon+1","Anchor","Metallicize"],"campfire_rested":6,"item_purchase_floors":[8,19,38,38,45],"current_hp_per_floor":[67,58,64,53,52,52,44,44,44,23,29,29,22,26,51,55,78,80,80,65,45,39,10,35,25,25,24,24,41,41,58,58,22,50,59,59,54,54,59,59,56,59,59,26,26,43,37,49,59,0],"gold":53,"neow_bonus":"THREE_RARE_CARDS","is_prod":false,"is_daily":false,"chose_seed":false,"campfire_upgraded":3,"win_rate":0,"timestamp":1546461461,"path_taken":["M","M","M","M","M","R","E","$","T","E","M","R","?","?","R","BOSS","M","$","M","M","M","E","R","M","T","E","?","R","?","M","R","BOSS","M","?","?","$","M","R","E","R","T","M","$","R","M","?","R","BOSS"],"build_version":"2018-12-20","purchased_purges":2,"victory":false,"max_hp_per_floor":[75,75,75,75,75,75,85,85,85,85,85,85,85,85,85,85,85,85,85,85,85,85,85,85,85,85,85,59,59,59,59,59,59,59,59,59,59,59,59,59,59,59,59,59,59,59,59,59,59,59],"card_choices":[{"not_picked":["Double Tap","Demon Form"],"picked":"Immolate","floor":0.0},{"not_picked":["Rampage","True Grit"],"picked":"Twin Strike","floor":1.0},{"not_picked":["Combust","Evolve"],"picked":"Disarm","floor":2.0},{"not_picked":["Whirlwind","Intimidate"],"picked":"Shrug It Off","floor":3.0},{"not_picked":["Body Slam","Havoc","Iron Wave"],"picked":"SKIP","floor":4.0},{"not_picked":["Feel No Pain","Pummel"],"picked":"Inflame","floor":5.0},{"not_picked":["Sword Boomerang","Limit Break"],"picked":"Metallicize","floor":7.0},{"not_picked":["Juggernaut","Pummel"],"picked":"Infernal Blade","floor":10.0},{"not_picked":["Flex+1","Twin Strike"],"picked":"Headbutt","floor":11.0},{"not_picked":["Wild Strike","Sword Boomerang"],"picked":"Armaments+1","floor":14.0},{"not_picked":["Immolate","Exhume+1"],"picked":"Double Tap+1","floor":16.0},{"not_picked":["Bloodletting+1","Body Slam+1"],"picked":"Flex+1","floor":18.0},{"not_picked":["Sword Boomerang","Searing Blow+1","Wild Strike+1"],"picked":"SKIP","floor":20.0},{"not_picked":["Perfected Strike","Clothesline"],"picked":"True Grit+1","floor":21.0},{"not_picked":["Twin Strike+1","Limit Break+1"],"picked":"Shockwave+1","floor":22.0},{"not_picked":["Dual Wield+1","Entrench+1"],"picked":"Shrug It Off+1","floor":23.0},{"not_picked":["Thunderclap","Clash"],"picked":"Feel No Pain","floor":25.0},{"not_picked":["Clash","Evolve"],"picked":"Second Wind+1","floor":27},{"not_picked":["Heavy Blade","Anger"],"picked":"Shrug It Off+1","floor":31},{"not_picked":["Brutality","Berserk"],"picked":"Immolate","floor":33},{"not_picked":["Iron Wave","Reckless Charge+1","Perfected Strike+1"],"picked":"SKIP","floor":35},{"not_picked":["Anger","Fire Breathing"],"picked":"Shockwave+1","floor":36},{"not_picked":["Inflame","Perfected Strike"],"picked":"Infernal Blade+1","floor":39},{"not_picked":["Sword Boomerang","Perfected Strike","Rupture"],"picked":"SKIP","floor":41},{"not_picked":["Thunderclap","Second Wind+1","Iron Wave"],"picked":"SKIP","floor":44},{"not_picked":["Body Slam","Dropkick"],"picked":"Shrug It Off+1","floor":47},{"not_picked":["Thunderclap","Havoc+1","Clash"],"picked":"SKIP","floor":48}],"player_experience":394890,"relics_obtained":[{"floor":7.0,"key":"Pear"},{"floor":9.0,"key":"Dead Branch"},{"floor":10.0,"key":"Toxic Egg 2"},{"floor":14.0,"key":"Odd Mushroom"},{"floor":23.0,"key":"Torii"},{"floor":26.0,"key":"Shuriken"},{"floor":27,"key":"Bottled Flame"},{"floor":41,"key":"Darkstone Periapt"},{"floor":43,"key":"The Courier"}],"event_choices":[{"cards_removed":["Strike_R"],"damage_healed":0.0,"max_hp_gain":0.0,"max_hp_loss":0.0,"gold_gain":0.0,"event_name":"Golden Wing","player_choice":"Card Removal","floor":13.0,"gold_loss":0.0,"damage_taken":7.0},{"damage_healed":0.0,"max_hp_gain":0.0,"max_hp_loss":0.0,"gold_gain":0.0,"event_name":"Mushrooms","player_choice":"Fought Mushrooms","floor":14.0,"gold_loss":0.0,"damage_taken":0.0},{"damage_healed":0,"gold_gain":0,"player_choice":"Became a vampire","damage_taken":0,"max_hp_gain":0,"max_hp_loss":26,"event_name":"Vampires","floor":28,"gold_loss":0,"cards_obtained":["Bite","Bite","Bite","Bite","Bite"]},{"damage_healed":0,"gold_gain":0,"cards_transformed":["Defend_R"],"player_choice":"Transformed","damage_taken":0,"max_hp_gain":0,"max_hp_loss":0,"event_name":"Transmorgrifier","floor":30,"gold_loss":0,"cards_obtained":["Ghostly Armor"]},{"damage_healed":0,"gold_gain":50,"player_choice":"Touch","damage_taken":5,"max_hp_gain":0,"max_hp_loss":0,"event_name":"FaceTrader","floor":37,"gold_loss":0}],"is_beta":false,"boss_relics":[{"not_picked":["Runic Pyramid","Runic Cube"],"picked":"Mark of Pain"},{"not_picked":["Calling Bell","Black Blood"],"picked":"Fusion Hammer"}],"items_purged_floors":[8,45],"is_endless":false,"potions_floor_spawned":[2,10,11,18,21,23,27,33,41,44],"killed_by":"Time Eater","ascension_level":17}