{"gold_per_floor":[109,109,109,29,44,44,80,80,106,130,165,183,183,208,208,208],"floor_reached":16,"playtime":418,"items_purged":[],"score":263,"play_id":"4f6a09ba-752d-4532-9231-03d9c57f1ded","local_time":"20190505202524","is_ascension_mode":true,"campfire_choices":[{"data":"Spot Weakness","floor":6,"key":"SMITH"},{"data":"Heavy Blade","floor":8,"key":"SMITH"},{"data":"Bash","floor":13,"key":"SMITH"},{"floor":15,"key":"REST"}],"neow_cost":"NONE","seed_source_timestamp":799614538776300,"circlet_count":0,"master_deck":["AscendersBane","Strike_R","Strike_R","Strike_R","Strike_R","Defend_R","Defend_R","Defend_R","Defend_R","Bash+1","Spot Weakness+1","Carnage","Heavy Blade+1","Shrug It Off","Shrug It Off","Headbutt","Double Tap"],"relics":["Burning Blood","NeowsBlessing","Golden Idol","Potion Belt","Singing Bowl"],"potions_floor_usage":[11,11,12,16],"damage_taken":[{"damage":0,"enemies":"Jaw Worm","floor":1,"turns":1},{"damage":0,"enemies":"2 Louse","floor":5,"turns":1},{"damage":0,"enemies":"Gremlin Nob","floor":7,"turns":1},{"damage":6,"enemies":"Cultist","floor":10,"turns":3},{"damage":24,"enemies":"Lagavulin","floor":11,"turns":7},{"damage":18,"enemies":"Lots of Slimes","floor":12,"turns":5},{"damage":8,"enemies":"Blue Slaver","floor":14,"turns":2},{"damage":54,"enemies":"The Guardian","floor":16,"turns":6}],"seed_played":"5214775937729811037","potions_obtained":[{"floor":1,"key":"LiquidBronze"},{"floor":5,"key":"SpeedPotion"},{"floor":7,"key":"AttackPotion"},{"floor":12,"key":"Ancient Potion"},{"floor":14,"key":"PowerPotion"}],"is_trial":false,"path_per_floor":["M","?","?","$","M","R","E","R","T","M","E","M","R","M","R","B"],"character_chosen":"IRONCLAD","items_purchased":["Carnage"],"campfire_rested":1,"item_purchase_floors":[4],"current_hp_per_floor":[74,48,48,48,54,54,60,60,60,60,44,32,32,30,53,0],"gold":208,"neow_bonus":"THREE_ENEMY_KILL","is_prod":false,"is_daily":false,"chose_seed":false,"campfire_upgraded":3,"win_rate":0,"timestamp":1557077124,"path_taken":["M","?","?","$","M","R","E","R","T","M","E","M","R","M","R","BOSS"],"build_version":"2019-01-23","purchased_purges":0,"victory":false,"max_hp_per_floor":[75,75,75,75,75,75,75,75,75,75,77,77,77,77,77,77],"card_choices":[{"not_picked":["Armaments","Headbutt"],"picked":"Spot Weakness","floor":1},{"not_picked":["Sword Boomerang","Rage"],"picked":"Heavy Blade","floor":5},{"not_picked":["Clothesline","True Grit"],"picked":"Shrug It Off","floor":7},{"not_picked":["Wild Strike","Body Slam"],"picked":"Shrug It Off","floor":10},{"not_picked":["Clash","Flex","Sever Soul"],"picked":"Singing Bowl","floor":11},{"not_picked":["Thunderclap","Body Slam"],"picked":"Headbutt","floor":12},{"not_picked":["Shrug It Off","Carnage"],"picked":"Double Tap","floor":14}],"player_experience":376296,"relics_obtained":[{"floor":7,"key":"Potion Belt"},{"floor":11,"key":"Singing Bowl"}],"event_choices":[{"damage_healed":0,"gold_gain":0,"player_choice":"Take Damage","damage_taken":26,"relics_obtained":["Golden Idol"],"max_hp_gain":0,"max_hp_loss":0,"event_name":"Golden Idol","floor":2,"gold_loss":0},{"cards_removed":["Strike_R"],"damage_healed":0,"gold_gain":0,"player_choice":"Offered Basic","damage_taken":0,"max_hp_gain":0,"max_hp_loss":0,"event_name":"Bonfire Elementals","floor":3,"gold_loss":0}],"is_beta":false,"boss_relics":[],"items_purged_floors":[],"is_endless":false,"potions_floor_spawned":[1,5,7,12,14],"killed_by":"The Guardian","ascension_level":19}