{"gold_per_floor":[112,112,287,57,57,57,83,83,83,101,118,130,147,158,158,158],"floor_reached":16,"playtime":505,"items_purged":["Doubt"],"score":153,"play_id":"5a4c65d3-a0f9-42bc-adea-3e29830f50be","local_time":"25611112004508","is_ascension_mode":true,"campfire_choices":[{"data":"Flame Barrier","floor":6,"key":"SMITH"},{"floor":8,"key":"REST"},{"floor":15,"key":"REST"}],"neow_cost":"PERCENT_DAMAGE","seed_source_timestamp":51215812620847,"circlet_count":0,"master_deck":["AscendersBane","Strike_R","Strike_R+1","Strike_R","Strike_R","Defend_R","Defend_R","Defend_R","Defend_R","Bash+1","Reaper","Flame Barrier+1","Shockwave","Uppercut"],"relics":["Burning Blood","Whetstone","Omamori","Meat on the Bone"],"potions_floor_usage":[12,16,16],"damage_taken":[{"damage":10,"enemies":"Cultist","floor":1,"turns":5},{"damage":44,"enemies":"Lagavulin","floor":7,"turns":7},{"damage":10,"enemies":"Small Slimes","floor":10,"turns":5},{"damage":0,"enemies":"Jaw Worm","floor":11,"turns":3},{"damage":1,"enemies":"Red Slaver","floor":12,"turns":4},{"damage":19,"enemies":"Lots of Slimes","floor":13,"turns":4},{"damage":32,"enemies":"Large Slime","floor":14,"turns":12},{"damage":79,"enemies":"Slime Boss","floor":16,"turns":10}],"seed_played":"1831455383464743722","potions_obtained":[{"floor":1,"key":"GamblersBrew"},{"floor":11,"key":"SteroidPotion"},{"floor":12,"key":"BloodPotion"}],"is_trial":false,"path_per_floor":["M","?","?","$","?","R","E","R","T","M","M","M","M","M","R","B"],"character_chosen":"IRONCLAD","items_purchased":["Whetstone"],"campfire_rested":2,"item_purchase_floors":[4],"current_hp_per_floor":[51,51,51,51,51,51,13,37,37,49,55,60,59,49,73,12],"gold":158,"neow_bonus":"THREE_RARE_CARDS","is_prod":false,"is_daily":false,"chose_seed":false,"campfire_upgraded":1,"win_rate":0,"timestamp":1541958308,"path_taken":["M","?","?","$","?","R","E","R","T","?","M","M","?","M","R","BOSS"],"build_version":"2018-11-08","purchased_purges":1,"victory":false,"max_hp_per_floor":[80,80,80,80,80,80,80,80,80,80,80,80,80,80,80,80],"card_choices":[{"not_picked":["Brutality","Impervious"],"picked":"Reaper","floor":0},{"not_picked":["Hemokinesis","Iron Wave","Evolve"],"picked":"SKIP","floor":1},{"not_picked":["Thunderclap","Second Wind"],"picked":"Shockwave","floor":7},{"not_picked":["Blood for Blood","Rupture","Thunderclap"],"picked":"SKIP","floor":10},{"not_picked":["Dual Wield","Pommel Strike"],"picked":"Uppercut","floor":11},{"not_picked":["Pommel Strike","Havoc","Sentinel"],"picked":"SKIP","floor":12},{"not_picked":["Body Slam","Disarm","Shockwave"],"picked":"SKIP","floor":13},{"not_picked":["Pommel Strike","Corruption","Twin Strike"],"picked":"SKIP","floor":14}],"player_experience":109960,"relics_obtained":[{"floor":7,"key":"Omamori"},{"floor":9,"key":"Meat on the Bone"}],"event_choices":[{"damage_healed":0,"gold_gain":0,"player_choice":"Ignored","damage_taken":0,"max_hp_gain":0,"max_hp_loss":0,"event_name":"Golden Wing","floor":2,"gold_loss":0},{"damage_healed":0,"gold_gain":175,"player_choice":"AGREE","damage_taken":0,"max_hp_gain":0,"max_hp_loss":0,"event_name":"Liars Game","floor":3,"gold_loss":0,"cards_obtained":["Doubt"]},{"damage_healed":0,"gold_gain":0,"cards_transformed":["Strike_R"],"player_choice":"Transformed","damage_taken":0,"max_hp_gain":0,"max_hp_loss":0,"event_name":"Transmorgrifier","floor":5,"gold_loss":0,"cards_obtained":["Flame Barrier"]}],"is_beta":false,"boss_relics":[],"items_purged_floors":[4],"is_endless":false,"potions_floor_spawned":[1,11,12],"killed_by":"Slime Boss","ascension_level":10}