{"gold_per_floor":[118,118,118,83,83,83,108,108,108,60,135,135,60,70,70,149,149,162,62,94,104,124,153,153,26,51,51,85,100,100],"floor_reached":30,"playtime":839,"items_purged":["Strike_B"],"score":441,"play_id":"6ece7bf4-e06b-4643-a9e8-9cb0e6a31bed","local_time":"20181027193112","is_ascension_mode":true,"campfire_choices":[{"data":"Beam Cell","floor":6,"key":"SMITH"},{"data":"Zap","floor":8,"key":"SMITH"},{"data":"Dualcast","floor":12,"key":"SMITH"},{"data":"Streamline","floor":15,"key":"SMITH"},{"floor":24,"key":"REST"},{"floor":27,"key":"REST"}],"neow_cost":"NONE","seed_source_timestamp":42363647537515,"circlet_count":0,"master_deck":["Strike_B","Defend_B","Defend_B","Defend_B","Defend_B","Zap+1","Dualcast+1","AscendersBane","Leap","Beam Cell+1","Undo","Sweeping Beam","Streamline+1","Compile Driver","Tempest","All For One","Cold Snap","Gash","Go for the Eyes","Steam","Gash+1","Coolheaded","Hologram","Hologram","Hello World+1"],"relics":["Cracked Core","Symbiotic Virus","Odd Mushroom","Boot","Empty Cage","Red Mask","Juzu Bracelet","Art of War","Darkstone Periapt"],"potions_floor_usage":[20,22,23],"damage_taken":[{"damage":13,"enemies":"Jaw Worm","floor":1,"turns":5},{"damage":8,"enemies":"The Mushroom Lair","floor":7,"turns":5},{"damage":0,"enemies":"2 Louse","floor":14,"turns":3},{"damage":26,"enemies":"Hexaghost","floor":16,"turns":7},{"damage":2,"enemies":"Shell Parasite","floor":18,"turns":5},{"damage":17,"enemies":"Masked Bandits","floor":20,"turns":4},{"damage":0,"enemies":"Chosen","floor":21,"turns":4},{"damage":1,"enemies":"Snecko","floor":22,"turns":6},{"damage":32,"enemies":"Book of Stabbing","floor":23,"turns":4},{"damage":23,"enemies":"Slavers","floor":28,"turns":6},{"damage":0,"enemies":"Chosen and Byrds","floor":29,"turns":4},{"damage":26,"enemies":"Snake Plant","floor":30,"turns":4}],"seed_played":"-4042088236584131126","potions_obtained":[{"floor":14,"key":"Strength Potion"},{"floor":18,"key":"Poison Potion"},{"floor":21,"key":"Block Potion"},{"floor":23,"key":"FocusPotion"},{"floor":29,"key":"Strength Potion"}],"is_trial":false,"path_per_floor":["M","?","?","?","T","R","?","R","T","$","?","R","$","M","R","B",null,"M","$","?","M","M","E","R","$","T","R","E","M"],"character_chosen":"DEFECT","items_purchased":["Sweeping Beam","Streamline","Compile Driver","Gash","Go for the Eyes","Hologram"],"campfire_rested":2,"item_purchase_floors":[10,13,13,19,19,25],"current_hp_per_floor":[51,51,51,68,68,68,60,60,60,60,49,49,49,49,49,23,59,57,57,40,40,39,7,28,28,28,49,26,26,0],"gold":100,"neow_bonus":"THREE_CARDS","is_prod":false,"is_daily":false,"chose_seed":false,"campfire_upgraded":4,"win_rate":0,"timestamp":1540693872,"path_taken":["M","?","?","?","?","R","?","R","T","$","?","R","?","?","R","BOSS","M","$","?","M","?","E","R","?","T","R","E","M","M"],"build_version":"2018-10-25v2","purchased_purges":1,"victory":false,"max_hp_per_floor":[71,71,71,71,71,71,71,71,71,71,71,71,71,71,71,71,71,71,71,71,71,71,71,71,71,71,71,71,71,71],"card_choices":[{"not_picked":["Redo","Undo"],"picked":"Leap","floor":0},{"not_picked":["Stack","Hologram"],"picked":"Beam Cell","floor":1},{"not_picked":["Reprogram","Beam Cell"],"picked":"Undo","floor":7},{"not_picked":["Steam","Redo"],"picked":"Tempest","floor":14},{"not_picked":["Creative AI","Core Surge"],"picked":"All For One","floor":16},{"not_picked":["Aggregate","Recycle"],"picked":"Cold Snap","floor":18},{"not_picked":["Melter","Turbo"],"picked":"Steam","floor":20},{"not_picked":["Cold Snap","Storm","Ball Lightning"],"picked":"SKIP","floor":21},{"not_picked":["Defragment","Coolheaded+1"],"picked":"Gash+1","floor":22},{"not_picked":["Cold Snap","Auto Shields"],"picked":"Coolheaded","floor":23},{"not_picked":["Self Repair","Sweeping Beam"],"picked":"Hologram","floor":28},{"not_picked":["Rebound","BootSequence"],"picked":"Hello World+1","floor":29}],"player_experience":1497621,"relics_obtained":[{"floor":5,"key":"Symbiotic Virus"},{"floor":7,"key":"Odd Mushroom"},{"floor":9,"key":"Boot"},{"floor":20,"key":"Red Mask"},{"floor":23,"key":"Juzu Bracelet"},{"floor":26,"key":"Art of War"},{"floor":28,"key":"Darkstone Periapt"}],"event_choices":[{"damage_healed":0,"gold_gain":0,"player_choice":"Ignored","damage_taken":0,"max_hp_gain":0,"max_hp_loss":0,"event_name":"Liars Game","floor":2,"gold_loss":0},{"damage_healed":0,"gold_gain":0,"player_choice":"Ignored","damage_taken":0,"max_hp_gain":0,"max_hp_loss":0,"event_name":"Golden Wing","floor":3,"gold_loss":0},{"damage_healed":17,"gold_gain":0,"player_choice":"Healed","damage_taken":0,"max_hp_gain":0,"max_hp_loss":0,"event_name":"The Cleric","floor":4,"gold_loss":35},{"damage_healed":0,"gold_gain":0,"player_choice":"Fought Mushrooms","damage_taken":0,"max_hp_gain":0,"max_hp_loss":0,"event_name":"Mushrooms","floor":7,"gold_loss":0},{"damage_healed":0,"gold_gain":75,"player_choice":"Gather Gold","damage_taken":11,"max_hp_gain":0,"max_hp_loss":0,"event_name":"World of Goop","floor":11,"gold_loss":0},{"damage_healed":0,"gold_gain":0,"player_choice":"Fought Bandits","damage_taken":0,"max_hp_gain":0,"max_hp_loss":0,"event_name":"Masked Bandits","floor":20,"gold_loss":0}],"is_beta":false,"boss_relics":[{"not_picked":["Runic Dome","Coffee Dripper"],"picked":"Empty Cage"}],"items_purged_floors":[25],"is_endless":false,"potions_floor_spawned":[14,18,21,23,29],"killed_by":"Snake Plant","ascension_level":15}