{"gold_per_floor":[118,118,137,137,155,189,189,189,189,204,129,148,148,179,179,179],"floor_reached":16,"playtime":509,"items_purged":[],"score":193,"play_id":"523efe77-29b7-4b0b-8bed-def3f6beffab","local_time":"20181227203954","is_ascension_mode":true,"campfire_choices":[{"data":"Dagger Spray","floor":8.0,"key":"SMITH"},{"data":"Adrenaline","floor":13.0,"key":"SMITH"},{"data":"Footwork","floor":15,"key":"SMITH"}],"neow_cost":"NONE","seed_source_timestamp":44364245158044,"circlet_count":0,"master_deck":["AscendersBane","Defend_G","Defend_G","Defend_G","Defend_G","Defend_G","Strike_G","Strike_G","Strike_G","Strike_G","Survivor","Neutralize+1","Flying Knee","PiercingWail","Dagger Spray+1","Deflect","Deflect","Adrenaline+1","Footwork+1"],"special_seed":0,"relics":["Ring of the Snake","Pen Nib","Pantograph","Paper Crane","Strawberry"],"potions_floor_usage":[14,16],"damage_taken":[{"damage":0.0,"enemies":"Small Slimes","floor":1.0,"turns":3.0},{"damage":0.0,"enemies":"Jaw Worm","floor":3.0,"turns":4.0},{"damage":0.0,"enemies":"2 Louse","floor":5.0,"turns":3.0},{"damage":31.0,"enemies":"Lagavulin","floor":6.0,"turns":8.0},{"damage":0.0,"enemies":"Gremlin Gang","floor":10.0,"turns":1.0},{"damage":0.0,"enemies":"3 Louse","floor":12.0,"turns":2.0},{"damage":20,"enemies":"Gremlin Nob","floor":14,"turns":5},{"damage":59,"enemies":"Hexaghost","floor":16,"turns":16}],"seed_played":"2214143710247580939","potions_obtained":[{"floor":1.0,"key":"Regen Potion"},{"floor":5.0,"key":"AttackPotion"},{"floor":12.0,"key":"LiquidBronze"}],"is_trial":false,"path_per_floor":["M","?","M","?","M","E","$","R","T","M","?","M","R","E","R","B"],"character_chosen":"THE_SILENT","items_purchased":[],"campfire_rested":0,"item_purchase_floors":[],"current_hp_per_floor":[59,59,59,59,59,28,28,28,28,28,28,28,28,15,15,0],"gold":179,"neow_bonus":"RANDOM_COMMON_RELIC","is_prod":false,"is_daily":false,"chose_seed":false,"campfire_upgraded":3,"win_rate":0,"timestamp":1545971994,"path_taken":["M","?","M","?","M","E","?","R","T","?","?","M","R","E","R","BOSS"],"build_version":"2018-12-20","purchased_purges":0,"victory":false,"max_hp_per_floor":[66,66,66,66,66,66,66,66,66,66,66,66,66,73,73,73],"card_choices":[{"not_picked":["Endless Agony","Outmaneuver"],"picked":"Flying Knee","floor":1.0},{"not_picked":["Acrobatics","Slice"],"picked":"PiercingWail","floor":3.0},{"not_picked":["Quick Slash","Dagger Throw"],"picked":"Dagger Spray","floor":5.0},{"not_picked":["Underhanded Strike","Dagger Spray"],"picked":"Deflect","floor":6.0},{"not_picked":["Bane","Flying Knee"],"picked":"Deflect","floor":10.0},{"not_picked":["Blade Dance","Outmaneuver"],"picked":"Adrenaline","floor":12.0},{"not_picked":["Crippling Poison","Slice"],"picked":"Footwork","floor":14}],"player_experience":1897426,"relics_obtained":[{"floor":6.0,"key":"Pantograph"},{"floor":9.0,"key":"Paper Crane"},{"floor":14,"key":"Strawberry"}],"event_choices":[{"damage_healed":0.0,"max_hp_gain":0.0,"max_hp_loss":0.0,"gold_gain":0.0,"event_name":"Living Wall","player_choice":"Grow","floor":2.0,"gold_loss":0.0,"damage_taken":0.0,"cards_upgraded":["Neutralize"]},{"damage_healed":0.0,"max_hp_gain":0.0,"max_hp_loss":0.0,"gold_gain":0.0,"event_name":"Liars Game","player_choice":"Ignored","floor":4.0,"gold_loss":0.0,"damage_taken":0.0},{"cards_removed":["Strike_G"],"damage_healed":0.0,"max_hp_gain":0.0,"max_hp_loss":0.0,"gold_gain":0.0,"event_name":"The Cleric","player_choice":"Card Removal","floor":11.0,"gold_loss":75.0,"damage_taken":0.0}],"is_beta":false,"boss_relics":[],"items_purged_floors":[],"is_endless":false,"potions_floor_spawned":[1,5,12],"killed_by":"Hexaghost","ascension_level":15}