{"gold_per_floor":[114,133,145,145,156,156,182,210,210,210,241,15,41,56,56,127,127,144,170,116,133,152,178,212,241,241,273,273,198,228,239,239,311,311,323,323,223,242,253,285,171,201,224,224,259,275,293,318,318,318,318,318,318,18,52,52],"floor_reached":57,"playtime":2431,"items_purged":["Conserve Battery","Sweeping Beam"],"score":3921,"play_id":"16d8771d-a1e9-45b3-aad9-4cdee9bcf28e","local_time":"20190118133313","daily_mods":["SealedDeck","DeadlyEvents","Elite Swarm"],"is_ascension_mode":true,"campfire_choices":[{"data":"Defragment","floor":6.0,"key":"SMITH"},{"data":"Fission","floor":15.0,"key":"SMITH"},{"data":"Storm","floor":28.0,"key":"SMITH"},{"data":"Buffer","floor":32.0,"key":"SMITH"},{"data":"Heatsinks","floor":44,"key":"SMITH"},{"floor":49,"key":"RECALL"},{"data":"Heatsinks","floor":53,"key":"SMITH"}],"neow_cost":"","seed_source_timestamp":0,"circlet_count":0,"master_deck":["AscendersBane","Hologram","Storm+1","FTL","Leap","Go for the Eyes","Compile Driver","Cold Snap","Cold Snap","Defragment+1","Rainbow","Biased Cognition","Fission+1","Creative AI","Core Surge+1","Compile Driver+1","Buffer+1","Ball Lightning+1","White Noise+1","Seek+1","Electrodynamics","Rainbow+1","Seek+1","Heatsinks+1","Thunder Strike+1","Storm","Coolheaded+1","Biased Cognition","Machine Learning","Coolheaded+1","Heatsinks+1","Echo Form","Storm","Secret Technique+1","Fission+1"],"special_seed":0,"relics":["Cracked Core","Girya","Calipers","Toxic Egg 2","Art of War","Runic Capacitor","Molten Egg 2","Sozu","Orichalcum","Bag of Preparation","Turnip","Omamori","Pantograph","Mummified Hand","Regal Pillow","Runic Pyramid","StoneCalendar","Prayer Wheel","Lantern","Happy Flower","Letter Opener"],"potions_floor_usage":[56,56],"damage_taken":[{"damage":4.0,"enemies":"Jaw Worm","floor":1.0,"turns":2.0},{"damage":0.0,"enemies":"Cultist","floor":2.0,"turns":3.0},{"damage":0.0,"enemies":"Small Slimes","floor":3.0,"turns":3.0},{"damage":2.0,"enemies":"Red Slaver","floor":5.0,"turns":3.0},{"damage":0.0,"enemies":"Gremlin Nob","floor":7.0,"turns":3.0},{"damage":0.0,"enemies":"Lagavulin","floor":8.0,"turns":4.0},{"damage":0.0,"enemies":"Gremlin Nob","floor":11.0,"turns":3.0},{"damage":13.0,"enemies":"3 Sentries","floor":13.0,"turns":4.0},{"damage":0.0,"enemies":"Exordium Wildlife","floor":14.0,"turns":3.0},{"damage":0.0,"enemies":"Slime Boss","floor":16.0,"turns":3.0},{"damage":0.0,"enemies":"2 Thieves","floor":18.0,"turns":3.0},{"damage":4.0,"enemies":"Shell Parasite","floor":21.0,"turns":3.0},{"damage":0.0,"enemies":"3 Cultists","floor":22.0,"turns":3.0},{"damage":0.0,"enemies":"Gremlin Leader","floor":23.0,"turns":3.0},{"damage":0.0,"enemies":"Book of Stabbing","floor":24.0,"turns":3.0},{"damage":11.0,"enemies":"Slavers","floor":25.0,"turns":2.0},{"damage":7.0,"enemies":"Book of Stabbing","floor":27.0,"turns":4.0},{"damage":15.0,"enemies":"Slavers","floor":30.0,"turns":2.0},{"damage":0.0,"enemies":"Chosen and Byrds","floor":31.0,"turns":2.0},{"damage":0.0,"enemies":"Automaton","floor":33.0,"turns":4.0},{"damage":0,"enemies":"3 Shapes","floor":35,"turns":1},{"damage":0,"enemies":"3 Darklings","floor":38,"turns":1},{"damage":0,"enemies":"Jaw Worm Horde","floor":39,"turns":1},{"damage":0,"enemies":"Reptomancer","floor":40,"turns":2},{"damage":0,"enemies":"Giant Head","floor":42,"turns":2},{"damage":0,"enemies":"Reptomancer","floor":45,"turns":1},{"damage":0,"enemies":"Sphere and 2 Shapes","floor":46,"turns":1},{"damage":11,"enemies":"3 Darklings","floor":47,"turns":3},{"damage":0,"enemies":"Nemesis","floor":48,"turns":3},{"damage":0,"enemies":"Donu and Deca","floor":50,"turns":1},{"damage":0,"enemies":"Awakened One","floor":51,"turns":3},{"damage":0,"enemies":"Shield and Spear","floor":55,"turns":1},{"damage":38,"enemies":"The Heart","floor":56,"turns":5}],"seed_played":"6425352903800691392","potions_obtained":[{"floor":1.0,"key":"SteroidPotion"},{"floor":3.0,"key":"FocusPotion"},{"floor":14.0,"key":"PowerPotion"}],"is_trial":true,"path_per_floor":["M","M","M","?","M","R","E","E","T","?","E","$","E","M","R","B",null,"M","T","$","M","M","E","E","E","T","E","R","$","E","M","R","B",null,"M","?","$","M","M","E","$","E","T","R","E","M","M","E","R","B","B",null,"R","$","E","B",null],"character_chosen":"DEFECT","items_purchased":["Runic Capacitor","Ball Lightning+1","Storm","Coolheaded+1","Storm","Secret Technique+1"],"campfire_rested":0,"item_purchase_floors":[12,20,41,41,54,54],"current_hp_per_floor":[60,60,60,60,58,58,58,58,58,58,58,58,45,45,45,45,65,65,65,65,61,61,61,61,50,50,43,43,43,28,28,28,53,67,67,67,67,67,67,67,67,67,67,67,67,67,56,56,56,71,71,71,71,71,71,33],"gold":52,"neow_bonus":"","is_prod":false,"is_daily":false,"chose_seed":false,"campfire_upgraded":6,"win_rate":0,"timestamp":1547847193,"path_taken":["M","M","M","?","M","R","E","?","T","?","E","$","E","M","R","BOSS","M","?","$","M","?","E","?","E","T","E","R","$","E","M","R","BOSS","M","?","$","M","M","E","?","E","T","R","E","M","M","E","R","BOSS","BOSS","R","$","E","BOSS"],"build_version":"2019-01-17v2","purchased_purges":2,"victory":true,"max_hp_per_floor":[71,71,71,71,71,71,71,71,71,71,71,71,71,71,71,71,71,71,71,71,71,71,71,71,71,71,71,71,71,71,71,71,71,71,71,71,71,71,71,71,71,71,71,71,71,71,71,71,71,71,71,71,71,71,71,71],"card_choices":[{"not_picked":["Fusion","Hologram","Cold Snap"],"picked":"SKIP","floor":1.0},{"not_picked":["Conserve Battery","Lockon"],"picked":"Defragment","floor":2.0},{"not_picked":["Leap","Conserve Battery","Hologram"],"picked":"SKIP","floor":3.0},{"not_picked":["Gash","Hyperbeam","Lockon"],"picked":"SKIP","floor":5.0},{"not_picked":["Electrodynamics","Buffer"],"picked":"Biased Cognition","floor":7.0},{"not_picked":["Rainbow","Hyperbeam"],"picked":"Fission","floor":8.0},{"not_picked":["Reboot+1","Echo Form"],"picked":"Creative AI","floor":11.0},{"not_picked":["Amplify+1","Machine Learning"],"picked":"Core Surge","floor":13.0},{"not_picked":["Conserve Battery+1","Blizzard+1"],"picked":"Compile Driver+1","floor":14.0},{"not_picked":["Rainbow+1","Amplify+1"],"picked":"Buffer","floor":16.0},{"not_picked":["Darkness+1","Sweeping Beam+1","Skim+1"],"picked":"SKIP","floor":18.0},{"not_picked":["Undo+1","Hello World"],"picked":"White Noise+1","floor":21.0},{"not_picked":["Scrape+1","Defragment","Skim+1"],"picked":"SKIP","floor":22.0},{"not_picked":["Meteor Strike+1","Rainbow+1"],"picked":"Seek+1","floor":23.0},{"not_picked":["Buffer","Hyperbeam+1"],"picked":"Electrodynamics","floor":24.0},{"not_picked":["Multi-Cast+1","Electrodynamics","Reboot+1"],"picked":"SKIP","floor":25.0},{"not_picked":["Meteor Strike+1","Reboot+1"],"picked":"Rainbow+1","floor":27.0},{"not_picked":["Reboot+1","Core Surge+1"],"picked":"Seek+1","floor":30.0},{"not_picked":["Lockon+1","Stack+1","Sunder+1"],"picked":"SKIP","floor":31.0},{"not_picked":["Cold Snap+1","Compile Driver+1"],"picked":"Heatsinks","floor":35},{"not_picked":["Sweeping Beam+1","Doom and Gloom+1","Barrage+1"],"picked":"SKIP","floor":38},{"not_picked":["Beam Cell+1","Gash+1","Rip and Tear+1"],"picked":"SKIP","floor":39},{"not_picked":["Electrodynamics","Seek+1"],"picked":"Thunder Strike+1","floor":40},{"not_picked":["Seek+1","Amplify+1"],"picked":"Biased Cognition","floor":42},{"not_picked":["Electrodynamics","Core Surge+1"],"picked":"Machine Learning","floor":45},{"not_picked":["Compile Driver+1","Streamline+1"],"picked":"Coolheaded+1","floor":46},{"not_picked":["BootSequence+1","Cold Snap+1","Streamline+1"],"picked":"SKIP","floor":46},{"not_picked":["Coolheaded+1","Steam+1"],"picked":"Heatsinks","floor":47},{"not_picked":["Steam+1","Cold Snap+1","Barrage+1"],"picked":"SKIP","floor":47},{"not_picked":["Electrodynamics","Multi-Cast+1"],"picked":"Echo Form","floor":48},{"not_picked":["Thunder Strike+1","Creative AI"],"picked":"Fission+1","floor":55}],"player_experience":2004991,"relics_obtained":[{"floor":7.0,"key":"Girya"},{"floor":8.0,"key":"Calipers"},{"floor":9.0,"key":"Toxic Egg 2"},{"floor":11.0,"key":"Art of War"},{"floor":13.0,"key":"Molten Egg 2"},{"floor":19.0,"key":"Orichalcum"},{"floor":23.0,"key":"Bag of Preparation"},{"floor":24.0,"key":"Turnip"},{"floor":25.0,"key":"Omamori"},{"floor":26.0,"key":"Pantograph"},{"floor":27.0,"key":"Mummified Hand"},{"floor":30.0,"key":"Regal Pillow"},{"floor":40,"key":"StoneCalendar"},{"floor":42,"key":"Prayer Wheel"},{"floor":45,"key":"Lantern"},{"floor":48,"key":"Happy Flower"},{"floor":55,"key":"Letter Opener"}],"event_choices":[{"damage_healed":0.0,"max_hp_gain":0.0,"max_hp_loss":0.0,"gold_gain":0.0,"event_name":"Match and Keep!","player_choice":"1 cards matched","floor":4.0,"gold_loss":0.0,"damage_taken":0.0,"cards_obtained":["Rainbow"]},{"damage_healed":0.0,"max_hp_gain":0.0,"max_hp_loss":0.0,"gold_gain":0.0,"event_name":"Transmorgrifier","player_choice":"Ignored","floor":10.0,"gold_loss":0.0,"damage_taken":0.0},{"damage_healed":0,"gold_gain":0,"player_choice":"Memory 1","damage_taken":0,"max_hp_gain":0,"max_hp_loss":0,"event_name":"SensoryStone","floor":36,"gold_loss":0}],"is_beta":false,"boss_relics":[{"not_picked":["Snecko Eye","Astrolabe"],"picked":"Sozu"},{"not_picked":["Orrery","Runic Dome"],"picked":"Runic Pyramid"}],"items_purged_floors":[29,37],"is_endless":false,"potions_floor_spawned":[1,3,14,18,24,25,30,31,39,42,47,48],"ascension_level":20}