{"gold_per_floor":[117,129,129,148,167,167,167,182,263,263,276,295,295,312,312,416,466,483,433,447,463,378,378,404,404],"floor_reached":25,"playtime":2050,"items_purged":[],"score":217,"play_id":"a308660e-4c5f-42cb-a855-48e204484e32","local_time":"20181008210106","is_ascension_mode":false,"campfire_choices":[{"data":"Noxious Fumes","floor":6,"key":"SMITH"},{"data":"Bouncing Flask","floor":10,"key":"SMITH"},{"data":"Poisoned Stab","floor":13,"key":"SMITH"},{"floor":15,"key":"REST"},{"floor":23,"key":"REST"}],"neow_cost":"NONE","seed_source_timestamp":621328552072614,"circlet_count":0,"master_deck":["Defend_G","Defend_G","Defend_G","Defend_G","Strike_G","Strike_G","Strike_G","Survivor+1","Neutralize","Prepared","Noxious Fumes+1","Flying Knee","Bouncing Flask+1","Deadly Poison","Poisoned Stab+1","Deadly Poison","Blade Dance","A Thousand Cuts","Backflip","Backflip+1","Blade Dance+1"],"relics":["Empty Cage","Bottled Flame","Tiny House","Thread and Needle","Regal Pillow"],"potions_floor_usage":[5,16,16,16,16,21,21,25],"damage_taken":[{"damage":0,"enemies":"Jaw Worm","floor":1,"turns":5},{"damage":7,"enemies":"Cultist","floor":2,"turns":5},{"damage":0,"enemies":"Small Slimes","floor":4,"turns":4},{"damage":24,"enemies":"Exordium Thugs","floor":5,"turns":7},{"damage":22,"enemies":"Gremlin Gang","floor":8,"turns":4},{"damage":0,"enemies":"2 Fungi Beasts","floor":11,"turns":4},{"damage":11,"enemies":"Blue Slaver","floor":12,"turns":3},{"damage":10,"enemies":"Looter","floor":14,"turns":2},{"damage":25,"enemies":"The Guardian","floor":16,"turns":7},{"damage":16,"enemies":"Chosen","floor":18,"turns":4},{"damage":22,"enemies":"Shell Parasite","floor":20,"turns":5},{"damage":4,"enemies":"Snake Plant","floor":21,"turns":4},{"damage":53,"enemies":"Gremlin Leader","floor":24,"turns":6},{"damage":4,"enemies":"Chosen and Byrds","floor":25,"turns":4}],"seed_played":"6402371706632380258","potions_obtained":[{"floor":4,"key":"Regen Potion"},{"floor":5,"key":"GamblersBrew"},{"floor":11,"key":"EntropicBrew"},{"floor":14,"key":"PowerPotion"},{"floor":16,"key":"EssenceOfSteel"},{"floor":17,"key":"Dexterity Potion"},{"floor":20,"key":"SpeedPotion"}],"is_trial":false,"path_per_floor":["M","M","$","M","M","R","?","M","T","R","M","M","R","M","R","B",null,"M","?","M","M","?","R","E"],"character_chosen":"THE_SILENT","items_purchased":[],"campfire_rested":2,"item_purchase_floors":[],"current_hp_per_floor":[70,63,63,63,54,54,54,32,32,32,32,21,21,11,32,7,75,59,59,37,33,33,55,2,0],"gold":404,"neow_bonus":"BOSS_RELIC","is_prod":false,"is_daily":false,"chose_seed":false,"campfire_upgraded":3,"win_rate":0.0,"timestamp":1539046866,"path_taken":["M","M","$","M","M","R","?","M","T","R","M","M","R","?","R","BOSS","M","?","M","M","?","R","E","M"],"build_version":"2018-09-27","purchased_purges":0,"victory":false,"max_hp_per_floor":[70,70,70,70,70,70,70,70,70,70,70,70,70,70,70,70,75,75,75,75,75,75,75,75,75],"card_choices":[{"not_picked":["Bane","Acrobatics"],"picked":"Prepared","floor":1},{"not_picked":["Escape Plan","Deadly Poison"],"picked":"Noxious Fumes","floor":2},{"not_picked":["Slice","Predator"],"picked":"Flying Knee","floor":4},{"not_picked":["Quick Slash","Blur"],"picked":"Bouncing Flask","floor":5},{"not_picked":["Backstab","Caltrops"],"picked":"Deadly Poison","floor":8},{"not_picked":["Dagger Spray","Deadly Poison"],"picked":"Poisoned Stab","floor":11},{"not_picked":["Flechettes","Malaise"],"picked":"Deadly Poison","floor":12},{"not_picked":["Outmaneuver","Quick Slash"],"picked":"Blade Dance","floor":14},{"not_picked":["Wraith Form v2","Corpse Explosion"],"picked":"A Thousand Cuts","floor":16},{"not_picked":["Tactician","Escape Plan"],"picked":"Backflip","floor":17},{"not_picked":["Slice","Dagger Throw"],"picked":"Backflip+1","floor":18},{"not_picked":["Deflect","Underhanded Strike","Masterful Stab"],"picked":"SKIP","floor":20},{"not_picked":["Acrobatics+1","Distraction"],"picked":"Blade Dance+1","floor":21},{"not_picked":["Backstab","Outmaneuver+1","PiercingWail"],"picked":"SKIP","floor":24}],"player_experience":28096,"relics_obtained":[{"floor":9,"key":"Bottled Flame"},{"floor":24,"key":"Regal Pillow"}],"event_choices":[{"event_name":"Purifier","player_choice":"One Purge","floor":7,"damage_taken":0},{"event_name":"The Joust","player_choice":"Bet on Murderer","floor":19,"damage_taken":0},{"event_name":"Addict","player_choice":"Obtained Relic","floor":22,"damage_taken":0}],"is_beta":false,"boss_relics":[{"not_picked":["Eternal Feather","Coffee Dripper"],"picked":"Tiny House"}],"items_purged_floors":[],"is_endless":false,"potions_floor_spawned":[4,5,11,14,16,20],"killed_by":"Chosen and Byrds","ascension_level":0}