{"gold_per_floor":[110,155,169,95,112,112,141,141,141,141,175,155,189,189,189,267,267,281,292,292,239,251,281,281,293,320,345,345,364,380,405,417,504,516,541,553,565,631,643,655,699,711,723,770,782,587,601,611,611,611,611],"floor_reached":52,"playtime":2624,"items_purged":["Shame"],"score":2093,"play_id":"e18a44be-6a11-4e31-916b-bd2f94b11a48","local_time":"20181026130548","daily_mods":["SealedDeck"],"is_ascension_mode":true,"campfire_choices":[{"data":"Terror","floor":6.0,"key":"SMITH"},{"data":"Sucker Punch","floor":8.0,"key":"SMITH"},{"data":"Cloak And Dagger","floor":10.0,"key":"SMITH"},{"data":"Cloak And Dagger","floor":15.0,"key":"SMITH"},{"floor":24.0,"key":"REST"},{"floor":32.0,"key":"REST"},{"data":"Accuracy","floor":40,"key":"SMITH"},{"floor":42,"key":"DIG"},{"floor":49,"key":"DIG"}],"neow_cost":"","seed_source_timestamp":0,"circlet_count":0,"master_deck":["AscendersBane","Deflect","Backflip","Slice","All Out Attack","Sucker Punch+1","Terror+1","Flying Knee","Dagger Throw","Cloak And Dagger+1","Deflect","Cloak And Dagger+1","Blur","After Image","Cloak And Dagger","Cloak And Dagger+1","Accuracy+1","Leg Sweep","Sucker Punch+1","Well Laid Plans+1","A Thousand Cuts+1"],"special_seed":0,"relics":["Ring of the Snake","Ancient Tea Set","Lantern","Bottled Flame","Regal Pillow","Anchor","Paper Crane","WristBlade","Prayer Wheel","Happy Flower","The Specimen","MawBank","Cursed Key","Shovel","Frozen Egg 2","Bottled Lightning","Mummified Hand","Kunai","Torii"],"potions_floor_usage":[50,50],"damage_taken":[{"damage":0.0,"enemies":"Cultist","floor":1.0,"turns":2.0},{"damage":0.0,"enemies":"2 Louse","floor":3.0,"turns":2.0},{"damage":0.0,"enemies":"Jaw Worm","floor":5.0,"turns":3.0},{"damage":2.0,"enemies":"Gremlin Nob","floor":7.0,"turns":3.0},{"damage":5.0,"enemies":"3 Sentries","floor":11.0,"turns":5.0},{"damage":0.0,"enemies":"Lagavulin","floor":13.0,"turns":3.0},{"damage":30.0,"enemies":"Slime Boss","floor":16.0,"turns":7.0},{"damage":7.0,"enemies":"Chosen","floor":18.0,"turns":4.0},{"damage":0.0,"enemies":"2 Thieves","floor":19.0,"turns":3.0},{"damage":2.0,"enemies":"3 Cultists","floor":22.0,"turns":4.0},{"damage":14.0,"enemies":"Gremlin Leader","floor":23.0,"turns":7.0},{"damage":0.0,"enemies":"Centurion and Healer","floor":25.0,"turns":4.0},{"damage":2.0,"enemies":"Slavers","floor":27.0,"turns":6.0},{"damage":3.0,"enemies":"Sentry and Sphere","floor":29.0,"turns":6.0},{"damage":0.0,"enemies":"3 Cultists","floor":30.0,"turns":5.0},{"damage":28.0,"enemies":"Book of Stabbing","floor":31.0,"turns":5.0},{"damage":13.0,"enemies":"Champ","floor":33.0,"turns":14.0},{"damage":0.0,"enemies":"3 Darklings","floor":35.0,"turns":5.0},{"damage":5.0,"enemies":"2 Orb Walkers","floor":38.0,"turns":5.0},{"damage":0,"enemies":"Giant Head","floor":41,"turns":6},{"damage":0,"enemies":"Nemesis","floor":44,"turns":5},{"damage":0,"enemies":"3 Shapes","floor":47,"turns":7},{"damage":0,"enemies":"Maw","floor":48,"turns":5},{"damage":44,"enemies":"Time Eater","floor":50,"turns":15},{"damage":9,"enemies":"Donu and Deca","floor":51,"turns":14}],"seed_played":"724544809467255653","potions_obtained":[{"floor":1.0,"key":"Energy Potion"},{"floor":7.0,"key":"Poison Potion"},{"floor":11.0,"key":"Fire Potion"},{"floor":23.0,"key":"SpeedPotion"},{"floor":27.0,"key":"Swift Potion"},{"floor":30.0,"key":"Dexterity Potion"},{"floor":38.0,"key":"Poison Potion"}],"is_trial":true,"path_per_floor":["M","T","M","$","M","R","E","R","T","R","E","?","E","?","R","B",null,"M","M","?","$","M","E","R","M","T","E","?","M","M","E","R","B",null,"M","$","?","?","?","R","E","R","T","E","?","$","M","M","R","B","B"],"character_chosen":"THE_SILENT","items_purchased":["Blur","Explosive Potion","SpeedPotion","Well Laid Plans+1"],"campfire_rested":2,"item_purchase_floors":[4,21,46,46],"current_hp_per_floor":[59,59,59,59,59,59,57,57,57,57,52,52,52,41,41,11,52,45,45,27,27,25,11,47,47,47,45,45,42,42,14,50,37,63,63,63,63,58,58,58,58,58,58,58,58,58,58,58,58,14,5],"gold":611,"neow_bonus":"","is_prod":false,"is_daily":false,"chose_seed":false,"campfire_upgraded":5,"win_rate":0,"timestamp":1540584348,"path_taken":["M","?","M","$","?","R","E","R","T","R","E","?","E","?","R","BOSS","M","M","?","$","M","E","R","M","T","E","?","M","M","E","R","BOSS","M","$","?","?","?","R","E","R","T","E","?","$","M","M","R","BOSS","BOSS"],"build_version":"2018-10-25v2","purchased_purges":1,"victory":true,"max_hp_per_floor":[66,66,66,66,66,66,66,66,66,66,66,66,66,66,66,66,66,66,66,71,71,71,71,71,71,71,71,71,71,71,71,71,71,71,71,71,67,67,67,67,67,67,67,67,67,67,67,67,67,67,67],"card_choices":[{"not_picked":["Flying Knee","Prepared"],"picked":"Cloak And Dagger","floor":1.0},{"not_picked":["Riddle With Holes","Quick Slash","PiercingWail"],"picked":"SKIP","floor":3.0},{"not_picked":["Sucker Punch","Blade Dance","Flying Knee"],"picked":"SKIP","floor":5.0},{"not_picked":["Escape Plan","Dash","Distraction"],"picked":"SKIP","floor":7.0},{"not_picked":["Sucker Punch","Flechettes","Prepared"],"picked":"SKIP","floor":11.0},{"not_picked":["Deadly Poison","Slice","Quick Slash"],"picked":"SKIP","floor":13.0},{"not_picked":["Burst","Phantasmal Killer"],"picked":"After Image","floor":16.0},{"not_picked":["Prepared+1","Poisoned Stab"],"picked":"Cloak And Dagger","floor":18.0},{"not_picked":["Dash","Bane","Sucker Punch"],"picked":"SKIP","floor":19.0},{"not_picked":["Choke+1","Bouncing Flask","Cloak And Dagger"],"picked":"SKIP","floor":22.0},{"not_picked":["Predator","Prepared","Setup"],"picked":"SKIP","floor":23.0},{"not_picked":["Phantasmal Killer","Acrobatics"],"picked":"Cloak And Dagger+1","floor":25.0},{"not_picked":["Backflip","Prepared","Dagger Throw"],"picked":"SKIP","floor":25.0},{"not_picked":["Grand Finale","Sucker Punch","Escape Plan"],"picked":"SKIP","floor":27.0},{"not_picked":["Deflect","Dagger Spray+1"],"picked":"Accuracy","floor":29.0},{"not_picked":["Slice","Dodge and Roll","Eviscerate"],"picked":"SKIP","floor":29.0},{"not_picked":["Deflect","Adrenaline"],"picked":"Leg Sweep","floor":30.0},{"not_picked":["Backflip","Expertise","All Out Attack"],"picked":"SKIP","floor":30.0},{"not_picked":["Masterful Stab+1","Underhanded Strike","Acrobatics"],"picked":"SKIP","floor":31.0},{"not_picked":["Slice","Flying Knee"],"picked":"Sucker Punch+1","floor":35.0},{"not_picked":["Dagger Throw","Dagger Spray","Bane"],"picked":"SKIP","floor":35.0},{"not_picked":["Cloak And Dagger","Dagger Throw","Outmaneuver"],"picked":"SKIP","floor":41},{"not_picked":["Acrobatics","Dash","Terror"],"picked":"SKIP","floor":44},{"not_picked":["Well Laid Plans+1","Choke"],"picked":"A Thousand Cuts+1","floor":47},{"not_picked":["Cloak And Dagger+1","Sucker Punch","Blade Dance"],"picked":"SKIP","floor":47},{"not_picked":["Escape Plan","Blade Dance+1","Slice+1"],"picked":"SKIP","floor":48},{"not_picked":["Tactician+1","Choke","Skewer+1"],"picked":"SKIP","floor":48}],"player_experience":1480653,"relics_obtained":[{"floor":2.0,"key":"Ancient Tea Set"},{"floor":7.0,"key":"Lantern"},{"floor":9.0,"key":"Bottled Flame"},{"floor":11.0,"key":"Regal Pillow"},{"floor":13.0,"key":"Anchor"},{"floor":23.0,"key":"Prayer Wheel"},{"floor":26.0,"key":"Happy Flower"},{"floor":27.0,"key":"The Specimen"},{"floor":31.0,"key":"MawBank"},{"floor":38.0,"key":"Shovel"},{"floor":41,"key":"Frozen Egg 2"},{"floor":42,"key":"Bottled Lightning"},{"floor":43,"key":"Mummified Hand"},{"floor":44,"key":"Kunai"},{"floor":49,"key":"Torii"}],"event_choices":[{"damage_healed":0.0,"max_hp_gain":0.0,"max_hp_loss":0.0,"gold_gain":0.0,"event_name":"The Woman in Blue","player_choice":"Bought 1 Potion","floor":12.0,"gold_loss":0.0,"damage_taken":0.0},{"damage_healed":0.0,"max_hp_gain":0.0,"max_hp_loss":0.0,"gold_gain":0.0,"event_name":"Scrap Ooze","player_choice":"Success","floor":14.0,"gold_loss":0.0,"damage_taken":11.0,"relics_obtained":["Paper Crane"]},{"damage_healed":0.0,"max_hp_gain":5.0,"max_hp_loss":0.0,"gold_gain":0.0,"event_name":"Forgotten Altar","player_choice":"Shed Blood","floor":20.0,"gold_loss":0.0,"damage_taken":23.0},{"damage_healed":0.0,"max_hp_gain":0.0,"max_hp_loss":0.0,"gold_gain":0.0,"event_name":"Vampires","player_choice":"Ignored","floor":28.0,"gold_loss":0.0,"damage_taken":0.0},{"damage_healed":0.0,"max_hp_gain":0.0,"max_hp_loss":4.0,"gold_gain":0.0,"event_name":"Winding Halls","player_choice":"Max HP","floor":37.0,"gold_loss":0.0,"damage_taken":0.0},{"damage_healed":0.0,"max_hp_gain":0.0,"max_hp_loss":0.0,"gold_gain":0.0,"event_name":"Mysterious Sphere","player_choice":"Fight","floor":38.0,"gold_loss":0.0,"damage_taken":0.0},{"damage_healed":0.0,"max_hp_gain":0.0,"max_hp_loss":0.0,"gold_gain":0.0,"event_name":"SensoryStone","player_choice":"Memory 1","floor":39.0,"gold_loss":0.0,"damage_taken":0.0},{"damage_healed":0,"gold_gain":0,"player_choice":"Ignored","damage_taken":0,"max_hp_gain":0,"max_hp_loss":0,"event_name":"Tomb of Lord Red Mask","floor":45,"gold_loss":0}],"is_beta":false,"boss_relics":[{"not_picked":["Astrolabe","Lizard Tail"],"picked":"WristBlade"},{"not_picked":["Pandora\u0027s Box","Tiny House"],"picked":"Cursed Key"}],"items_purged_floors":[46],"is_endless":false,"potions_floor_spawned":[1,7,11,23,27,30,31,38,44],"ascension_level":20}