{"gold_per_floor":[210,220,74,89,103,103,28,91,91,91,124,124,135,168,168,246,246,261,186,186,196,208,208,540,540,540,540],"floor_reached":27,"playtime":842,"items_purged":["Strike_B"],"score":422,"play_id":"241e6022-b8ee-48ee-8ec6-9cdfc6abe18e","local_time":"20181006200804","is_ascension_mode":true,"campfire_choices":[{"data":"Sunder","floor":6.0,"key":"SMITH"},{"data":"Beam Cell","floor":10.0,"key":"SMITH"},{"data":"Zap","floor":12.0,"key":"SMITH"},{"floor":15.0,"key":"REST"},{"data":"Go for the Eyes","floor":23.0,"key":"SMITH"},{"floor":25.0,"key":"REST"}],"neow_cost":"NONE","seed_source_timestamp":44310747233179,"circlet_count":0,"master_deck":["Strike_B","Strike_B","Defend_B","Defend_B","Defend_B","Defend_B","Zap+1","Dualcast","AscendersBane","Sunder+1","Conserve Battery","Beam Cell+1","Defragment","Seek","Hologram","Core Surge","Go for the Eyes+1","Steam","Self Repair+1"],"special_seed":0,"relics":["FrozenCore","Orichalcum","Sundial","Omamori","Unceasing Top","Vajra","Old Coin","Dead Branch"],"potions_floor_usage":[],"damage_taken":[{"damage":0.0,"enemies":"Cultist","floor":1.0,"turns":3.0},{"damage":0.0,"enemies":"2 Louse","floor":2.0,"turns":2.0},{"damage":0.0,"enemies":"Small Slimes","floor":4.0,"turns":3.0},{"damage":7.0,"enemies":"Blue Slaver","floor":5.0,"turns":2.0},{"damage":12.0,"enemies":"Gremlin Nob","floor":8.0,"turns":4.0},{"damage":13.0,"enemies":"Lagavulin","floor":11.0,"turns":6.0},{"damage":5.0,"enemies":"Gremlin Gang","floor":13.0,"turns":4.0},{"damage":14.0,"enemies":"Gremlin Nob","floor":14.0,"turns":3.0},{"damage":24.0,"enemies":"Slime Boss","floor":16.0,"turns":6.0},{"damage":9.0,"enemies":"2 Thieves","floor":18.0,"turns":4.0},{"damage":0.0,"enemies":"Chosen","floor":21.0,"turns":4.0},{"damage":8.0,"enemies":"Shelled Parasite and Fungi","floor":22.0,"turns":9.0},{"damage":24.0,"enemies":"Book of Stabbing","floor":24.0,"turns":6.0},{"damage":36,"enemies":"Gremlin Leader","floor":27,"turns":3}],"seed_played":"-4543472413584252870","potions_obtained":[{"floor":1.0,"key":"Weak Potion"},{"floor":8.0,"key":"Dexterity Potion"},{"floor":8.0,"key":"FocusPotion"},{"floor":22.0,"key":"LiquidBronze"}],"is_trial":false,"path_per_floor":["M","M","$","M","M","R","$","?","T","R","E","R","M","E","R","B",null,"M","?","?","M","M","R","E","R","T"],"character_chosen":"DEFECT","items_purchased":["Orichalcum"],"campfire_rested":2,"item_purchase_floors":[3],"current_hp_per_floor":[64,64,64,64,57,57,57,45,45,45,32,32,27,13,34,10,56,47,47,47,47,39,39,15,36,36,0],"gold":540,"neow_bonus":"HUNDRED_GOLD","is_prod":false,"is_daily":false,"chose_seed":false,"campfire_upgraded":4,"win_rate":0,"timestamp":1538881684,"path_taken":["M","M","?","?","M","R","$","?","T","R","E","R","M","E","R","BOSS","M","?","?","M","M","R","E","R","T","E"],"build_version":"2018-10-04v2","purchased_purges":1,"victory":false,"max_hp_per_floor":[71,71,71,71,71,71,71,71,71,71,71,71,71,71,71,71,71,71,71,71,71,71,71,71,71,71,71],"card_choices":[{"not_picked":["Consume","Streamline"],"picked":"Sunder","floor":1.0},{"not_picked":["Heatsinks","Static Discharge"],"picked":"Conserve Battery","floor":2.0},{"not_picked":["Recycle","Compile Driver"],"picked":"Beam Cell","floor":4.0},{"not_picked":["Barrage","Turbo"],"picked":"Defragment","floor":5.0},{"not_picked":["Gash","Steam"],"picked":"Seek","floor":11.0},{"not_picked":["Rebound","Double Energy","Beam Cell"],"picked":"SKIP","floor":13.0},{"not_picked":["Turbo","Aggregate"],"picked":"Hologram","floor":14.0},{"not_picked":["Multi-Cast","Seek"],"picked":"Core Surge","floor":16.0},{"not_picked":["Tempest","Compile Driver","Turbo"],"picked":"SKIP","floor":18.0},{"not_picked":["Rebound","Reprogram"],"picked":"Go for the Eyes","floor":21.0},{"not_picked":["Tempest","Loop"],"picked":"Steam","floor":22.0},{"not_picked":["Compile Driver","Ball Lightning+1"],"picked":"Self Repair+1","floor":24.0}],"player_experience":1286926,"relics_obtained":[{"floor":9.0,"key":"Omamori"},{"floor":11.0,"key":"Unceasing Top"},{"floor":14.0,"key":"Vajra"},{"floor":24.0,"key":"Old Coin"},{"floor":26.0,"key":"Dead Branch"}],"event_choices":[{"event_name":"Dead Adventurer","player_choice":"Searched \u00272\u0027 times","floor":8.0,"damage_taken":0.0},{"event_name":"Beggar","player_choice":"Gave Gold","floor":19.0,"damage_taken":0.0},{"event_name":"Ghosts","player_choice":"Ignored","floor":20.0,"damage_taken":0.0}],"is_beta":false,"boss_relics":[{"not_picked":["Empty Cage","Velvet Choker"],"picked":"FrozenCore"}],"items_purged_floors":[7],"is_endless":false,"potions_floor_spawned":[1,8,8,22],"killed_by":"Gremlin Leader","ascension_level":15}