{"gold_per_floor":[111,111,186,196,159,159,170,120,120,133,133,58,85,47,47,149,149,166,381,397,397,416,416,335,347,373,373,150,169,184,199,199,199],"floor_reached":33,"playtime":2706,"items_purged":["Eviscerate"],"score":247,"play_id":"89a481d1-c230-4b7b-bb6a-34f847ff15d0","local_time":"20181008001620","is_ascension_mode":false,"campfire_choices":[{"floor":6,"key":"REST"},{"data":"Distraction","floor":11,"key":"SMITH"},{"floor":15,"key":"REST"},{"data":"Skewer","floor":23,"key":"SMITH"},{"floor":27,"key":"REST"},{"floor":32,"key":"REST"}],"neow_cost":"","seed_source_timestamp":1164956889026336,"circlet_count":0,"master_deck":["Defend_G","Defend_G","Defend_G","Defend_G","Defend_G","Strike_G","Strike_G","Strike_G","Strike_G","Survivor","Neutralize","Distraction+1","Dash","Skewer+1","Slice","Bouncing Flask","After Image","Blur","Deadly Poison","After Image","Flying Knee+1","Footwork","Deadly Poison","Transmutation","Quick Slash","Terror+1","Escape Plan"],"relics":["Ring of the Serpent","Anchor","Sundial","Oddly Smooth Stone","Old Coin","Snake Skull"],"potions_floor_usage":[16,31,33],"damage_taken":[{"damage":1,"enemies":"Jaw Worm","floor":1,"turns":7},{"damage":0,"enemies":"Small Slimes","floor":4,"turns":4},{"damage":0,"enemies":"2 Louse","floor":7,"turns":2},{"damage":2,"enemies":"Lots of Slimes","floor":10,"turns":7},{"damage":11,"enemies":"Gremlin Nob","floor":13,"turns":5},{"damage":15,"enemies":"Hexaghost","floor":16,"turns":11},{"damage":0,"enemies":"Chosen","floor":18,"turns":5},{"damage":8,"enemies":"Spheric Guardian","floor":20,"turns":9},{"damage":3,"enemies":"Snake Plant","floor":22,"turns":5},{"damage":6,"enemies":"Cultist and Chosen","floor":25,"turns":8},{"damage":20,"enemies":"Snecko","floor":29,"turns":5},{"damage":39,"enemies":"Sentry and Sphere","floor":30,"turns":8},{"damage":9,"enemies":"Chosen and Byrds","floor":31,"turns":9},{"damage":24,"enemies":"Champ","floor":33,"turns":10}],"seed_played":"-5154568422864416671","potions_obtained":[{"floor":1,"key":"Strength Potion"},{"floor":10,"key":"PowerPotion"},{"floor":20,"key":"Energy Potion"},{"floor":22,"key":"GhostInAJar"},{"floor":31,"key":"Poison Potion"}],"is_trial":false,"path_per_floor":["M","?","?","M","$","R","M","?","T","M","R","$","E","$","R","B",null,"M","?","M","?","M","R","$","M","T","R","$","M","M","M","R"],"character_chosen":"THE_SILENT","items_purchased":["Dash","Bouncing Flask","Footwork","Transmutation","Quick Slash"],"campfire_rested":4,"item_purchase_floors":[5,14,24,28,28],"current_hp_per_floor":[69,66,55,55,55,70,70,70,70,68,68,68,57,57,70,55,70,70,70,62,62,59,59,59,53,53,70,70,50,11,2,23,0],"gold":199,"neow_bonus":"","is_prod":false,"is_daily":false,"chose_seed":false,"campfire_upgraded":2,"win_rate":0.0,"timestamp":1538954180,"path_taken":["M","?","?","?","$","R","M","?","T","M","R","?","E","$","R","BOSS","M","?","M","?","?","R","$","M","T","R","?","?","M","M","R","BOSS"],"build_version":"2018-10-04v2","purchased_purges":1,"victory":false,"max_hp_per_floor":[70,70,70,70,70,70,70,70,70,70,70,70,70,70,70,70,70,70,70,70,70,70,70,70,70,70,70,70,70,70,70,70,70],"card_choices":[{"not_picked":["Reflex","Acrobatics"],"picked":"Eviscerate","floor":1},{"not_picked":["Dagger Throw","Deadly Poison"],"picked":"Distraction","floor":4},{"not_picked":["Underhanded Strike","Backflip","Outmaneuver"],"picked":"SKIP","floor":7},{"not_picked":["Blade Dance","Quick Slash"],"picked":"Skewer","floor":10},{"not_picked":["PiercingWail","Skewer"],"picked":"Slice","floor":13},{"not_picked":["Malaise","Burst"],"picked":"After Image","floor":16},{"not_picked":["Sucker Punch","Dagger Throw"],"picked":"Blur","floor":18},{"not_picked":["Backflip","All Out Attack+1"],"picked":"Deadly Poison","floor":20},{"not_picked":["Eviscerate","PiercingWail+1"],"picked":"Flying Knee+1","floor":22},{"not_picked":["Slice","Dash"],"picked":"Deadly Poison","floor":25},{"not_picked":["Underhanded Strike","Quick Slash+1"],"picked":"Terror+1","floor":29},{"not_picked":["Flying Knee+1","Well Laid Plans"],"picked":"Escape Plan","floor":30},{"not_picked":["Dodge and Roll+1","Backstab","Masterful Stab"],"picked":"SKIP","floor":31}],"player_experience":2900,"relics_obtained":[{"floor":9,"key":"Sundial"},{"floor":13,"key":"Oddly Smooth Stone"},{"floor":26,"key":"Snake Skull"}],"event_choices":[{"event_name":"Scrap Ooze","player_choice":"success","floor":2,"damage_taken":3},{"event_name":"World of Goop","player_choice":"Gather Gold","floor":3,"damage_taken":0},{"event_name":"The Cleric","player_choice":"Card Removal","floor":8,"damage_taken":0},{"event_name":"Addict","player_choice":"Obtained Relic","floor":19,"damage_taken":0},{"event_name":"Duplicator","player_choice":"One dupe","floor":21,"damage_taken":0}],"is_beta":false,"boss_relics":[{"not_picked":["Snecko Eye","Orrery"],"picked":"Ring of the Serpent"}],"items_purged_floors":[12],"is_endless":false,"potions_floor_spawned":[1,10,20,22,31],"killed_by":"Champ","ascension_level":0}