{"gold_per_floor":[109,126,126,142,155,190,203,203,226,241,241,56,68,96,96,167,167,179,193,94,107,120,181,181,197,242,24,52,62,94,19,19,19],"floor_reached":33,"playtime":1305,"items_purged":["Writhe","Strike_R","Strike_R"],"score":612,"play_id":"20e51749-07bf-4fe1-ac91-af4a25fe1f6e","local_time":"20190225112850","is_ascension_mode":true,"campfire_choices":[{"data":"Spot Weakness","floor":11,"key":"SMITH"},{"data":"Bash","floor":15,"key":"SMITH"},{"data":"Immolate","floor":24,"key":"SMITH"},{"floor":32,"key":"REST"}],"neow_cost":"CURSE","seed_source_timestamp":13384992136899,"circlet_count":0,"master_deck":["AscendersBane","Strike_R","Strike_R","Defend_R","Defend_R","Defend_R","Defend_R","Bash+1","Feed","Pommel Strike","Sword Boomerang","Spot Weakness+1","Flame Barrier","Anger","Shrug It Off","Feel No Pain","Immolate+1","Impervious","Twin Strike","Fiend Fire","Clothesline","Ghostly Armor","Corruption","Shrug It Off","Armaments"],"special_seed":0,"relics":["Burning Blood","Happy Flower","Smiling Mask","Potion Belt","Busted Crown","Tiny Chest","Lantern","Turnip","Pen Nib"],"potions_floor_usage":[10,16,22,23,28,28,30],"damage_taken":[{"damage":28.0,"enemies":"Cultist","floor":1.0,"turns":6.0},{"damage":7.0,"enemies":"2 Louse","floor":2.0,"turns":4.0},{"damage":14.0,"enemies":"Jaw Worm","floor":4.0,"turns":4.0},{"damage":8.0,"enemies":"2 Fungi Beasts","floor":5.0,"turns":4.0},{"damage":17.0,"enemies":"Gremlin Nob","floor":6.0,"turns":4.0},{"damage":16.0,"enemies":"Large Slime","floor":7.0,"turns":6.0},{"damage":12,"enemies":"Exordium Wildlife","floor":10,"turns":3},{"damage":14,"enemies":"Red Slaver","floor":13,"turns":7},{"damage":10,"enemies":"3 Sentries","floor":14,"turns":5},{"damage":11,"enemies":"Hexaghost","floor":16,"turns":6},{"damage":6,"enemies":"Spheric Guardian","floor":18,"turns":4},{"damage":1,"enemies":"3 Byrds","floor":19,"turns":6},{"damage":7,"enemies":"3 Cultists","floor":21,"turns":5},{"damage":21,"enemies":"Snake Plant","floor":22,"turns":4},{"damage":29,"enemies":"Book of Stabbing","floor":23,"turns":5},{"damage":15,"enemies":"Centurion and Healer","floor":25,"turns":6},{"damage":17,"enemies":"Slavers","floor":28,"turns":4},{"damage":6,"enemies":"Snecko","floor":29,"turns":8},{"damage":10,"enemies":"Gremlin Leader","floor":30,"turns":5},{"damage":91,"enemies":"Automaton","floor":33,"turns":6}],"seed_played":"-4810531972105858306","potions_obtained":[{"floor":2.0,"key":"EssenceOfSteel"},{"floor":5.0,"key":"Explosive Potion"},{"floor":6.0,"key":"BloodPotion"},{"floor":14,"key":"FearPotion"},{"floor":21,"key":"EssenceOfSteel"},{"floor":22,"key":"Regen Potion"},{"floor":25,"key":"SneckoOil"}],"is_trial":false,"path_per_floor":["M","M","?","M","M","E","M","?","T","M","R","$","M","E","R","B",null,"M","M","$","M","M","E","R","M","T","$","E","M","E","?","R","B"],"character_chosen":"IRONCLAD","items_purchased":["Impervious","PowerPotion","Corruption","Shrug It Off","Fire Potion"],"campfire_rested":1,"item_purchase_floors":[12,20,27,27,27],"current_hp_per_floor":[49,51,51,46,47,36,37,37,37,34,34,34,29,25,25,20,77,80,88,88,90,75,66,66,57,57,57,49,52,48,48,81,0],"gold":19,"neow_bonus":"THREE_RARE_CARDS","is_prod":false,"is_daily":false,"chose_seed":false,"campfire_upgraded":3,"win_rate":0,"timestamp":1551122930,"path_taken":["M","M","?","M","M","E","M","?","T","M","R","$","M","E","R","BOSS","M","M","$","M","M","E","R","M","T","$","E","?","E","?","R","BOSS"],"build_version":"2019-01-23","purchased_purges":3,"victory":false,"max_hp_per_floor":[78,81,81,84,87,87,90,90,90,93,93,93,96,96,96,96,96,99,102,102,105,105,105,105,105,105,105,108,111,111,111,111,111],"card_choices":[{"not_picked":["Offering","Demon Form"],"picked":"Feed","floor":0.0},{"not_picked":["Rampage","Shockwave"],"picked":"Pommel Strike","floor":1.0},{"not_picked":["Warcry","Sentinel"],"picked":"Sword Boomerang","floor":2.0},{"not_picked":["Battle Trance","Twin Strike"],"picked":"Spot Weakness","floor":4.0},{"not_picked":["Rampage","Power Through","Corruption"],"picked":"SKIP","floor":5.0},{"not_picked":["True Grit","Thunderclap"],"picked":"Flame Barrier","floor":6.0},{"not_picked":["Warcry","Bludgeon"],"picked":"Anger","floor":7.0},{"not_picked":["Inflame","Rampage","Perfected Strike"],"picked":"SKIP","floor":10},{"not_picked":["Seeing Red","Body Slam","Twin Strike"],"picked":"SKIP","floor":13},{"not_picked":["Entrench","Cleave"],"picked":"Twin Strike","floor":14},{"not_picked":["Dark Embrace","Barricade"],"picked":"Fiend Fire","floor":16},{"not_picked":[],"picked":"Clothesline","floor":18},{"not_picked":["Evolve"],"picked":"SKIP","floor":19},{"not_picked":[],"picked":"Ghostly Armor","floor":21},{"not_picked":["Perfected Strike"],"picked":"SKIP","floor":22},{"not_picked":["Cleave"],"picked":"SKIP","floor":23},{"not_picked":["Anger"],"picked":"SKIP","floor":25},{"not_picked":["Anger+1"],"picked":"SKIP","floor":28},{"not_picked":["Combust"],"picked":"SKIP","floor":29},{"not_picked":[],"picked":"Armaments","floor":30}],"player_experience":2259064,"relics_obtained":[{"floor":6.0,"key":"Happy Flower"},{"floor":9.0,"key":"Smiling Mask"},{"floor":14,"key":"Potion Belt"},{"floor":23,"key":"Tiny Chest"},{"floor":26,"key":"Lantern"},{"floor":28,"key":"Turnip"},{"floor":30,"key":"Pen Nib"}],"event_choices":[{"damage_healed":0.0,"max_hp_gain":0.0,"max_hp_loss":0.0,"gold_gain":0.0,"event_name":"Liars Game","player_choice":"Ignored","floor":3.0,"gold_loss":0.0,"damage_taken":0.0},{"damage_healed":0.0,"max_hp_gain":0.0,"max_hp_loss":0.0,"gold_gain":0.0,"event_name":"Match and Keep!","player_choice":"3 cards matched","floor":8.0,"gold_loss":0.0,"damage_taken":0.0,"cards_obtained":["Shrug It Off","Feel No Pain","Immolate"]},{"cards_removed":["Strike_R"],"damage_healed":0,"gold_gain":0,"player_choice":"Gave Gold","damage_taken":0,"max_hp_gain":0,"max_hp_loss":0,"event_name":"Beggar","floor":31,"gold_loss":75}],"is_beta":false,"boss_relics":[{"not_picked":["Lizard Tail","Calling Bell"],"picked":"Busted Crown"}],"items_purged_floors":[12,20,27],"is_endless":false,"potions_floor_spawned":[2,5,6,14,21,22,25],"killed_by":"Automaton","ascension_level":15}