{"gold_per_floor":[110,110,110,36,53,53,114,125,148,160,160,185,196,231,231,302,302,320,331,350,123,123,123,154,165,192,226,246,279,279,314,314,389,389,409,409,684,694,442,442,468,468,468,493,493,511,511,536,536,536],"floor_reached":51,"playtime":2389,"items_purged":["Strike_R","Regret"],"score":1579,"play_id":"54bf29f6-83f8-44c9-a1df-1362aa3b4828","local_time":"20190429215252","is_ascension_mode":true,"campfire_choices":[{"data":"Bash","floor":6,"key":"SMITH"},{"data":"Carnage","floor":11,"key":"SMITH"},{"data":"Disarm","floor":15,"key":"SMITH"},{"data":"Inflame","floor":23,"key":"SMITH"},{"data":"Feed","floor":30,"key":"SMITH"},{"floor":32,"key":"REST"},{"data":"Spot Weakness","floor":40,"key":"SMITH"},{"data":"Whirlwind","floor":42,"key":"SMITH"},{"data":"Sword Boomerang","floor":45,"key":"SMITH"},{"data":"Limit Break","floor":49,"key":"SMITH"}],"neow_cost":"NONE","seed_source_timestamp":64345464500947,"circlet_count":0,"master_deck":["AscendersBane","Strike_R","Strike_R","Defend_R","Defend_R","Defend_R","Defend_R","Bash+1","Disarm+1","Second Wind","Whirlwind+1","Carnage+1","Feed+1","Spot Weakness+1","Iron Wave","Sword Boomerang+1","Shrug It Off","Reaper","Inflame+1","Shrug It Off","Heavy Blade","Limit Break+1","Corruption","Barricade","Disarm","Power Through+1","Exhume","Entrench","Shrug It Off","Dark Embrace","Battle Trance","Pommel Strike+1","True Grit+1"],"relics":["Burning Blood","Tiny Chest","Pen Nib","Lantern","Mummified Hand","Snecko Eye","Pear","Ancient Tea Set","Oddly Smooth Stone","Dream Catcher","Singing Bowl","Eternal Feather","Vajra","Happy Flower","Juzu Bracelet","Smiling Mask","Kunai"],"potions_floor_usage":[7,7,14,16,20,29,31,50,50],"damage_taken":[{"damage":11,"enemies":"Cultist","floor":1,"turns":4},{"damage":16,"enemies":"Jaw Worm","floor":5,"turns":5},{"damage":34,"enemies":"Lagavulin","floor":7,"turns":6},{"damage":0,"enemies":"2 Louse","floor":8,"turns":2},{"damage":13,"enemies":"Large Slime","floor":10,"turns":5},{"damage":15,"enemies":"3 Sentries","floor":12,"turns":7},{"damage":0,"enemies":"2 Fungi Beasts","floor":13,"turns":2},{"damage":18,"enemies":"Lagavulin","floor":14,"turns":5},{"damage":17,"enemies":"The Guardian","floor":16,"turns":14},{"damage":0,"enemies":"Spheric Guardian","floor":18,"turns":3},{"damage":25,"enemies":"2 Thieves","floor":19,"turns":4},{"damage":0,"enemies":"Centurion and Healer","floor":20,"turns":6},{"damage":16,"enemies":"Book of Stabbing","floor":24,"turns":5},{"damage":15,"enemies":"Sentry and Sphere","floor":25,"turns":5},{"damage":32,"enemies":"Slavers","floor":27,"turns":6},{"damage":22,"enemies":"Snake Plant","floor":28,"turns":6},{"damage":15,"enemies":"Book of Stabbing","floor":29,"turns":4},{"damage":21,"enemies":"Slavers","floor":31,"turns":7},{"damage":24,"enemies":"Automaton","floor":33,"turns":8},{"damage":0,"enemies":"3 Darklings","floor":35,"turns":4},{"damage":14,"enemies":"Orb Walker","floor":38,"turns":3},{"damage":0,"enemies":"Giant Head","floor":41,"turns":5},{"damage":15,"enemies":"Nemesis","floor":44,"turns":7},{"damage":12,"enemies":"Jaw Worm Horde","floor":46,"turns":7},{"damage":25,"enemies":"Reptomancer","floor":48,"turns":7},{"damage":18,"enemies":"Awakened One","floor":50,"turns":5}],"seed_played":"-8765948894204540874","potions_obtained":[{"floor":0,"key":"Block Potion"},{"floor":0,"key":"Poison Potion"},{"floor":7,"key":"Poison Potion"},{"floor":10,"key":"SpeedPotion"},{"floor":14,"key":"BloodPotion"},{"floor":18,"key":"Explosive Potion"},{"floor":24,"key":"Poison Potion"},{"floor":29,"key":"Block Potion"},{"floor":35,"key":"LiquidBronze"}],"is_trial":false,"path_per_floor":["M","?","?","$","M","R","E","M","T","M","R","E","M","E","R","B",null,"M","M","M","$","?","R","E","M","T","E","M","E","R","E","R","B",null,"M","?","?","M","$","R","E","R","T","E","R","M","?","E","R","B",null],"character_chosen":"IRONCLAD","items_purchased":["Whirlwind","Limit Break","Vajra"],"campfire_rested":1,"item_purchase_floors":[4,21,39],"current_hp_per_floor":[63,68,68,68,58,58,30,39,39,35,35,26,35,23,23,23,75,84,68,84,84,84,84,91,85,85,74,61,65,65,70,110,112,132,142,135,135,134,134,135,135,135,135,132,141,145,145,157,157,161],"gold":536,"neow_bonus":"THREE_SMALL_POTIONS","is_prod":false,"is_daily":false,"chose_seed":false,"campfire_upgraded":9,"win_rate":0,"timestamp":1556599972,"path_taken":["M","?","?","$","M","R","E","M","T","M","R","E","M","E","R","BOSS","M","?","M","$","?","R","E","M","T","E","M","E","R","E","R","BOSS","M","?","?","M","$","R","E","R","T","E","R","M","?","E","R","BOSS"],"build_version":"2019-01-23","purchased_purges":2,"victory":true,"max_hp_per_floor":[75,80,80,80,80,80,80,83,83,86,86,86,89,89,89,92,92,95,98,101,101,101,101,114,117,117,120,123,126,126,134,134,138,138,142,135,135,135,135,135,135,135,135,141,141,151,151,157,157,161],"card_choices":[{"not_picked":["Intimidate","Clash"],"picked":"Disarm","floor":1},{"not_picked":["Pommel Strike","Infernal Blade"],"picked":"Carnage","floor":5},{"not_picked":["Flame Barrier","Spot Weakness"],"picked":"Feed","floor":7},{"not_picked":["Whirlwind","Carnage"],"picked":"Spot Weakness","floor":8},{"not_picked":["Clothesline","Headbutt"],"picked":"Iron Wave","floor":10},{"not_picked":["Heavy Blade","Body Slam","Havoc"],"picked":"SKIP","floor":12},{"not_picked":["Heavy Blade","True Grit"],"picked":"Sword Boomerang","floor":13},{"not_picked":["Anger","Dropkick"],"picked":"Shrug It Off","floor":14},{"not_picked":["Immolate","Demon Form"],"picked":"Reaper","floor":16},{"not_picked":["Body Slam","Shockwave"],"picked":"Inflame","floor":18},{"not_picked":["Battle Trance","Sword Boomerang"],"picked":"Shrug It Off","floor":19},{"not_picked":["Perfected Strike","Wild Strike"],"picked":"Heavy Blade","floor":20},{"not_picked":["Brutality","Inflame+1"],"picked":"Barricade","floor":24},{"not_picked":["Flex","Wild Strike","Heavy Blade"],"picked":"SKIP","floor":25},{"not_picked":["Twin Strike","Cleave+1"],"picked":"Disarm","floor":27},{"not_picked":["Rage","Body Slam"],"picked":"Power Through+1","floor":28},{"not_picked":["Armaments","Reckless Charge"],"picked":"Exhume","floor":29},{"not_picked":["Carnage","Spot Weakness"],"picked":"Entrench","floor":31},{"not_picked":["Rampage+1","Body Slam"],"picked":"Shrug It Off","floor":32},{"not_picked":["Barricade","Brutality"],"picked":"Dark Embrace","floor":33},{"not_picked":["Uppercut","Fire Breathing+1"],"picked":"Battle Trance","floor":35},{"not_picked":["Uppercut","Clash"],"picked":"Pommel Strike+1","floor":38},{"not_picked":["Pommel Strike","Burning Pact+1"],"picked":"True Grit+1","floor":41},{"not_picked":["Cleave","Reckless Charge","Metallicize"],"picked":"Singing Bowl","floor":44},{"not_picked":["Havoc+1","Anger","Second Wind"],"picked":"Singing Bowl","floor":46},{"not_picked":["Thunderclap","Evolve","Ghostly Armor"],"picked":"Singing Bowl","floor":48}],"player_experience":2511479,"relics_obtained":[{"floor":7,"key":"Tiny Chest"},{"floor":9,"key":"Pen Nib"},{"floor":12,"key":"Lantern"},{"floor":14,"key":"Mummified Hand"},{"floor":24,"key":"Pear"},{"floor":26,"key":"Ancient Tea Set"},{"floor":27,"key":"Oddly Smooth Stone"},{"floor":29,"key":"Dream Catcher"},{"floor":31,"key":"Singing Bowl"},{"floor":41,"key":"Happy Flower"},{"floor":43,"key":"Juzu Bracelet"},{"floor":44,"key":"Smiling Mask"},{"floor":48,"key":"Kunai"}],"event_choices":[{"damage_healed":0,"gold_gain":0,"player_choice":"Donut","damage_taken":0,"max_hp_gain":5,"max_hp_loss":0,"event_name":"Big Fish","floor":2,"gold_loss":0},{"damage_healed":0,"gold_gain":0,"cards_transformed":["Strike_R"],"player_choice":"Transformed","damage_taken":0,"max_hp_gain":0,"max_hp_loss":0,"event_name":"Transmorgrifier","floor":3,"gold_loss":0,"cards_obtained":["Second Wind"]},{"damage_healed":0,"gold_gain":0,"player_choice":"Read","damage_taken":0,"max_hp_gain":0,"max_hp_loss":0,"event_name":"The Library","floor":22,"gold_loss":0,"cards_obtained":["Corruption"]},{"damage_healed":0,"gold_gain":0,"player_choice":"Max HP","damage_taken":0,"max_hp_gain":0,"max_hp_loss":7,"event_name":"Winding Halls","floor":36,"gold_loss":0},{"damage_healed":0,"gold_gain":275,"player_choice":"Desecrate","damage_taken":0,"max_hp_gain":0,"max_hp_loss":0,"event_name":"Golden Shrine","floor":37,"gold_loss":0,"cards_obtained":["Regret"]},{"cards_removed":["Strike_R"],"damage_healed":0,"gold_gain":0,"player_choice":"Offered Basic","damage_taken":0,"max_hp_gain":0,"max_hp_loss":0,"event_name":"Bonfire Elementals","floor":47,"gold_loss":0}],"is_beta":false,"boss_relics":[{"not_picked":["Ectoplasm","White Beast Statue"],"picked":"Snecko Eye"},{"not_picked":["Calling Bell","Lizard Tail"],"picked":"Eternal Feather"}],"items_purged_floors":[21,39],"is_endless":false,"potions_floor_spawned":[7,10,12,13,14,18,19,24,27,29,35,38,41],"ascension_level":15}