{"gold_per_floor":[109,159,174,188,201,201,234,234,259,259,259,286,313,8,8,80,80,90,37,37,47,67,67,98,98,98,117,130,30,41,60,60,136,136,147,147,147,22,22,57,74,84,84,113,129,139,139,157,157,157,157,157,157,20,52,52],"floor_reached":57,"playtime":2876,"items_purged":["Parasite","Parasite","Strike_R"],"score":2963,"play_id":"6774513d-8404-49cf-be6d-42db0d76ca53","local_time":"20190309162745","is_ascension_mode":true,"campfire_choices":[{"floor":6.0,"key":"REST"},{"data":"Barricade","floor":8.0,"key":"SMITH"},{"data":"Body Slam","floor":15.0,"key":"SMITH"},{"data":"Impervious","floor":23.0,"key":"SMITH"},{"floor":25.0,"key":"REST"},{"data":"Shockwave","floor":32.0,"key":"SMITH"},{"data":"Deep Breath","floor":47.0,"key":"SMITH"},{"floor":49.0,"key":"RECALL"},{"data":"Entrench","floor":53,"key":"SMITH"}],"neow_cost":"CURSE","seed_source_timestamp":625730477100,"circlet_count":0,"master_deck":["AscendersBane","Strike_R","Strike_R","Defend_R","Defend_R","Defend_R","Defend_R","Bash","Reckless Charge","Barricade+1","Inflame","Body Slam+1","Shockwave+1","Impervious+1","Fiend Fire","Armaments+1","Shrug It Off","Berserk","Entrench+1","Deep Breath+1","Impervious+1","Feel No Pain+1","Decay","Battle Trance"],"special_seed":0,"relics":["Burning Blood","Art of War","Regal Pillow","Potion Belt","Bag of Preparation","Strange Spoon","Runic Pyramid","Bronze Scales","Pear","Cursed Key","Vajra","Dream Catcher","Boot"],"potions_floor_usage":[56,56],"damage_taken":[{"damage":15.0,"enemies":"2 Louse","floor":1.0,"turns":3.0},{"damage":17.0,"enemies":"Cultist","floor":3.0,"turns":5.0},{"damage":10.0,"enemies":"Small Slimes","floor":4.0,"turns":4.0},{"damage":17.0,"enemies":"Blue Slaver","floor":5.0,"turns":6.0},{"damage":25.0,"enemies":"Lagavulin","floor":7.0,"turns":7.0},{"damage":31.0,"enemies":"Gremlin Nob","floor":13.0,"turns":4.0},{"damage":11.0,"enemies":"Hexaghost","floor":16.0,"turns":10.0},{"damage":9.0,"enemies":"2 Thieves","floor":18.0,"turns":5.0},{"damage":0.0,"enemies":"Spheric Guardian","floor":21.0,"turns":9.0},{"damage":0.0,"enemies":"Centurion and Healer","floor":22.0,"turns":5.0},{"damage":39.0,"enemies":"Gremlin Leader","floor":24.0,"turns":9.0},{"damage":20.0,"enemies":"Shelled Parasite and Fungi","floor":27.0,"turns":5.0},{"damage":14.0,"enemies":"Snake Plant","floor":28.0,"turns":3.0},{"damage":18.0,"enemies":"Centurion and Healer","floor":30.0,"turns":5.0},{"damage":0.0,"enemies":"Snecko","floor":31.0,"turns":4.0},{"damage":21.0,"enemies":"Champ","floor":33.0,"turns":9.0},{"damage":33.0,"enemies":"3 Darklings","floor":35.0,"turns":5.0},{"damage":0.0,"enemies":"Giant Head","floor":40.0,"turns":5.0},{"damage":11.0,"enemies":"Orb Walker","floor":41.0,"turns":3.0},{"damage":0.0,"enemies":"Writhing Mass","floor":42.0,"turns":6.0},{"damage":8.0,"enemies":"Reptomancer","floor":44.0,"turns":6.0},{"damage":0.0,"enemies":"4 Shapes","floor":45.0,"turns":10.0},{"damage":0.0,"enemies":"Jaw Worm Horde","floor":46.0,"turns":6.0},{"damage":1.0,"enemies":"Maw","floor":48.0,"turns":6.0},{"damage":14.0,"enemies":"Donu and Deca","floor":50.0,"turns":13.0},{"damage":0,"enemies":"Awakened One","floor":51,"turns":7},{"damage":0,"enemies":"Shield and Spear","floor":55,"turns":9},{"damage":0,"enemies":"The Heart","floor":56,"turns":17}],"seed_played":"-3153307047578132035","potions_obtained":[{"floor":3.0,"key":"PowerPotion"},{"floor":5.0,"key":"FearPotion"},{"floor":13.0,"key":"EssenceOfSteel"},{"floor":16.0,"key":"Poison Potion"},{"floor":22.0,"key":"SteroidPotion"},{"floor":27.0,"key":"PowerPotion"},{"floor":28.0,"key":"PowerPotion"},{"floor":33.0,"key":"Strength Potion"},{"floor":41.0,"key":"Dexterity Potion"},{"floor":42.0,"key":"PowerPotion"},{"floor":46.0,"key":"Poison Potion"},{"floor":55,"key":"SteroidPotion"}],"is_trial":false,"path_per_floor":["M","?","M","M","M","R","E","R","T","?","?","T","E","$","R","B",null,"M","$","?","M","M","R","E","R","T","M","M","$","M","M","R","B",null,"M","?","?","$","?","E","M","M","T","E","M","M","R","M","R","B","B",null,"R","$","E","B",null],"character_chosen":"IRONCLAD","items_purchased":["Strange Spoon","SkillPotion","Battle Trance","Weak Potion"],"campfire_rested":2,"item_purchase_floors":[14,19,54,54],"current_hp_per_floor":[59,52,41,37,26,48,29,29,29,47,47,47,22,22,22,17,58,55,55,45,51,57,57,24,60,70,56,48,48,36,42,42,27,66,39,34,34,34,34,40,35,41,41,39,45,51,51,56,56,48,54,73,73,73,79,79],"gold":52,"neow_bonus":"TRANSFORM_TWO_CARDS","is_prod":false,"is_daily":false,"chose_seed":false,"campfire_upgraded":6,"win_rate":0,"timestamp":1552120065,"path_taken":["M","?","M","M","?","R","E","R","T","?","?","?","E","$","R","BOSS","M","$","?","M","M","R","E","R","T","M","M","$","M","M","R","BOSS","M","?","?","$","?","E","M","?","T","E","M","M","R","M","R","BOSS","BOSS","R","$","E","BOSS"],"build_version":"2019-01-23","purchased_purges":3,"victory":true,"max_hp_per_floor":[75,75,75,75,75,75,75,75,75,75,75,75,75,72,72,72,72,72,72,72,72,72,72,72,72,82,82,82,79,79,79,79,79,79,79,79,79,79,79,79,79,79,79,79,79,79,79,79,79,79,79,79,79,79,79,79],"card_choices":[{"not_picked":["Rage","Heavy Blade","Thunderclap"],"picked":"SKIP","floor":1.0},{"not_picked":["Heavy Blade","Combust"],"picked":"Inflame","floor":3.0},{"not_picked":["Perfected Strike","Clash","Brutality"],"picked":"SKIP","floor":4.0},{"not_picked":["Clothesline","Rage","Headbutt"],"picked":"SKIP","floor":5.0},{"not_picked":["True Grit","Rampage"],"picked":"Body Slam","floor":7.0},{"not_picked":["Intimidate","Shrug It Off"],"picked":"Shockwave","floor":13.0},{"not_picked":["Feed","Demon Form"],"picked":"Impervious","floor":16.0},{"not_picked":["Flex+1","Pommel Strike","Clothesline"],"picked":"SKIP","floor":18.0},{"not_picked":["Carnage","Clothesline","Sword Boomerang"],"picked":"SKIP","floor":21.0},{"not_picked":["Twin Strike+1","Blood for Blood+1","Heavy Blade+1"],"picked":"SKIP","floor":22.0},{"not_picked":["Rupture","Warcry"],"picked":"Fiend Fire","floor":24.0},{"not_picked":["Infernal Blade+1","Perfected Strike","Heavy Blade"],"picked":"SKIP","floor":27.0},{"not_picked":["Headbutt","Pommel Strike+1"],"picked":"Armaments+1","floor":28.0},{"not_picked":["Sword Boomerang","Combust"],"picked":"Shrug It Off","floor":30.0},{"not_picked":["Thunderclap+1","Perfected Strike","Sever Soul"],"picked":"SKIP","floor":31.0},{"not_picked":["Barricade","Fiend Fire"],"picked":"Berserk","floor":33.0},{"not_picked":["Iron Wave","Perfected Strike"],"picked":"Entrench","floor":35.0},{"not_picked":["Swift Strike","Impatience"],"picked":"Deep Breath","floor":36.0},{"not_picked":["Perfected Strike","Shrug It Off"],"picked":"Feel No Pain+1","floor":40.0},{"not_picked":["Iron Wave+1","Fire Breathing","Body Slam"],"picked":"SKIP","floor":41.0},{"not_picked":["Sentinel","Clothesline+1","Hemokinesis"],"picked":"SKIP","floor":42.0},{"not_picked":["Sever Soul","Bloodletting+1","Heavy Blade+1"],"picked":"SKIP","floor":44.0},{"not_picked":["Fire Breathing","Berserk","Hemokinesis"],"picked":"SKIP","floor":45.0},{"not_picked":["Fire Breathing","Berserk","Hemokinesis"],"picked":"SKIP","floor":45.0},{"not_picked":["Inflame","Uppercut+1","Flex"],"picked":"SKIP","floor":46.0},{"not_picked":["Flex","Body Slam","Armaments"],"picked":"SKIP","floor":48.0},{"not_picked":["Iron Wave","Warcry","Thunderclap+1"],"picked":"SKIP","floor":55}],"player_experience":2758040,"relics_obtained":[{"floor":7.0,"key":"Art of War"},{"floor":9.0,"key":"Regal Pillow"},{"floor":12.0,"key":"Potion Belt"},{"floor":13.0,"key":"Bag of Preparation"},{"floor":24.0,"key":"Bronze Scales"},{"floor":26.0,"key":"Pear"},{"floor":40.0,"key":"Vajra"},{"floor":44.0,"key":"Dream Catcher"},{"floor":55,"key":"Boot"}],"event_choices":[{"damage_healed":0.0,"max_hp_gain":0.0,"max_hp_loss":0.0,"gold_gain":50.0,"event_name":"FaceTrader","player_choice":"Touch","floor":2.0,"gold_loss":0.0,"damage_taken":7.0},{"damage_healed":18.0,"max_hp_gain":0.0,"max_hp_loss":0.0,"gold_gain":0.0,"event_name":"Mushrooms","player_choice":"Healed and dodged fight","floor":10.0,"gold_loss":0.0,"damage_taken":0.0,"cards_obtained":["Parasite"]},{"damage_healed":0.0,"max_hp_gain":0.0,"max_hp_loss":0.0,"gold_gain":0.0,"event_name":"Dead Adventurer","player_choice":"Searched \u00270\u0027 times","floor":11.0,"gold_loss":0.0,"damage_taken":0.0},{"damage_healed":0.0,"max_hp_gain":0.0,"max_hp_loss":0.0,"gold_gain":0.0,"event_name":"Wheel of Change","player_choice":"Damaged","floor":20.0,"gold_loss":0.0,"damage_taken":10.0},{"damage_healed":0.0,"max_hp_gain":0.0,"max_hp_loss":0.0,"gold_gain":0.0,"event_name":"SensoryStone","player_choice":"Memory 2","floor":36.0,"gold_loss":0.0,"damage_taken":5.0},{"damage_healed":0.0,"max_hp_gain":0.0,"max_hp_loss":0.0,"gold_gain":0.0,"event_name":"Tomb of Lord Red Mask","player_choice":"Ignored","floor":37.0,"gold_loss":0.0,"damage_taken":0.0},{"damage_healed":0.0,"max_hp_gain":0.0,"max_hp_loss":0.0,"gold_gain":0.0,"event_name":"Duplicator","player_choice":"Copied","floor":39.0,"gold_loss":0.0,"damage_taken":0.0,"cards_obtained":["Impervious"]}],"is_beta":false,"boss_relics":[{"not_picked":["Coffee Dripper","Orrery"],"picked":"Runic Pyramid"},{"not_picked":["Philosopher\u0027s Stone","White Beast Statue"],"picked":"Cursed Key"}],"items_purged_floors":[14,29,38],"is_endless":false,"potions_floor_spawned":[3,5,7,13,16,22,27,28,33,41,42,46,55],"ascension_level":20}