{"gold_per_floor":[112,129,129,54,72,72,98,98,98,125,138,170,188,198,198,275,275,285,185,204,6,25,25,58,71,148,191,222,284,146,165,165,242,242,257,257,272,292,19,50,50,377,377,389,389,38,65,81,81,81,81,81,3,35,35],"floor_reached":56,"playtime":4732,"items_purged":["Shame","Strike_G","Strike_G","Strike_G","Dash+1","Defend_G"],"score":2692,"play_id":"751444d5-be6b-4e19-acbd-a27b0bbafd54","local_time":"20190303122156","is_ascension_mode":true,"campfire_choices":[{"data":"Apotheosis","floor":6,"key":"SMITH"},{"data":"Calculated Gamble","floor":15,"key":"SMITH"},{"data":"Acrobatics","floor":23,"key":"SMITH"},{"data":"Prepared","floor":32,"key":"SMITH"},{"floor":49,"key":"RECALL"},{"data":"Deep Breath","floor":52,"key":"SMITH"}],"neow_cost":"CURSE","seed_source_timestamp":365193437800,"circlet_count":0,"master_deck":["AscendersBane","Defend_G","Defend_G","Survivor","Neutralize","Apotheosis+1","Bandage Up","Tactician","Infinite Blades","Prepared+1","Backflip","Acrobatics+1","Choke","Calculated Gamble+1","Tools of the Trade+1","Footwork+1","Escape Plan","Night Terror","Dodge and Roll+1","Storm of Steel+1","Deep Breath+1","Well Laid Plans+1"],"relics":["Ring of the Snake","Frozen Egg 2","Matryoshka","Potion Belt","Philosopher\u0027s Stone","Tough Bandages","MawBank","Bottled Flame","Turnip","Astrolabe","Bronze Scales","Centennial Puzzle","Old Coin","Toxic Egg 2","Darkstone Periapt","Bag of Preparation","Dream Catcher","Bird Faced Urn"],"potions_floor_usage":[10,10,14,16,24,27,42,42,55,55],"damage_taken":[{"damage":0,"enemies":"Cultist","floor":1,"turns":5},{"damage":0,"enemies":"Jaw Worm","floor":2,"turns":5},{"damage":0,"enemies":"Small Slimes","floor":5,"turns":6},{"damage":8,"enemies":"Lagavulin","floor":7,"turns":9},{"damage":29,"enemies":"Gremlin Nob","floor":10,"turns":5},{"damage":7,"enemies":"2 Fungi Beasts","floor":11,"turns":5},{"damage":18,"enemies":"3 Sentries","floor":12,"turns":13},{"damage":0,"enemies":"Red Slaver","floor":13,"turns":6},{"damage":0,"enemies":"Lots of Slimes","floor":14,"turns":4},{"damage":0,"enemies":"The Guardian","floor":16,"turns":11},{"damage":3,"enemies":"Chosen","floor":18,"turns":4},{"damage":0,"enemies":"Shell Parasite","floor":20,"turns":5},{"damage":12,"enemies":"Snake Plant","floor":22,"turns":4},{"damage":28,"enemies":"Slavers","floor":24,"turns":6},{"damage":0,"enemies":"Snecko","floor":25,"turns":5},{"damage":0,"enemies":"Gremlin Leader","floor":27,"turns":7},{"damage":0,"enemies":"3 Cultists","floor":28,"turns":5},{"damage":0,"enemies":"Snake Plant","floor":31,"turns":4},{"damage":0,"enemies":"Automaton","floor":33,"turns":8},{"damage":0,"enemies":"Orb Walker","floor":35,"turns":4},{"damage":0,"enemies":"3 Shapes","floor":37,"turns":3},{"damage":9,"enemies":"Writhing Mass","floor":38,"turns":5},{"damage":0,"enemies":"Giant Head","floor":40,"turns":3},{"damage":0,"enemies":"Reptomancer","floor":42,"turns":4},{"damage":14,"enemies":"Transient","floor":44,"turns":3},{"damage":0,"enemies":"Giant Head","floor":47,"turns":2},{"damage":0,"enemies":"Maw","floor":48,"turns":3},{"damage":0,"enemies":"Donu and Deca","floor":50,"turns":1},{"damage":0,"enemies":"Shield and Spear","floor":54,"turns":3},{"damage":0,"enemies":"The Heart","floor":55,"turns":6}],"seed_played":"447186474227979962","potions_obtained":[{"floor":2,"key":"SteroidPotion"},{"floor":7,"key":"EssenceOfSteel"},{"floor":12,"key":"Explosive Potion"},{"floor":13,"key":"GhostInAJar"},{"floor":16,"key":"EssenceOfSteel"},{"floor":20,"key":"SteroidPotion"},{"floor":24,"key":"Fire Potion"},{"floor":27,"key":"Strength Potion"},{"floor":33,"key":"Energy Potion"},{"floor":35,"key":"FearPotion"},{"floor":37,"key":"GhostInAJar"},{"floor":40,"key":"Swift Potion"}],"is_trial":false,"path_per_floor":["M","M","?","$","M","R","E","?","T","E","M","E","M","M","R","B",null,"M","$","M","$","M","R","E","M","T","E","M","?","$","M","R","B",null,"M","?","M","M","$","E","?","E","T","M","?","$","E","M","R","B",null,"R","$","E","B",null],"character_chosen":"THE_SILENT","items_purchased":["Footwork+1","Deep Breath","Bag of Preparation","Well Laid Plans+1"],"campfire_rested":0,"item_purchase_floors":[21,39,46,53],"current_hp_per_floor":[63,66,66,66,66,66,64,69,69,46,45,33,39,45,45,51,66,68,68,71,71,65,65,43,49,49,55,61,61,61,65,65,71,71,71,71,71,68,68,71,71,71,71,63,63,63,67,71,71,71,71,71,71,71,71],"gold":35,"neow_bonus":"RANDOM_COLORLESS_2","is_prod":false,"is_daily":false,"chose_seed":false,"campfire_upgraded":5,"win_rate":0,"timestamp":1551586916,"path_taken":["M","M","?","$","M","R","E","?","T","E","M","E","M","M","R","BOSS","M","$","M","$","M","R","E","M","T","E","M","?","$","M","R","BOSS","M","?","M","M","$","E","?","E","T","?","?","$","E","M","R","BOSS","R","$","E","BOSS"],"build_version":"2019-01-23","purchased_purges":6,"victory":true,"max_hp_per_floor":[66,66,66,66,66,66,66,71,71,71,71,71,71,71,71,71,71,71,71,71,71,71,71,71,71,71,71,71,71,71,71,71,71,71,71,71,71,71,71,71,71,71,71,71,71,71,71,71,71,71,71,71,71,71,71],"card_choices":[{"not_picked":["Flying Knee","Prepared","Outmaneuver"],"picked":"SKIP","floor":1},{"not_picked":["Flying Knee","Prepared","Outmaneuver"],"picked":"SKIP","floor":1},{"not_picked":["Deadly Poison","Outmaneuver"],"picked":"Tactician","floor":2},{"not_picked":["Bane","Cloak And Dagger"],"picked":"Prepared","floor":5},{"not_picked":["Catalyst","Dodge and Roll"],"picked":"Backflip","floor":7},{"not_picked":["Infinite Blades+1","Flying Knee","Quick Slash"],"picked":"SKIP","floor":10},{"not_picked":["Eviscerate","Riddle With Holes"],"picked":"Acrobatics","floor":11},{"not_picked":["Poisoned Stab","Sucker Punch","Backflip"],"picked":"SKIP","floor":12},{"not_picked":["Poisoned Stab","Sucker Punch","Backflip"],"picked":"SKIP","floor":12},{"not_picked":["Predator","Underhanded Strike"],"picked":"Choke","floor":13},{"not_picked":["Outmaneuver","Flying Knee"],"picked":"Calculated Gamble","floor":14},{"not_picked":["Venomology","After Image+1"],"picked":"Tools of the Trade+1","floor":16},{"not_picked":["Slice","Underhanded Strike","Backflip"],"picked":"SKIP","floor":18},{"not_picked":["Dagger Spray","Flying Knee","Heel Hook"],"picked":"SKIP","floor":20},{"not_picked":["Expertise+1","Dagger Throw"],"picked":"Escape Plan","floor":22},{"not_picked":["Venomology","Heel Hook+1","Outmaneuver"],"picked":"SKIP","floor":24},{"not_picked":["Venomology","Heel Hook+1","Outmaneuver"],"picked":"SKIP","floor":24},{"not_picked":["Footwork+1","Masterful Stab+1","Cloak And Dagger"],"picked":"SKIP","floor":25},{"not_picked":["Footwork+1","Masterful Stab+1","Cloak And Dagger"],"picked":"SKIP","floor":25},{"not_picked":["Bouncing Flask","Cloak And Dagger","Quick Slash"],"picked":"SKIP","floor":27},{"not_picked":["Setup","Deflect","Outmaneuver"],"picked":"SKIP","floor":28},{"not_picked":["Setup","Deflect","Outmaneuver"],"picked":"SKIP","floor":28},{"not_picked":["Masterful Stab","Deflect","Caltrops+1"],"picked":"SKIP","floor":31},{"not_picked":["Phantasmal Killer","Glass Knife"],"picked":"Night Terror","floor":33},{"not_picked":["Underhanded Strike+1","Footwork+1","PiercingWail"],"picked":"SKIP","floor":35},{"not_picked":["Distraction","Sucker Punch","Quick Slash"],"picked":"SKIP","floor":37},{"not_picked":["Expertise","Blade Dance","Acrobatics"],"picked":"SKIP","floor":38},{"not_picked":["Flechettes","Tactician","Endless Agony"],"picked":"SKIP","floor":40},{"not_picked":["Dagger Throw","Catalyst","Distraction+1"],"picked":"SKIP","floor":42},{"not_picked":["Terror+1","Escape Plan+1","Backstab"],"picked":"SKIP","floor":44},{"not_picked":["Terror+1","Escape Plan+1","Backstab"],"picked":"SKIP","floor":44},{"not_picked":["Tools of the Trade+1","Dagger Throw+1","Infinite Blades+1"],"picked":"SKIP","floor":47},{"not_picked":["Underhanded Strike+1","Blade Dance+1","Acrobatics+1"],"picked":"SKIP","floor":48},{"not_picked":["Underhanded Strike+1","Blade Dance+1","Acrobatics+1"],"picked":"SKIP","floor":48},{"not_picked":["Escape Plan+1","Blade Dance+1","Flying Knee"],"picked":"SKIP","floor":54}],"player_experience":2687833,"relics_obtained":[{"floor":7,"key":"Frozen Egg 2"},{"floor":10,"key":"Matryoshka"},{"floor":12,"key":"Potion Belt"},{"floor":24,"key":"Tough Bandages"},{"floor":26,"key":"MawBank"},{"floor":26,"key":"Bottled Flame"},{"floor":27,"key":"Turnip"},{"floor":40,"key":"Bronze Scales"},{"floor":41,"key":"Centennial Puzzle"},{"floor":42,"key":"Old Coin"},{"floor":43,"key":"Toxic Egg 2"},{"floor":43,"key":"Darkstone Periapt"},{"floor":47,"key":"Dream Catcher"},{"floor":54,"key":"Bird Faced Urn"}],"event_choices":[{"damage_healed":0,"gold_gain":0,"cards_transformed":["Strike_G"],"player_choice":"Change","damage_taken":0,"max_hp_gain":0,"max_hp_loss":0,"event_name":"Living Wall","floor":3,"gold_loss":0,"cards_obtained":["Infinite Blades"]},{"damage_healed":0,"gold_gain":0,"player_choice":"Donut","damage_taken":0,"max_hp_gain":5,"max_hp_loss":0,"event_name":"Big Fish","floor":8,"gold_loss":0},{"damage_healed":0,"gold_gain":50,"player_choice":"Stole From Cult","damage_taken":0,"max_hp_gain":0,"max_hp_loss":0,"event_name":"Nest","floor":29,"gold_loss":0},{"damage_healed":0,"gold_gain":0,"player_choice":"Ignored","damage_taken":0,"max_hp_gain":0,"max_hp_loss":0,"event_name":"Tomb of Lord Red Mask","floor":36,"gold_loss":0},{"damage_healed":0,"gold_gain":0,"player_choice":"Relic","damage_taken":0,"max_hp_gain":0,"max_hp_loss":0,"event_name":"Wheel of Change","floor":41,"gold_loss":0},{"damage_healed":0,"gold_gain":0,"player_choice":"Ignored","damage_taken":0,"max_hp_gain":0,"max_hp_loss":0,"event_name":"SecretPortal","floor":45,"gold_loss":0}],"is_beta":false,"boss_relics":[{"not_picked":["Black Star","Eternal Feather"],"picked":"Philosopher\u0027s Stone"},{"not_picked":["Fusion Hammer","HoveringKite"],"picked":"Astrolabe"}],"items_purged_floors":[4,19,21,30,39,46],"is_endless":false,"potions_floor_spawned":[2,7,12,13,16,20,24,27,33,35,37,40],"ascension_level":15}