{"gold_per_floor":[112,130,130,146,146,146,158,158,234,234,250,276,276,292,292,371,371,386,405,419,30,43,43,72,72,99,112,112,37,37,37,37,115,115,126,144,144,157,167,167,198,212,235,247,259],"floor_reached":45,"playtime":2368,"items_purged":[],"score":864,"play_id":"0de04412-4649-4380-ab97-0d7c47e3e333","local_time":"20180908194732","is_ascension_mode":true,"campfire_choices":[{"data":"Neutralize","floor":6.0,"key":"SMITH"},{"data":"Dagger Spray","floor":8.0,"key":"SMITH"},{"data":"After Image","floor":10.0,"key":"SMITH"},{"data":"Malaise","floor":15.0,"key":"SMITH"},{"floor":23.0,"key":"REST"},{"floor":28.0,"key":"REST"},{"data":"Sucker Punch","floor":32.0,"key":"SMITH"},{"floor":40.0,"key":"REST"}],"neow_cost":"NONE","seed_source_timestamp":15841105200949,"circlet_count":0,"master_deck":["Defend_G","Defend_G","Defend_G","Defend_G","Defend_G","Strike_G","Survivor","Neutralize+1","AscendersBane","After Image+1","Dagger Spray+1","Masterful Stab","Dagger Spray+1","Crippling Poison","Malaise+1","Backstab","Tools of the Trade","Underhanded Strike+1","Cloak And Dagger+1","Deflect+1","Backflip","Adrenaline","Escape Plan","Skewer+1","Sucker Punch+1","J.A.X.","Die Die Die","PiercingWail","Cloak And Dagger+1"],"special_seed":0,"relics":["Ring of the Snake","Blue Candle","Regal Pillow","Astrolabe","Orichalcum","Bronze Scales","Enchiridion","Art of War","Sozu","Lantern","MawBank"],"potions_floor_usage":[42],"damage_taken":[{"damage":9.0,"enemies":"Jaw Worm","floor":1.0,"turns":8.0},{"damage":6.0,"enemies":"Small Slimes","floor":2.0,"turns":4.0},{"damage":0.0,"enemies":"2 Louse","floor":4.0,"turns":3.0},{"damage":6.0,"enemies":"Large Slime","floor":7.0,"turns":6.0},{"damage":0.0,"enemies":"2 Fungi Beasts","floor":11.0,"turns":3.0},{"damage":12.0,"enemies":"Gremlin Nob","floor":12.0,"turns":4.0},{"damage":6.0,"enemies":"Blue Slaver","floor":14.0,"turns":5.0},{"damage":29.0,"enemies":"Hexaghost","floor":16.0,"turns":16.0},{"damage":15.0,"enemies":"2 Thieves","floor":18.0,"turns":5.0},{"damage":4.0,"enemies":"Spheric Guardian","floor":19.0,"turns":4.0},{"damage":11.0,"enemies":"Centurion and Healer","floor":20.0,"turns":10.0},{"damage":9.0,"enemies":"Chosen and Byrds","floor":22.0,"turns":11.0},{"damage":8.0,"enemies":"Book of Stabbing","floor":24.0,"turns":9.0},{"damage":7.0,"enemies":"Snake Plant","floor":27.0,"turns":4.0},{"damage":33.0,"enemies":"Automaton","floor":33.0,"turns":12.0},{"damage":6.0,"enemies":"3 Darklings","floor":35.0,"turns":4.0},{"damage":3.0,"enemies":"3 Shapes","floor":36.0,"turns":6.0},{"damage":20.0,"enemies":"Maw","floor":38.0,"turns":8.0},{"damage":0.0,"enemies":"4 Shapes","floor":39.0,"turns":8.0},{"damage":52,"enemies":"2 Orb Walkers","floor":41,"turns":7},{"damage":10,"enemies":"3 Darklings","floor":42,"turns":3},{"damage":6,"enemies":"Spire Growth","floor":45,"turns":2}],"seed_played":"-1658077208228829294","potions_obtained":[{"floor":7.0,"key":"FairyPotion"},{"floor":11.0,"key":"Strength Potion"},{"floor":12.0,"key":"Dexterity Potion"},{"floor":33.0,"key":"Weak Potion"}],"is_trial":false,"path_per_floor":["M","M","?","M","?","R","M","R","T","R","M","E","?","M","R","B",null,"M","M","M","$","M","R","E","?","T","M","R","?","$","?","R","B",null,"M","M","$","M","M","R","E","M","T","?"],"character_chosen":"THE_SILENT","items_purchased":["Backflip","Adrenaline","Orichalcum"],"campfire_rested":3,"item_purchase_floors":[21,21,21],"current_hp_per_floor":[50,44,44,44,44,44,38,38,38,38,38,26,48,42,42,13,53,38,34,23,23,14,48,40,19,19,12,46,46,46,46,46,13,53,47,44,44,24,24,58,6,6,6,6,0],"gold":259,"neow_bonus":"ONE_RANDOM_RARE_CARD","is_prod":false,"is_daily":false,"chose_seed":false,"campfire_upgraded":5,"win_rate":0,"timestamp":1536461252,"path_taken":["M","M","?","M","?","R","M","R","T","R","M","E","?","?","R","BOSS","M","M","M","$","M","R","E","?","T","M","R","?","$","?","R","BOSS","M","M","$","M","?","R","E","M","T","?","?"],"build_version":"2018-09-06","purchased_purges":0,"victory":false,"max_hp_per_floor":[66,66,66,66,66,66,66,66,66,66,66,66,66,66,66,66,66,66,66,66,66,66,66,66,66,66,66,66,66,66,66,66,66,66,66,66,66,66,66,66,66,66,66,66,66],"card_choices":[{"not_picked":["Underhanded Strike","Blade Dance"],"picked":"Dagger Spray","floor":1.0},{"not_picked":["Backflip","Dagger Throw"],"picked":"Masterful Stab","floor":2.0},{"not_picked":["Calculated Gamble","Accuracy"],"picked":"Dagger Spray","floor":4.0},{"not_picked":["Outmaneuver","Concentrate"],"picked":"Crippling Poison","floor":7.0},{"not_picked":["Dagger Throw","Crippling Poison","Poisoned Stab"],"picked":"SKIP","floor":11.0},{"not_picked":["Die Die Die","Backflip"],"picked":"Malaise","floor":12.0},{"not_picked":["Acrobatics","PiercingWail"],"picked":"Backstab","floor":14.0},{"not_picked":["Unload","Bullet Time"],"picked":"Tools of the Trade","floor":16.0},{"not_picked":["Underhanded Strike","Choke","Sucker Punch"],"picked":"SKIP","floor":18.0},{"not_picked":["Poisoned Stab","Expertise","Distraction"],"picked":"SKIP","floor":19.0},{"not_picked":["Reflex","Quick Slash+1","Sucker Punch"],"picked":"SKIP","floor":20.0},{"not_picked":["Concentrate","Finisher+1"],"picked":"Escape Plan","floor":22.0},{"not_picked":["Finisher","Dodge and Roll"],"picked":"Skewer+1","floor":24.0},{"not_picked":["Flying Knee","Backflip"],"picked":"Sucker Punch","floor":27.0},{"not_picked":["Tools of the Trade","Envenom"],"picked":"Die Die Die","floor":33.0},{"not_picked":["Blade Dance+1","Deadly Poison","Skewer"],"picked":"SKIP","floor":35.0},{"not_picked":["Dodge and Roll","Underhanded Strike","Quick Slash"],"picked":"SKIP","floor":36.0},{"not_picked":["Bane","Prepared"],"picked":"PiercingWail","floor":38.0},{"not_picked":["Sucker Punch","Poisoned Stab+1","Endless Agony+1"],"picked":"SKIP","floor":39.0},{"not_picked":["Caltrops","Escape Plan","Concentrate"],"picked":"SKIP","floor":41},{"not_picked":["Heel Hook","Concentrate"],"picked":"Cloak And Dagger+1","floor":42}],"player_experience":1082386,"relics_obtained":[{"floor":9.0,"key":"Blue Candle"},{"floor":12.0,"key":"Regal Pillow"},{"floor":24.0,"key":"Bronze Scales"},{"floor":25.0,"key":"Enchiridion"},{"floor":26.0,"key":"Art of War"},{"floor":41,"key":"Lantern"},{"floor":43,"key":"MawBank"}],"event_choices":[{"event_name":"Living Wall","player_choice":"Grow","floor":3.0,"damage_taken":0.0},{"event_name":"Scrap Ooze","player_choice":"unsuccessful","floor":5.0,"damage_taken":0.0},{"event_name":"Big Fish","player_choice":"Banana","floor":13.0,"damage_taken":0.0},{"event_name":"Cursed Tome","player_choice":"Obtained Book","floor":25.0,"damage_taken":0.0},{"event_name":"Beggar","player_choice":"Gave Gold","floor":29.0,"damage_taken":0.0},{"event_name":"Drug Dealer","player_choice":"Got JAX","floor":31.0,"damage_taken":0.0},{"event_name":"Tomb of Lord Red Mask","player_choice":"Ignored","floor":44,"damage_taken":0}],"is_beta":false,"boss_relics":[{"not_picked":["WristBlade","Runic Pyramid"],"picked":"Astrolabe"},{"not_picked":["Busted Crown","Snecko Eye"],"picked":"Sozu"}],"items_purged_floors":[],"is_endless":false,"potions_floor_spawned":[7,11,12,19,22,33,36,38,39],"killed_by":"Spire Growth","ascension_level":17}