{"gold_per_floor":[209,61,76,76,76,76,103,118,118,118,137,137,172,190,190,293,293,277,288,288,213,1,1,18,30,30,30,30,58,58,114,114,216,216,227,246,261,211,231,259,259,270,270,270,270,285,315,23,23,23],"floor_reached":51,"playtime":3659,"items_purged":["Strike_G+1","Strike_G+1"],"score":961,"play_id":"b7bf1f1c-66c0-441d-ab40-fa3e77c5b7ec","local_time":"20180701192907","is_ascension_mode":true,"campfire_choices":[{"data":"Neutralize","floor":6.0,"key":"SMITH"},{"data":"Cloak And Dagger","floor":10.0,"key":"SMITH"},{"floor":15.0,"key":"REST"},{"data":"Envenom","floor":23.0,"key":"SMITH"},{"data":"Sucker Punch","floor":27.0,"key":"SMITH"},{"floor":32.0,"key":"REST"},{"floor":41.0,"key":"REST"},{"data":"Sucker Punch","floor":44,"key":"SMITH"},{"data":"Cloak And Dagger","floor":49,"key":"SMITH"}],"neow_cost":"","seed_source_timestamp":0,"circlet_count":0,"master_deck":["Defend_G+1","Defend_G+1","Defend_G+1","Defend_G+1","Defend_G+1","Survivor","Neutralize+1","Cloak And Dagger+1","Cloak And Dagger+1","Sucker Punch+1","Noxious Fumes+1","Cloak And Dagger+1","Sucker Punch+1","Noxious Fumes","Envenom+1","Backflip+1","Panache","Footwork","Envenom","Cloak And Dagger+1","Leg Sweep+1","Footwork"],"special_seed":0,"relics":["Ring of the Snake","Letter Opener","Bottled Lightning","Matryoshka","Smiling Mask","Runic Dome","Happy Flower","Pear","Calipers","Mummified Hand","Tiny Chest","Busted Crown","Kunai","Ninja Scroll","Bottled Flame","Bronze Scales","Shuriken"],"potions_floor_usage":[50,50,50],"damage_taken":[{"damage":0.0,"enemies":"2 Louse","floor":1.0,"turns":3.0},{"damage":0.0,"enemies":"Small Slimes","floor":3.0,"turns":4.0},{"damage":6.0,"enemies":"3 Sentries","floor":7.0,"turns":8.0},{"damage":0.0,"enemies":"Jaw Worm","floor":8.0,"turns":4.0},{"damage":1.0,"enemies":"Blue Slaver","floor":11.0,"turns":4.0},{"damage":10.0,"enemies":"Lagavulin","floor":13.0,"turns":7.0},{"damage":17.0,"enemies":"Exordium Thugs","floor":14.0,"turns":4.0},{"damage":29.0,"enemies":"Slime Boss","floor":16.0,"turns":10.0},{"damage":14.0,"enemies":"2 Thieves","floor":18.0,"turns":4.0},{"damage":3.0,"enemies":"Shell Parasite","floor":19.0,"turns":6.0},{"damage":8.0,"enemies":"Snake Plant","floor":24.0,"turns":4.0},{"damage":0.0,"enemies":"Slaver and Parasite","floor":25.0,"turns":6.0},{"damage":14.0,"enemies":"Book of Stabbing","floor":29.0,"turns":5.0},{"damage":6.0,"enemies":"Slavers","floor":31.0,"turns":4.0},{"damage":27.0,"enemies":"Champ","floor":33.0,"turns":10.0},{"damage":0.0,"enemies":"3 Shapes","floor":35.0,"turns":5.0},{"damage":7.0,"enemies":"Orb Walker","floor":36.0,"turns":4.0},{"damage":9.0,"enemies":"3 Darklings","floor":37.0,"turns":4.0},{"damage":0.0,"enemies":"Sphere and 2 Shapes","floor":39.0,"turns":5.0},{"damage":16.0,"enemies":"2 Orb Walkers","floor":40.0,"turns":6.0},{"damage":0.0,"enemies":"4 Shapes","floor":42.0,"turns":5.0},{"damage":0,"enemies":"3 Darklings","floor":46,"turns":4},{"damage":0,"enemies":"Giant Head","floor":47,"turns":8},{"damage":0,"enemies":"Awakened One","floor":50,"turns":10}],"seed_played":"1976228526159650755","potions_obtained":[{"floor":1.0,"key":"Explosive Potion"},{"floor":8.0,"key":"GamblersBrew"},{"floor":13.0,"key":"Regen Potion"},{"floor":19.0,"key":"EssenceOfSteel"},{"floor":31.0,"key":"Weak Potion"},{"floor":33.0,"key":"EssenceOfSteel"},{"floor":37.0,"key":"GhostInAJar"},{"floor":40.0,"key":"SteroidPotion"}],"is_trial":false,"path_per_floor":["M","$","M","?","T","R","E","M","T","R","M","?","E","M","R","B",null,"M","M","?","?","$","R","M","M","T","R","?","E","?","E","R","B",null,"M","M","M","$","M","E","R","M","T","R","T","M","E","$","R","B"],"character_chosen":"THE_SILENT","items_purchased":["Cloak And Dagger","Sucker Punch","Noxious Fumes","Panache","Shuriken"],"campfire_rested":3,"item_purchase_floors":[],"current_hp_per_floor":[70,70,70,63,63,63,57,57,57,57,56,42,32,15,36,22,70,56,53,53,53,53,53,45,45,55,55,55,41,41,35,59,32,80,80,73,64,64,64,48,72,72,72,72,72,72,72,72,72,72],"gold":23,"neow_bonus":"","is_prod":false,"is_daily":false,"chose_seed":false,"campfire_upgraded":6,"win_rate":0,"timestamp":1530498547,"path_taken":["M","$","M","?","?","R","E","M","T","R","?","?","E","M","R","BOSS","M","M","?","?","$","R","?","?","T","R","?","E","?","E","R","BOSS","M","M","M","$","M","E","R","M","T","R","?","?","E","$","R","BOSS"],"build_version":"2018-06-28","purchased_purges":2,"victory":true,"max_hp_per_floor":[70,70,70,70,70,70,70,70,70,70,70,70,70,70,70,70,70,70,70,70,70,70,70,70,70,80,80,80,80,80,80,80,80,80,80,80,80,80,80,80,80,80,80,80,80,80,80,80,80,80],"card_choices":[{"not_picked":["Bouncing Flask","Dodge and Roll"],"picked":"Cloak And Dagger","floor":1.0},{"not_picked":["Riddle With Holes","Blade Dance","Deflect"],"picked":"SKIP","floor":3.0},{"not_picked":["Accuracy","Infinite Blades"],"picked":"Cloak And Dagger","floor":7.0},{"not_picked":["Outmaneuver","Predator"],"picked":"Sucker Punch","floor":8.0},{"not_picked":["Underhanded Strike","Sucker Punch","Infinite Blades"],"picked":"SKIP","floor":11.0},{"not_picked":["Dagger Spray","Deflect"],"picked":"Noxious Fumes","floor":13.0},{"not_picked":["Acrobatics","Blur","Bane"],"picked":"SKIP","floor":14.0},{"not_picked":["Die Die Die","Tools of the Trade"],"picked":"Envenom","floor":16.0},{"not_picked":["Dagger Throw","Bane","Poisoned Stab"],"picked":"SKIP","floor":18.0},{"not_picked":["Underhanded Strike","Noxious Fumes"],"picked":"Backflip+1","floor":19.0},{"not_picked":["Dodge and Roll","All Out Attack","Underhanded Strike"],"picked":"SKIP","floor":24.0},{"not_picked":["Reflex","Dodge and Roll","Concentrate"],"picked":"SKIP","floor":25.0},{"not_picked":["Outmaneuver","Eviscerate"],"picked":"Footwork","floor":29.0},{"not_picked":["Tactician","Dagger Spray","Slice"],"picked":"SKIP","floor":31.0},{"not_picked":["Phantasmal Killer","Doppelganger"],"picked":"Envenom","floor":33.0},{"not_picked":[],"picked":"Cloak And Dagger+1","floor":35.0},{"not_picked":[],"picked":"Leg Sweep+1","floor":36.0},{"not_picked":[],"picked":"Footwork","floor":37.0},{"not_picked":["Dodge and Roll+1"],"picked":"SKIP","floor":39.0},{"not_picked":["Sucker Punch"],"picked":"SKIP","floor":40.0},{"not_picked":["All Out Attack"],"picked":"SKIP","floor":42.0},{"not_picked":["PiercingWail"],"picked":"SKIP","floor":46},{"not_picked":["Reflex+1"],"picked":"SKIP","floor":47}],"player_experience":657032,"relics_obtained":[{"floor":5.0,"key":"Letter Opener"},{"floor":7.0,"key":"Bottled Lightning"},{"floor":9.0,"key":"Matryoshka"},{"floor":13.0,"key":"Smiling Mask"},{"floor":26.0,"key":"Happy Flower"},{"floor":26.0,"key":"Pear"},{"floor":29.0,"key":"Calipers"},{"floor":31.0,"key":"Tiny Chest"},{"floor":40.0,"key":"Kunai"},{"floor":43.0,"key":"Ninja Scroll"},{"floor":45,"key":"Bottled Flame"},{"floor":47,"key":"Bronze Scales"}],"event_choices":[{"event_name":"Golden Wing","player_choice":"Card Removal","floor":4.0,"damage_taken":0.0},{"event_name":"Shining Light","player_choice":"Entered Light","floor":12.0,"damage_taken":0.0},{"event_name":"Wheel of Change","player_choice":"Card Removal","floor":20.0,"damage_taken":0.0},{"event_name":"Beggar","player_choice":"Gave Gold","floor":21.0,"damage_taken":0.0},{"event_name":"Back to Basics","player_choice":"Simplicity","floor":28.0,"damage_taken":0.0},{"event_name":"The Mausoleum","player_choice":"Yes","floor":30.0,"damage_taken":0.0}],"boss_relics":[{"not_picked":["Runic Pyramid","Fusion Hammer"],"picked":"Runic Dome"},{"not_picked":["White Beast Statue","Orrery"],"picked":"Busted Crown"}],"items_purged_floors":[],"is_endless":false,"potions_floor_spawned":[1,8,13,19,31,33,37,39,40,47],"ascension_level":4}