{"gold_per_floor":[109,121,131,131,144,144,175,175,175,193,193,208,233,9,9,81,81,91,26,26,54,54,80,80,112,112,126,126],"floor_reached":28,"playtime":959,"items_purged":[],"score":582,"play_id":"2b040eb9-e1b5-4991-8c89-ba9dbad640a1","local_time":"20181224180606","is_ascension_mode":true,"campfire_choices":[{"data":"Bludgeon","floor":6.0,"key":"SMITH"},{"data":"Feed","floor":8.0,"key":"SMITH"},{"data":"Bash","floor":15.0,"key":"SMITH"},{"floor":24.0,"key":"REST"}],"neow_cost":"TEN_PERCENT_HP_LOSS","seed_source_timestamp":9432757708767,"circlet_count":0,"master_deck":["AscendersBane","Strike_R","Strike_R","Strike_R","Strike_R","Strike_R","Defend_R","Defend_R","Defend_R","Defend_R","Bash+1","Feed+1","Twin Strike","Bludgeon+1","Clumsy","Fiend Fire","Evolve","Spot Weakness","Battle Trance","Pummel","Offering","Impervious","Headbutt","Feel No Pain","Demon Form","Flex+1"],"special_seed":0,"relics":["Burning Blood","Pantograph","The Courier","Dream Catcher","Medical Kit","Runic Dome","Red Mask","Champion Belt","Strawberry","Anchor","Omamori"],"potions_floor_usage":[28],"damage_taken":[{"damage":24.0,"enemies":"Jaw Worm","floor":1.0,"turns":4.0},{"damage":6.0,"enemies":"Cultist","floor":2.0,"turns":3.0},{"damage":5.0,"enemies":"Small Slimes","floor":3.0,"turns":3.0},{"damage":16.0,"enemies":"Blue Slaver","floor":5.0,"turns":3.0},{"damage":5.0,"enemies":"Lagavulin","floor":7.0,"turns":5.0},{"damage":25.0,"enemies":"Exordium Thugs","floor":10.0,"turns":5.0},{"damage":0.0,"enemies":"2 Fungi Beasts","floor":12.0,"turns":2.0},{"damage":20.0,"enemies":"3 Sentries","floor":13.0,"turns":5.0},{"damage":30.0,"enemies":"Slime Boss","floor":16.0,"turns":6.0},{"damage":41.0,"enemies":"2 Thieves","floor":18.0,"turns":4.0},{"damage":18.0,"enemies":"Masked Bandits","floor":21.0,"turns":3.0},{"damage":31.0,"enemies":"Book of Stabbing","floor":23.0,"turns":4.0},{"damage":36.0,"enemies":"Gremlin Leader","floor":25.0,"turns":5.0},{"damage":15.0,"enemies":"Chosen","floor":27.0,"turns":6.0},{"damage":25,"enemies":"Book of Stabbing","floor":28,"turns":3}],"seed_played":"548512528633712965","potions_obtained":[{"floor":1.0,"key":"AttackPotion"},{"floor":5.0,"key":"FearPotion"},{"floor":10.0,"key":"SkillPotion"},{"floor":18.0,"key":"SneckoOil"},{"floor":23.0,"key":"Block Potion"},{"floor":27.0,"key":"SneckoOil"}],"is_trial":false,"path_per_floor":["M","M","M","?","M","R","E","E","R","T","M","?","M","E","$","R","B",null,"M","$","?","?","T","E","R","E","T","M","E"],"character_chosen":"IRONCLAD","items_purchased":["Medical Kit","AttackPotion","Impervious"],"campfire_rested":1,"item_purchase_floors":[14,14,19],"current_hp_per_floor":[53,56,60,60,53,53,54,54,54,39,39,49,39,39,39,40,79,48,48,48,40,40,22,54,24,24,19,0],"gold":126,"neow_bonus":"THREE_RARE_CARDS","is_prod":false,"is_daily":false,"chose_seed":false,"campfire_upgraded":3,"win_rate":0,"timestamp":1545645966,"path_taken":["M","M","M","?","M","R","E","R","T","?","?","M","E","?","R","BOSS","M","$","?","?","?","E","R","E","T","M","E"],"build_version":"2018-12-20","purchased_purges":0,"victory":false,"max_hp_per_floor":[71,74,77,77,80,80,80,80,80,84,84,88,92,92,92,92,92,96,96,96,100,100,107,107,107,107,111,111],"card_choices":[{"not_picked":["Reaper","Offering"],"picked":"Feed","floor":0.0},{"not_picked":["Entrench","Blood for Blood"],"picked":"Twin Strike","floor":1.0},{"not_picked":["Armaments","Clash","Clothesline"],"picked":"SKIP","floor":2.0},{"not_picked":["Sword Boomerang","Battle Trance"],"picked":"Bludgeon","floor":3.0},{"not_picked":["Thunderclap","Havoc","Sentinel"],"picked":"SKIP","floor":5.0},{"not_picked":["Power Through","Anger"],"picked":"Evolve","floor":7.0},{"not_picked":["Dual Wield","Sword Boomerang"],"picked":"Spot Weakness","floor":10.0},{"not_picked":["Cleave","Shrug It Off"],"picked":"Battle Trance","floor":12.0},{"not_picked":["Searing Blow","Pommel Strike"],"picked":"Pummel","floor":13.0},{"not_picked":["Feed","Barricade"],"picked":"Offering","floor":16.0},{"not_picked":["Iron Wave","Cleave","Perfected Strike"],"picked":"SKIP","floor":18.0},{"not_picked":["Iron Wave","Cleave","Perfected Strike"],"picked":"SKIP","floor":18.0},{"not_picked":["Flame Barrier","Clothesline"],"picked":"Headbutt","floor":21.0},{"not_picked":["Iron Wave","Cleave","Havoc"],"picked":"SKIP","floor":23.0},{"not_picked":["Spot Weakness","Perfected Strike+1"],"picked":"Feel No Pain","floor":24.0},{"not_picked":["Flex","Cleave+1"],"picked":"Demon Form","floor":25.0},{"not_picked":["Iron Wave","Wild Strike+1"],"picked":"Flex+1","floor":27.0}],"player_experience":2436392,"relics_obtained":[{"floor":7.0,"key":"Pantograph"},{"floor":9.0,"key":"The Courier"},{"floor":13.0,"key":"Dream Catcher"},{"floor":21.0,"key":"Red Mask"},{"floor":22.0,"key":"Champion Belt"},{"floor":23.0,"key":"Strawberry"},{"floor":25.0,"key":"Anchor"},{"floor":26.0,"key":"Omamori"}],"event_choices":[{"damage_healed":0.0,"max_hp_gain":0.0,"max_hp_loss":0.0,"gold_gain":0.0,"event_name":"Match and Keep!","player_choice":"2 cards matched","floor":4.0,"gold_loss":0.0,"damage_taken":0.0,"cards_obtained":["Clumsy","Fiend Fire"]},{"damage_healed":0.0,"max_hp_gain":0.0,"max_hp_loss":0.0,"gold_gain":0.0,"event_name":"Liars Game","player_choice":"Ignored","floor":11.0,"gold_loss":0.0,"damage_taken":0.0},{"damage_healed":0.0,"max_hp_gain":0.0,"max_hp_loss":0.0,"gold_gain":0.0,"event_name":"Vampires","player_choice":"Ignored","floor":20.0,"gold_loss":0.0,"damage_taken":0.0},{"damage_healed":0.0,"max_hp_gain":0.0,"max_hp_loss":0.0,"gold_gain":0.0,"event_name":"Masked Bandits","player_choice":"Fought Bandits","floor":21.0,"gold_loss":0.0,"damage_taken":0.0}],"is_beta":false,"boss_relics":[{"not_picked":["Runic Cube","Philosopher\u0027s Stone"],"picked":"Runic Dome"}],"items_purged_floors":[],"is_endless":false,"potions_floor_spawned":[1,5,10,18,23,27],"killed_by":"Book of Stabbing","ascension_level":20}