{"gold_per_floor":[118,118,133,153,171,171,201,201,201,201,232,13,29,39,39,144,144,156,156,33,33,45,45,60,60,60,60,90,189,209,124,124,124],"floor_reached":33,"playtime":984,"items_purged":["Strike_B"],"score":413,"play_id":"30f54940-f440-47dd-a0ac-12e9fc6e5309","local_time":"25611214003930","is_ascension_mode":true,"campfire_choices":[{"data":"Defragment","floor":6.0,"key":"SMITH"},{"data":"Chill","floor":8.0,"key":"SMITH"},{"floor":10.0,"key":"REST"},{"data":"Static Discharge","floor":15,"key":"SMITH"},{"data":"Static Discharge","floor":23,"key":"SMITH"},{"floor":25,"key":"REST"},{"data":"Core Surge","floor":27,"key":"SMITH"},{"floor":32,"key":"REST"}],"neow_cost":"NONE","seed_source_timestamp":41804431929497,"circlet_count":0,"master_deck":["AscendersBane","Strike_B","Strike_B","Strike_B","Defend_B","Defend_B","Defend_B","Defend_B","Zap+1","Dualcast","Conserve Battery","Genetic Algorithm","Defragment+1","Chill+1","Core Surge+1","Static Discharge+1","Ball Lightning","Echo Form+1","Coolheaded","Static Discharge+1"],"special_seed":0,"relics":["Cracked Core","Strawberry","Mercury Hourglass","Calipers","Gambling Chip","Oddly Smooth Stone","Philosopher\u0027s Stone","Nilry\u0027s Codex","Shuriken","Potion Belt","Molten Egg 2"],"potions_floor_usage":[22,28],"damage_taken":[{"damage":0.0,"enemies":"Small Slimes","floor":1.0,"turns":3.0},{"damage":0.0,"enemies":"Cultist","floor":3.0,"turns":3.0},{"damage":0.0,"enemies":"Jaw Worm","floor":4.0,"turns":3.0},{"damage":0.0,"enemies":"2 Fungi Beasts","floor":5.0,"turns":4.0},{"damage":36.0,"enemies":"Lagavulin","floor":7.0,"turns":7.0},{"damage":26.0,"enemies":"Gremlin Nob","floor":11.0,"turns":5.0},{"damage":0.0,"enemies":"Exordium Wildlife","floor":13.0,"turns":5.0},{"damage":0,"enemies":"3 Louse","floor":14,"turns":2},{"damage":28,"enemies":"Hexaghost","floor":16,"turns":7},{"damage":17,"enemies":"2 Thieves","floor":18,"turns":3},{"damage":0,"enemies":"Spheric Guardian","floor":22,"turns":3},{"damage":6,"enemies":"Snake Plant","floor":24,"turns":3},{"damage":26,"enemies":"Slavers","floor":28,"turns":5},{"damage":26,"enemies":"Centurion and Healer","floor":30,"turns":5},{"damage":40,"enemies":"Automaton","floor":33,"turns":6}],"seed_played":"-8162748739143559825","potions_obtained":[{"floor":4.0,"key":"Energy Potion"},{"floor":11.0,"key":"Ancient Potion"},{"floor":16,"key":"Regen Potion"},{"floor":22,"key":"Explosive Potion"},{"floor":30,"key":"Fire Potion"}],"is_trial":false,"path_per_floor":["M","?","M","M","M","R","E","R","T","R","E","$","M","M","R","B",null,"M","?","$","?","M","R","M","R","T","R","E","?","M","?","R","B"],"character_chosen":"DEFECT","items_purchased":["Static Discharge","Oddly Smooth Stone","Coolheaded"],"campfire_rested":3,"item_purchase_floors":[12,12,20],"current_hp_per_floor":[75,75,75,75,75,75,39,39,39,63,37,37,37,37,37,9,64,47,47,47,31,40,40,34,58,58,58,32,32,6,6,30,0],"gold":124,"neow_bonus":"RANDOM_COMMON_RELIC","is_prod":false,"is_daily":false,"chose_seed":false,"campfire_upgraded":5,"win_rate":0,"timestamp":1544722770,"path_taken":["M","?","M","M","M","R","E","R","T","R","E","$","M","?","R","BOSS","M","?","?","?","M","R","M","R","T","R","E","?","?","?","R","BOSS"],"build_version":"2018-12-06","purchased_purges":1,"victory":false,"max_hp_per_floor":[82,82,82,82,82,82,82,82,82,82,82,82,82,82,82,82,82,82,82,82,82,82,82,82,82,82,82,82,82,82,82,82,82],"card_choices":[{"not_picked":["Static Discharge","Streamline"],"picked":"Conserve Battery","floor":1.0},{"not_picked":["Fusion","Leap","Reinforced Body"],"picked":"SKIP","floor":3.0},{"not_picked":["Undo","Ball Lightning"],"picked":"Genetic Algorithm","floor":4.0},{"not_picked":["Leap","Sweeping Beam"],"picked":"Defragment","floor":5.0},{"not_picked":["Reprogram","Go for the Eyes"],"picked":"Chill","floor":7.0},{"not_picked":["Reprogram","Turbo"],"picked":"Core Surge","floor":11.0},{"not_picked":["Double Energy","Recycle","Darkness"],"picked":"SKIP","floor":13.0},{"not_picked":["Redo","Streamline"],"picked":"Ball Lightning","floor":14},{"not_picked":["All For One","Machine Learning"],"picked":"Echo Form","floor":16},{"not_picked":["Barrage","Leap","Recycle"],"picked":"SKIP","floor":18},{"not_picked":["Sunder","Conserve Battery+1"],"picked":"Static Discharge","floor":22},{"not_picked":["Gash","Compile Driver","Sweeping Beam"],"picked":"SKIP","floor":24},{"not_picked":["Consume","Barrage+1","Streamline"],"picked":"SKIP","floor":28},{"not_picked":["Stack","Rebound","Compile Driver"],"picked":"SKIP","floor":30}],"player_experience":202599,"relics_obtained":[{"floor":7.0,"key":"Mercury Hourglass"},{"floor":9.0,"key":"Calipers"},{"floor":11.0,"key":"Gambling Chip"},{"floor":21,"key":"Nilry\u0027s Codex"},{"floor":26,"key":"Shuriken"},{"floor":28,"key":"Potion Belt"}],"event_choices":[{"damage_healed":0.0,"max_hp_gain":0.0,"max_hp_loss":0.0,"gold_gain":0.0,"event_name":"Accursed Blacksmith","player_choice":"Forge","floor":2.0,"gold_loss":0.0,"damage_taken":0.0,"cards_upgraded":["Zap"]},{"damage_healed":0,"gold_gain":0,"player_choice":"Upgraded","damage_taken":0,"max_hp_gain":0,"max_hp_loss":0,"event_name":"Upgrade Shrine","floor":19,"gold_loss":0,"cards_upgraded":["Echo Form"]},{"damage_healed":0,"gold_gain":0,"player_choice":"Obtained Book","damage_taken":16,"max_hp_gain":0,"max_hp_loss":0,"event_name":"Cursed Tome","floor":21,"gold_loss":0},{"damage_healed":0,"gold_gain":99,"player_choice":"Stole From Cult","damage_taken":0,"max_hp_gain":0,"max_hp_loss":0,"event_name":"Nest","floor":29,"gold_loss":0},{"damage_healed":0,"gold_gain":0,"player_choice":"Obtained Relic","damage_taken":0,"relics_obtained":["Molten Egg 2"],"max_hp_gain":0,"max_hp_loss":0,"event_name":"Addict","floor":31,"gold_loss":85}],"is_beta":false,"boss_relics":[{"not_picked":["Velvet Choker","Tiny House"],"picked":"Philosopher\u0027s Stone"}],"items_purged_floors":[20],"is_endless":false,"potions_floor_spawned":[4,11,16,22,30],"killed_by":"Automaton","ascension_level":10}