{"gold_per_floor":[114,129,140,153,169,203,222,247,247,247,247,258,258,275,275,371,371,381,381,395,405,98,132,132,132,185,203,230,243,243,262,262,360,360,376,396,396,396,408,408,442,110,133,182,182,196,196,208,208,308,308,327,327,125,155,165,165,185,185,208,218,233,233,233,35,35,130,130,140,155,155,155,155,155,186,199,229,61,71,71,71,82,82,187,187,206,206,216,216,229,260,270,270,296,66,166,200,215,215,215,313,313,328,390,390,36,352,380,380,380,419,419,458,51,51,67,67,186,186,205,205,205,221,221,257,257,8,48,48,48,48,89,107,107,238,238,258,258,258],"floor_reached":139,"playtime":8742,"items_purged":[],"score":4062,"play_id":"32b275bd-c6b6-49b0-81c7-253e06c0eeaf","local_time":"20181115184235","daily_mods":["Hoarder","Shiny","Vintage"],"is_ascension_mode":false,"campfire_choices":[{"floor":11.0,"key":"REST"},{"data":"Electrodynamics","floor":13.0,"key":"SMITH"},{"data":"Echo Form","floor":15.0,"key":"SMITH"},{"data":"Buffer","floor":24.0,"key":"SMITH"},{"data":"Electrodynamics","floor":30.0,"key":"SMITH"},{"floor":32.0,"key":"REST"},{"data":"Electrodynamics","floor":40.0,"key":"SMITH"},{"floor":49.0,"key":"REST"},{"data":"Defragment","floor":57.0,"key":"SMITH"},{"data":"Defragment","floor":59.0,"key":"SMITH"},{"data":"Defragment","floor":66.0,"key":"SMITH"},{"data":"Biased Cognition","floor":74.0,"key":"SMITH"},{"data":"All For One","floor":80.0,"key":"SMITH"},{"data":"Fission","floor":83.0,"key":"SMITH"},{"data":"Hyperbeam+1","floor":100.0,"key":"PURGE"},{"data":"Core Surge","floor":109,"key":"SMITH"},{"data":"Rainbow+1","floor":112,"key":"PURGE"},{"data":"Machine Learning","floor":115,"key":"PURGE"},{"data":"Echo Form+1","floor":117,"key":"PURGE"},{"data":"Core Surge+1","floor":126,"key":"PURGE"},{"data":"1","floor":131,"key":"LIFT"},{"data":"2","floor":134,"key":"LIFT"}],"neow_cost":"","seed_source_timestamp":0,"circlet_count":2,"master_deck":["Thunder Strike+1","Biased Cognition+1","Electrodynamics+1","Buffer+1","Seek+1","Echo Form+1","All For One+1","Reboot+1","Amplify+1","Fission+1","Electrodynamics+1","Electrodynamics+1","Gash+1","Gash+1","Gash+1","Ball Lightning+1","Ball Lightning+1","Ball Lightning+1","Defragment+1","Defragment+1","Defragment+1","Gash+1","Gash+1","Echo Form+1","Defragment+1","Defragment+1","Defragment+1"],"special_seed":0,"relics":["Cracked Core","Omamori","War Paint","DataDisk","Ancient Tea Set","Singing Bowl","The Courier","Kunai","Pear","Blood Vial","Dodecahedron","Darkstone Periapt","Inserter","Molten Egg 2","Bronze Scales","MawBank","Mummified Hand","Whetstone","Art of War","Tiny Chest","Strawberry","Torii","Juzu Bracelet","Orichalcum","Black Star","Matryoshka","Lantern","Cables","Prayer Wheel","Thread and Needle","Bag of Preparation","HandDrill","Oddly Smooth Stone","Happy Flower","Emotion Chip","Potion Belt","PreservedInsect","Empty Cage","Vajra","Gremlin Horn","Regal Pillow","Anchor","Sundial","Bag of Marbles","Centennial Puzzle","Pantograph","Symbiotic Virus","Boot","Blue Candle","Cursed Key","Mercury Hourglass","Bottled Flame","Letter Opener","Runic Capacitor","Meat on the Bone","FossilizedHelix","Nuclear Battery","Peace Pipe","Incense Burner","Turnip","Gambling Chip","FaceOfCleric","Mango","Nunchaku","StoneCalendar","Dream Catcher","Bottled Lightning","Pen Nib","Toxic Egg 2","Old Coin","Golden Idol","Frozen Egg 2","Bottled Tornado","WingedGreaves","Calipers","Unceasing Top","Girya","Bird Faced Urn","Circlet","Fusion Hammer"],"potions_floor_usage":[135],"damage_taken":[{"damage":6.0,"enemies":"Cultist","floor":1.0,"turns":4.0},{"damage":18.0,"enemies":"Jaw Worm","floor":2.0,"turns":3.0},{"damage":7.0,"enemies":"2 Louse","floor":3.0,"turns":2.0},{"damage":8.0,"enemies":"Gremlin Gang","floor":4.0,"turns":2.0},{"damage":11.0,"enemies":"Large Slime","floor":5.0,"turns":4.0},{"damage":0.0,"enemies":"Lagavulin","floor":6.0,"turns":5.0},{"damage":6.0,"enemies":"Exordium Thugs","floor":7.0,"turns":2.0},{"damage":14.0,"enemies":"Gremlin Nob","floor":8.0,"turns":3.0},{"damage":0.0,"enemies":"Lots of Slimes","floor":12.0,"turns":1.0},{"damage":10.0,"enemies":"Looter","floor":14.0,"turns":2.0},{"damage":3.0,"enemies":"The Guardian","floor":16.0,"turns":5.0},{"damage":10.0,"enemies":"Spheric Guardian","floor":18.0,"turns":3.0},{"damage":10.0,"enemies":"Chosen","floor":20.0,"turns":2.0},{"damage":0.0,"enemies":"Snecko","floor":21.0,"turns":2.0},{"damage":32.0,"enemies":"Slavers","floor":23.0,"turns":2.0},{"damage":13.0,"enemies":"Shelled Parasite and Fungi","floor":27.0,"turns":3.0},{"damage":12.0,"enemies":"Book of Stabbing","floor":28.0,"turns":3.0},{"damage":0.0,"enemies":"Chosen and Byrds","floor":29.0,"turns":2.0},{"damage":12.0,"enemies":"Centurion and Healer","floor":31.0,"turns":2.0},{"damage":0.0,"enemies":"Collector","floor":33.0,"turns":3.0},{"damage":1.0,"enemies":"3 Shapes","floor":35.0,"turns":3.0},{"damage":8.0,"enemies":"3 Darklings","floor":36.0,"turns":2.0},{"damage":0.0,"enemies":"Jaw Worm Horde","floor":39.0,"turns":2.0},{"damage":51.0,"enemies":"Nemesis","floor":41.0,"turns":5.0},{"damage":0.0,"enemies":"2 Orb Walkers","floor":44.0,"turns":2.0},{"damage":0.0,"enemies":"Sphere and 2 Shapes","floor":46.0,"turns":1.0},{"damage":0.0,"enemies":"Writhing Mass","floor":48.0,"turns":3.0},{"damage":0.0,"enemies":"Donu and Deca","floor":50.0,"turns":3.0},{"damage":0.0,"enemies":"Cultist","floor":52.0,"turns":2.0},{"damage":0.0,"enemies":"Jaw Worm","floor":56.0,"turns":1.0},{"damage":0.0,"enemies":"Small Slimes","floor":58.0,"turns":1.0},{"damage":0.0,"enemies":"Looter","floor":61.0,"turns":1.0},{"damage":0.0,"enemies":"Gremlin Gang","floor":62.0,"turns":1.0},{"damage":16.0,"enemies":"The Guardian","floor":67.0,"turns":3.0},{"damage":6.0,"enemies":"Chosen","floor":69.0,"turns":2.0},{"damage":0.0,"enemies":"Spheric Guardian","floor":70.0,"turns":1.0},{"damage":0.0,"enemies":"Slavers","floor":75.0,"turns":1.0},{"damage":1.0,"enemies":"Cultist and Chosen","floor":76.0,"turns":2.0},{"damage":0.0,"enemies":"Gremlin Leader","floor":77.0,"turns":3.0},{"damage":0.0,"enemies":"Snake Plant","floor":79.0,"turns":2.0},{"damage":0.0,"enemies":"3 Cultists","floor":82.0,"turns":1.0},{"damage":0.0,"enemies":"Champ","floor":84.0,"turns":3.0},{"damage":0.0,"enemies":"3 Shapes","floor":86.0,"turns":1.0},{"damage":0.0,"enemies":"Orb Walker","floor":88.0,"turns":1.0},{"damage":0.0,"enemies":"Jaw Worm Horde","floor":90.0,"turns":1.0},{"damage":0.0,"enemies":"Reptomancer","floor":91.0,"turns":2.0},{"damage":0.0,"enemies":"Sphere and 2 Shapes","floor":92.0,"turns":2.0},{"damage":0.0,"enemies":"Giant Head","floor":94.0,"turns":2.0},{"damage":0.0,"enemies":"Mind Bloom Boss Battle","floor":96.0,"turns":2.0},{"damage":37.0,"enemies":"Nemesis","floor":97.0,"turns":3.0},{"damage":0.0,"enemies":"Spire Growth","floor":98.0,"turns":2.0},{"damage":18.0,"enemies":"Time Eater","floor":101.0,"turns":3.0},{"damage":0,"enemies":"2 Louse","floor":103,"turns":1},{"damage":0,"enemies":"3 Sentries","floor":104,"turns":2},{"damage":0,"enemies":"Cultist","floor":107,"turns":1},{"damage":0,"enemies":"Gremlin Nob","floor":108,"turns":1},{"damage":0,"enemies":"Lagavulin","floor":111,"turns":1},{"damage":0,"enemies":"Gremlin Nob","floor":113,"turns":1},{"damage":0,"enemies":"Jaw Worm","floor":116,"turns":1},{"damage":0,"enemies":"Slime Boss","floor":118,"turns":2},{"damage":0,"enemies":"2 Thieves","floor":120,"turns":1},{"damage":0,"enemies":"Shell Parasite","floor":123,"turns":1},{"damage":0,"enemies":"Gremlin Leader","floor":125,"turns":1},{"damage":0,"enemies":"Book of Stabbing","floor":128,"turns":1},{"damage":0,"enemies":"Slavers","floor":132,"turns":1},{"damage":0,"enemies":"Centurion and Healer","floor":133,"turns":1},{"damage":23,"enemies":"Champ","floor":135,"turns":3},{"damage":0,"enemies":"3 Darklings","floor":137,"turns":1}],"seed_played":"-3454853482008166619","potions_obtained":[{"floor":2.0,"key":"Ancient Potion"},{"floor":6.0,"key":"EssenceOfSteel"},{"floor":7.0,"key":"Fruit Juice"},{"floor":10.0,"key":"Fruit Juice"},{"floor":10.0,"key":"FairyPotion"},{"floor":10.0,"key":"LiquidBronze"},{"floor":12.0,"key":"SkillPotion"},{"floor":16.0,"key":"FearPotion"},{"floor":20.0,"key":"PowerPotion"},{"floor":21.0,"key":"Swift Potion"},{"floor":23.0,"key":"SkillPotion"},{"floor":27.0,"key":"EntropicBrew"},{"floor":29.0,"key":"Weak Potion"},{"floor":39.0,"key":"PowerPotion"},{"floor":41.0,"key":"Swift Potion"},{"floor":48.0,"key":"AttackPotion"},{"floor":52.0,"key":"Explosive Potion"},{"floor":61.0,"key":"EssenceOfSteel"},{"floor":67.0,"key":"LiquidBronze"},{"floor":77.0,"key":"SkillPotion"},{"floor":91.0,"key":"LiquidBronze"},{"floor":92.0,"key":"AttackPotion"},{"floor":97.0,"key":"Weak Potion"},{"floor":111,"key":"Weak Potion"},{"floor":123,"key":"Fire Potion"},{"floor":138,"key":"LiquidBronze"}],"is_trial":true,"path_per_floor":["M","M","M","M","M","E","M","E","T","?","R","M","R","M","R","B",null,"M","?","M","M","$","E","R","?","T","M","E","M","R","M","R","B",null,"M","M","?","?","M","R","E","$","T","?","?","M","?","M","R","B",null,"M","?","$","?","M","R","M","R","T","M","M","?","?","$","R","B",null,"M","M","?","?","$","R","E","M","E","$","M","R","?","M","R","B",null,"M","?","M","?","M","E","M","?","E","$","?","E","M","?","R","B",null,"M","?","?","$","M","E","R","?","E","R","E","$","R","M","R","B",null,"M","?","?","M","?","E","R","$","E","?","$","R","E","M","R","B",null,"M","?","$"],"character_chosen":"DEFECT","items_purchased":["Mummified Hand","Whetstone","Defragment","Bag of Preparation","HandDrill","Gremlin Horn","Blue Candle","Runic Capacitor","Mango","Pen Nib","Toxic Egg 2","PowerPotion","Frozen Egg 2","Bottled Tornado","Girya"],"campfire_rested":3,"item_purchase_floors":[22,22,42,42,42,54,65,78,95,106,106,106,114,114,127],"current_hp_per_floor":[69,51,44,36,25,27,26,24,24,29,58,60,60,52,52,51,99,89,89,81,83,83,55,55,55,55,51,43,45,45,35,68,72,112,111,104,104,104,106,106,59,59,59,61,63,65,65,67,100,104,112,112,117,117,117,117,117,117,117,117,117,117,105,82,82,82,95,119,113,115,115,115,115,115,119,120,123,123,123,123,133,133,133,135,135,135,128,128,130,130,132,132,132,133,147,150,116,119,119,119,131,157,158,161,161,161,162,165,165,152,155,155,158,158,158,159,159,162,162,163,163,163,164,164,167,167,167,170,170,170,170,173,174,174,154,177,178,178,178],"gold":258,"neow_bonus":"","is_prod":false,"is_daily":false,"chose_seed":false,"campfire_upgraded":12,"win_rate":0,"timestamp":1542325355,"path_taken":["M","M","M","M","M","E","M","E","T","?","R","?","R","M","R","BOSS","M","?","M","M","$","E","R","?","T","M","E","M","R","M","R","BOSS","M","M","?","?","M","R","E","?","T","?","?","M","?","M","R","BOSS","M","?","$","?","M","R","M","R","T","M","M","?","?","$","R","BOSS","M","M","?","?","?","R","E","M","E","$","M","R","?","M","R","BOSS","M","?","M","?","M","E","M","?","E","$","?","E","M","?","R","BOSS","M","?","?","$","M","E","R","?","E","R","E","$","R","M","R","BOSS","M","?","?","M","?","E","R","$","E","?","?","R","E","M","R","BOSS","M","?","$"],"build_version":"2018-11-08","purchased_purges":0,"victory":false,"max_hp_per_floor":[75,75,75,75,75,77,82,94,94,99,99,99,99,99,99,99,99,99,99,99,99,99,101,101,101,101,108,110,110,110,110,110,112,112,112,112,112,112,112,112,114,114,114,114,116,116,110,110,110,112,112,112,117,117,117,117,117,117,117,117,117,117,117,117,117,117,119,119,119,119,119,119,119,119,121,121,123,123,123,123,133,133,133,135,135,135,128,128,130,130,132,132,132,133,147,150,153,154,154,154,157,157,158,161,161,161,162,165,165,152,155,155,158,158,158,159,159,162,162,163,163,163,164,164,167,167,167,170,170,170,170,173,174,174,177,177,178,178,178],"card_choices":[{"not_picked":["Barrage","Beam Cell","Go for the Eyes"],"picked":"Singing Bowl","floor":6.0},{"not_picked":["Coolheaded","Turbo","Rebound"],"picked":"Singing Bowl","floor":8.0},{"not_picked":["Multi-Cast","Reboot"],"picked":"Electrodynamics","floor":16.0},{"not_picked":["Steam Power+1","Fission","Compile Driver+1"],"picked":"Singing Bowl","floor":23.0},{"not_picked":["Compile Driver+1","Turbo","Core Surge+1"],"picked":"Singing Bowl","floor":28.0},{"not_picked":["Echo Form","Reboot","Biased Cognition"],"picked":"Singing Bowl","floor":33.0},{"not_picked":["Sweeping Beam+1","Hyperbeam+1","Auto Shields"],"picked":"Singing Bowl","floor":41.0},{"not_picked":["Streamline+1","Go for the Eyes+1"],"picked":"Gash+1","floor":44.0},{"not_picked":["Impatience","Mayhem","Blind"],"picked":"Singing Bowl","floor":45.0},{"not_picked":["Creative AI","Fission","Rainbow"],"picked":"Singing Bowl","floor":50.0},{"not_picked":["Biased Cognition","Reboot","Fission"],"picked":"Singing Bowl","floor":67.0},{"not_picked":["Consume","Turbo","Hello World"],"picked":"Singing Bowl","floor":75.0},{"not_picked":["Fusion","Hologram","Compile Driver+1"],"picked":"Singing Bowl","floor":77.0},{"not_picked":["Hyperbeam+1","Fission","Multi-Cast"],"picked":"Singing Bowl","floor":84.0},{"not_picked":["Chrysalis","Dramatic Entrance+1","Good Instincts"],"picked":"Singing Bowl","floor":89.0},{"not_picked":["Beam Cell+1","Barrage+1","Steam+1"],"picked":"Singing Bowl","floor":91.0},{"not_picked":["Steam Power+1","Glacier+1"],"picked":"Defragment+1","floor":94.0},{"not_picked":["Auto Shields+1","Melter+1","Steam"],"picked":"Singing Bowl","floor":96.0},{"not_picked":["Hologram","Static Discharge+1","Defragment"],"picked":"Singing Bowl","floor":97.0},{"not_picked":["Core Surge+1","Thunder Strike+1","Meteor Strike+1"],"picked":"Singing Bowl","floor":101.0},{"not_picked":["BootSequence","Reinforced Body","Recycle"],"picked":"Singing Bowl","floor":104},{"not_picked":["Sweeping Beam+1","Stack+1","Capacitor"],"picked":"Singing Bowl","floor":108},{"not_picked":["Ball Lightning+1","Coolheaded+1","BootSequence+1"],"picked":"Singing Bowl","floor":111},{"not_picked":["Static Discharge","Rebound+1","Steam Power+1"],"picked":"Singing Bowl","floor":113},{"not_picked":["Amplify+1","All For One+1","Buffer+1"],"picked":"Singing Bowl","floor":118},{"not_picked":["Rip and Tear+1","Hologram+1","Undo+1"],"picked":"Singing Bowl","floor":125},{"not_picked":["Compile Driver+1","Barrage+1","Hello World+1"],"picked":"Singing Bowl","floor":128},{"not_picked":["Reprogram+1","Ball Lightning+1","Double Energy+1"],"picked":"Singing Bowl","floor":132},{"not_picked":["Meteor Strike+1","Fission+1","Rainbow+1"],"picked":"Singing Bowl","floor":135}],"player_experience":128860,"relics_obtained":[{"floor":1.0,"key":"Omamori"},{"floor":2.0,"key":"War Paint"},{"floor":3.0,"key":"DataDisk"},{"floor":4.0,"key":"Ancient Tea Set"},{"floor":5.0,"key":"Singing Bowl"},{"floor":6.0,"key":"The Courier"},{"floor":7.0,"key":"Kunai"},{"floor":8.0,"key":"Pear"},{"floor":9.0,"key":"Blood Vial"},{"floor":12.0,"key":"Dodecahedron"},{"floor":14.0,"key":"Darkstone Periapt"},{"floor":18.0,"key":"Molten Egg 2"},{"floor":20.0,"key":"Bronze Scales"},{"floor":21.0,"key":"MawBank"},{"floor":23.0,"key":"Art of War"},{"floor":26.0,"key":"Tiny Chest"},{"floor":27.0,"key":"Strawberry"},{"floor":28.0,"key":"Torii"},{"floor":29.0,"key":"Juzu Bracelet"},{"floor":31.0,"key":"Orichalcum"},{"floor":35.0,"key":"Matryoshka"},{"floor":36.0,"key":"Lantern"},{"floor":39.0,"key":"Cables"},{"floor":41.0,"key":"Prayer Wheel"},{"floor":41.0,"key":"Thread and Needle"},{"floor":43.0,"key":"Oddly Smooth Stone"},{"floor":43.0,"key":"Happy Flower"},{"floor":44.0,"key":"Emotion Chip"},{"floor":46.0,"key":"Potion Belt"},{"floor":48.0,"key":"PreservedInsect"},{"floor":52.0,"key":"Vajra"},{"floor":56.0,"key":"Anchor"},{"floor":58.0,"key":"Sundial"},{"floor":60.0,"key":"Bag of Marbles"},{"floor":60.0,"key":"Centennial Puzzle"},{"floor":61.0,"key":"Pantograph"},{"floor":62.0,"key":"Symbiotic Virus"},{"floor":69.0,"key":"Mercury Hourglass"},{"floor":70.0,"key":"Bottled Flame"},{"floor":76.0,"key":"Letter Opener"},{"floor":79.0,"key":"Meat on the Bone"},{"floor":82.0,"key":"FossilizedHelix"},{"floor":86.0,"key":"Peace Pipe"},{"floor":88.0,"key":"Incense Burner"},{"floor":90.0,"key":"Turnip"},{"floor":92.0,"key":"Gambling Chip"},{"floor":96.0,"key":"Nunchaku"},{"floor":98.0,"key":"StoneCalendar"},{"floor":103,"key":"Dream Catcher"},{"floor":104,"key":"Bottled Lightning"},{"floor":107,"key":"Old Coin"},{"floor":116,"key":"WingedGreaves"},{"floor":120,"key":"Calipers"},{"floor":123,"key":"Unceasing Top"},{"floor":133,"key":"Circlet"},{"floor":137,"key":"Circlet"}],"event_choices":[{"damage_healed":0.0,"max_hp_gain":0.0,"max_hp_loss":0.0,"gold_gain":0.0,"event_name":"Lab","player_choice":"Got Potions","floor":10.0,"gold_loss":0.0,"damage_taken":0.0},{"damage_healed":0.0,"max_hp_gain":0.0,"max_hp_loss":0.0,"gold_gain":0.0,"event_name":"The Library","player_choice":"Read","floor":19.0,"gold_loss":0.0,"damage_taken":0.0,"cards_obtained":["Gash"]},{"damage_healed":0.0,"max_hp_gain":0.0,"max_hp_loss":0.0,"gold_gain":0.0,"event_name":"Match and Keep!","player_choice":"1 cards matched","floor":25.0,"gold_loss":0.0,"damage_taken":0.0,"cards_obtained":["Ball Lightning"]},{"cards_removed":["Electrodynamics"],"damage_healed":0.0,"max_hp_gain":0.0,"max_hp_loss":0.0,"gold_gain":0.0,"event_name":"Falling","player_choice":"Removed Power","floor":37.0,"gold_loss":0.0,"damage_taken":0.0},{"damage_healed":0.0,"max_hp_gain":0.0,"max_hp_loss":0.0,"gold_gain":0.0,"event_name":"The Woman in Blue","player_choice":"Bought 0 Potions","floor":38.0,"gold_loss":0.0,"damage_taken":0.0},{"damage_healed":0.0,"max_hp_gain":0.0,"max_hp_loss":0.0,"gold_gain":0.0,"event_name":"Mysterious Sphere","player_choice":"Fight","floor":44.0,"gold_loss":0.0,"damage_taken":0.0},{"damage_healed":0.0,"max_hp_gain":0.0,"max_hp_loss":0.0,"gold_gain":0.0,"event_name":"SensoryStone","player_choice":"Memory 1","floor":45.0,"gold_loss":0.0,"damage_taken":0.0},{"damage_healed":0.0,"max_hp_gain":0.0,"max_hp_loss":6.0,"gold_gain":0.0,"event_name":"Winding Halls","player_choice":"Max HP","floor":47.0,"gold_loss":0.0,"damage_taken":0.0},{"damage_healed":0.0,"max_hp_gain":5.0,"max_hp_loss":0.0,"gold_gain":0.0,"event_name":"Big Fish","player_choice":"Donut","floor":53.0,"gold_loss":0.0,"damage_taken":0.0},{"damage_healed":0.0,"max_hp_gain":0.0,"max_hp_loss":0.0,"gold_gain":30.0,"event_name":"Dead Adventurer","player_choice":"Searched \u00273\u0027 times","floor":55.0,"gold_loss":0.0,"damage_taken":0.0,"relics_obtained":["Regal Pillow"]},{"damage_healed":0.0,"max_hp_gain":0.0,"max_hp_loss":0.0,"gold_gain":0.0,"event_name":"Scrap Ooze","player_choice":"Success","floor":63.0,"gold_loss":0.0,"damage_taken":12.0,"relics_obtained":["Boot"]},{"damage_healed":0.0,"max_hp_gain":0.0,"max_hp_loss":0.0,"gold_gain":0.0,"event_name":"Shining Light","player_choice":"Entered Light","floor":64.0,"gold_loss":0.0,"damage_taken":23.0,"cards_upgraded":["Reboot","Creative AI"]},{"damage_healed":0.0,"max_hp_gain":0.0,"max_hp_loss":0.0,"gold_gain":0.0,"event_name":"Duplicator","player_choice":"Copied","floor":71.0,"gold_loss":0.0,"damage_taken":0.0,"cards_obtained":["Echo Form"]},{"damage_healed":0.0,"max_hp_gain":0.0,"max_hp_loss":0.0,"gold_gain":0.0,"event_name":"Upgrade Shrine","player_choice":"Upgraded","floor":72.0,"gold_loss":0.0,"damage_taken":0.0,"cards_upgraded":["Seek"]},{"cards_removed":["Echo Form"],"damage_healed":0.0,"max_hp_gain":10.0,"max_hp_loss":0.0,"gold_gain":0.0,"event_name":"Bonfire Elementals","player_choice":"Offered Rare","floor":81.0,"gold_loss":0.0,"damage_taken":0.0},{"damage_healed":0.0,"max_hp_gain":0.0,"max_hp_loss":7.0,"gold_gain":0.0,"event_name":"Winding Halls","player_choice":"Max HP","floor":87.0,"gold_loss":0.0,"damage_taken":0.0},{"damage_healed":0.0,"max_hp_gain":0.0,"max_hp_loss":0.0,"gold_gain":0.0,"event_name":"SensoryStone","player_choice":"Memory 1","floor":89.0,"gold_loss":0.0,"damage_taken":0.0},{"damage_healed":0.0,"max_hp_gain":0.0,"max_hp_loss":0.0,"gold_gain":0.0,"event_name":"FaceTrader","player_choice":"Trade","floor":93.0,"gold_loss":0.0,"damage_taken":0.0,"relics_obtained":["FaceOfCleric"]},{"damage_healed":0.0,"max_hp_gain":0.0,"max_hp_loss":0.0,"gold_gain":0.0,"event_name":"MindBloom","player_choice":"Fight","floor":96.0,"gold_loss":0.0,"damage_taken":0.0},{"cards_removed":["Gash"],"damage_healed":0.0,"max_hp_gain":0.0,"max_hp_loss":0.0,"gold_gain":0.0,"event_name":"Falling","player_choice":"Removed Attack","floor":99.0,"gold_loss":0.0,"damage_taken":0.0},{"damage_healed":0,"gold_gain":0,"player_choice":"Searched \u00271\u0027 times","damage_taken":0,"max_hp_gain":0,"max_hp_loss":0,"event_name":"Dead Adventurer","floor":104,"gold_loss":0},{"damage_healed":0,"gold_gain":0,"player_choice":"Ignored","damage_taken":0,"max_hp_gain":0,"max_hp_loss":0,"event_name":"Transmorgrifier","floor":105,"gold_loss":0},{"damage_healed":0,"gold_gain":0,"player_choice":"Lose Max HP","damage_taken":0,"relics_obtained":["Golden Idol"],"max_hp_gain":0,"max_hp_loss":13,"event_name":"Golden Idol","floor":110,"gold_loss":0},{"damage_healed":0,"gold_gain":0,"player_choice":"Ignored","damage_taken":0,"max_hp_gain":0,"max_hp_loss":0,"event_name":"Ghosts","floor":121,"gold_loss":0},{"damage_healed":0,"gold_gain":0,"player_choice":"Simplicity","damage_taken":0,"max_hp_gain":0,"max_hp_loss":0,"event_name":"Back to Basics","floor":122,"gold_loss":0,"cards_upgraded":[]},{"cards_removed":["Creative AI"],"damage_healed":0,"gold_gain":0,"player_choice":"Purged","damage_taken":0,"max_hp_gain":0,"max_hp_loss":0,"event_name":"Purifier","floor":124,"gold_loss":0},{"damage_healed":0,"gold_gain":0,"player_choice":"Gave Potion","damage_taken":0,"relics_obtained":["Bird Faced Urn"],"max_hp_gain":0,"max_hp_loss":0,"event_name":"WeMeetAgain","floor":129,"gold_loss":0},{"damage_healed":0,"gold_gain":0,"player_choice":"Got Potions","damage_taken":0,"max_hp_gain":0,"max_hp_loss":0,"event_name":"Lab","floor":138,"gold_loss":0}],"is_beta":false,"boss_relics":[{"not_picked":["Snecko Eye","White Beast Statue"],"picked":"Inserter"},{"not_picked":["Calling Bell","Eternal Feather"],"picked":"Black Star"},{"not_picked":["Runic Dome","Philosopher\u0027s Stone"],"picked":"Empty Cage"},{"not_picked":["Ectoplasm","Runic Dome"],"picked":"Cursed Key"},{"not_picked":["Snecko Eye","Eternal Feather"],"picked":"Nuclear Battery"},{"not_picked":["Velvet Choker","Philosopher\u0027s Stone","Fusion Hammer"]},{"not_picked":["Velvet Choker","Calling Bell","Pandora\u0027s Box"]},{"not_picked":["Coffee Dripper","Eternal Feather"],"picked":"Fusion Hammer"}],"items_purged_floors":[],"is_endless":true,"potions_floor_spawned":[2,6,7,12,14,16,20,21,23,27,29,35,39,41,48,52,61,67,70,77,91,92,96,97,98,107,111,116,118,123,132,133,135],"ascension_level":0}