{"gold_per_floor":[362,378,378,147,222,222,256,269,323,323,355,372,399,417,417,494,494,512,530,546,546,646,646,679,679,706,716,122,140,172,172,172,251,251,267,316,7,7,7,22,22,40,40,40,40,52,80,97,97,97],"floor_reached":51,"playtime":2176,"items_purged":["Clumsy","Strike_R"],"score":1368,"play_id":"328a6d4a-cfaf-4787-89c3-567b1bf705bf","local_time":"20190121223032","is_ascension_mode":true,"campfire_choices":[{"data":"Bash","floor":6.0,"key":"SMITH"},{"data":"Armaments","floor":10.0,"key":"SMITH"},{"data":"Anger","floor":15.0,"key":"SMITH"},{"floor":23.0,"key":"REST"},{"data":"Disarm","floor":25.0,"key":"SMITH"},{"floor":32.0,"key":"REST"},{"data":"Apotheosis","floor":41,"key":"SMITH"},{"data":"Demon Form","floor":49,"key":"SMITH"}],"neow_cost":"CURSE","seed_source_timestamp":0,"circlet_count":0,"master_deck":["AscendersBane","Strike_R","Strike_R+1","Defend_R","Defend_R","Defend_R","Defend_R","Bash+1","Pommel Strike+1","Anger+1","Armaments+1","Feed","Whirlwind","Shrug It Off","Sword Boomerang","Demon Form+1","Combust","Disarm+1","Shrug It Off","Pommel Strike+1","Inflame+1","True Grit","Clothesline+1","Twin Strike+1","Pommel Strike+1","Impervious","Apotheosis+1","Juggernaut","Shockwave+1","Flame Barrier","Iron Wave+1"],"special_seed":0,"relics":["Burning Blood","PreservedInsect","Dream Catcher","Ancient Tea Set","Regal Pillow","Red Skull","Velvet Choker","Torii","Paper Frog","Whetstone","Boot","Thread and Needle","Vajra","Juzu Bracelet","Cursed Key","Bird Faced Urn","Oddly Smooth Stone","Gremlin Horn"],"potions_floor_usage":[50,50],"damage_taken":[{"damage":4.0,"enemies":"Small Slimes","floor":1.0,"turns":4.0},{"damage":7.0,"enemies":"Jaw Worm","floor":2.0,"turns":3.0},{"damage":16.0,"enemies":"Gremlin Nob","floor":7.0,"turns":3.0},{"damage":7.0,"enemies":"2 Louse","floor":8.0,"turns":3.0},{"damage":12.0,"enemies":"3 Sentries","floor":11.0,"turns":7.0},{"damage":16.0,"enemies":"Large Slime","floor":12.0,"turns":7.0},{"damage":0.0,"enemies":"Gremlin Nob","floor":13.0,"turns":2.0},{"damage":9.0,"enemies":"Exordium Thugs","floor":14.0,"turns":5.0},{"damage":44.0,"enemies":"Hexaghost","floor":16.0,"turns":9.0},{"damage":5.0,"enemies":"3 Byrds","floor":18.0,"turns":8.0},{"damage":12.0,"enemies":"Chosen","floor":19.0,"turns":4.0},{"damage":28.0,"enemies":"Snake Plant","floor":20.0,"turns":5.0},{"damage":42.0,"enemies":"Colosseum Slavers","floor":22.0,"turns":6.0},{"damage":7.0,"enemies":"Colosseum Nobs","floor":22.0,"turns":4.0},{"damage":9.0,"enemies":"Book of Stabbing","floor":24.0,"turns":6.0},{"damage":0.0,"enemies":"Cultist and Chosen","floor":27.0,"turns":4.0},{"damage":0.0,"enemies":"Centurion and Healer","floor":29.0,"turns":8.0},{"damage":40.0,"enemies":"Slavers","floor":30.0,"turns":7.0},{"damage":56.0,"enemies":"Collector","floor":33.0,"turns":7.0},{"damage":4.0,"enemies":"3 Shapes","floor":35.0,"turns":6.0},{"damage":25.0,"enemies":"2 Orb Walkers","floor":36.0,"turns":5.0},{"damage":1,"enemies":"Orb Walker","floor":40,"turns":4},{"damage":14,"enemies":"4 Shapes","floor":42,"turns":6},{"damage":1,"enemies":"Writhing Mass","floor":46,"turns":6},{"damage":19,"enemies":"Reptomancer","floor":47,"turns":5},{"damage":1,"enemies":"Sphere and 2 Shapes","floor":48,"turns":7},{"damage":81,"enemies":"Donu and Deca","floor":50,"turns":8}],"seed_played":"-4589500977445273268","potions_obtained":[{"floor":1.0,"key":"PowerPotion"},{"floor":8.0,"key":"GamblersBrew"},{"floor":12.0,"key":"SteroidPotion"},{"floor":13.0,"key":"Regen Potion"},{"floor":16.0,"key":"EntropicBrew"},{"floor":19.0,"key":"Block Potion"},{"floor":24.0,"key":"LiquidBronze"},{"floor":33.0,"key":"SpeedPotion"},{"floor":40,"key":"Strength Potion"},{"floor":46,"key":"Dexterity Potion"}],"is_trial":false,"path_per_floor":["M","M","?","$","?","R","E","M","T","R","E","M","E","M","R","B",null,"M","M","M","?","?","R","E","R","T","M","$","M","E","?","R","B",null,"M","?","$","?","?","M","R","M","T","$","?","M","E","M","R","B",null],"character_chosen":"IRONCLAD","items_purchased":["PreservedInsect","Thread and Needle","Vajra","SkillPotion","Apotheosis","Oddly Smooth Stone"],"campfire_rested":2,"item_purchase_floors":[4,28,28,28,37,37],"current_hp_per_floor":[70,69,69,69,58,58,48,47,47,47,41,34,43,44,44,21,69,70,67,49,49,30,73,70,70,70,76,76,85,54,54,99,49,88,93,74,74,74,74,83,83,81,81,81,81,94,87,102,102,39],"gold":97,"neow_bonus":"TWO_FIFTY_GOLD","is_prod":false,"is_daily":false,"chose_seed":false,"campfire_upgraded":6,"win_rate":0,"timestamp":1548138632,"path_taken":["M","M","?","$","?","R","E","M","T","R","E","M","E","M","R","BOSS","M","M","M","?","?","R","E","R","T","M","$","M","E","?","R","BOSS","M","?","$","?","?","M","R","M","T","$","?","M","E","M","R","BOSS"],"build_version":"2019-01-17v2","purchased_purges":2,"victory":true,"max_hp_per_floor":[75,75,75,75,75,75,75,75,75,75,75,78,81,85,85,85,85,85,88,92,92,95,95,95,95,95,95,95,98,101,101,101,101,101,104,104,104,104,104,104,104,104,104,104,99,103,103,107,107,111],"card_choices":[{"not_picked":["Sentinel","Dropkick"],"picked":"Pommel Strike","floor":1.0},{"not_picked":["Shrug It Off","Headbutt"],"picked":"Anger","floor":2.0},{"not_picked":["Cleave","Second Wind"],"picked":"Armaments","floor":7.0},{"not_picked":["Armaments","Warcry","Pummel"],"picked":"SKIP","floor":8.0},{"not_picked":["Sword Boomerang","Body Slam"],"picked":"Feed","floor":11.0},{"not_picked":["Armaments","Sever Soul"],"picked":"Whirlwind","floor":12.0},{"not_picked":["Wild Strike","Clash"],"picked":"Shrug It Off","floor":13.0},{"not_picked":["Havoc","Cleave"],"picked":"Sword Boomerang","floor":14.0},{"not_picked":["Barricade","Brutality"],"picked":"Demon Form","floor":16.0},{"not_picked":["Sword Boomerang","Flex","Combust"],"picked":"SKIP","floor":18.0},{"not_picked":["Sword Boomerang","Flex"],"picked":"Combust","floor":18.0},{"not_picked":["Body Slam","Rupture"],"picked":"Disarm","floor":19.0},{"not_picked":["Cleave","Armaments"],"picked":"Shrug It Off","floor":20.0},{"not_picked":["Combust","Second Wind"],"picked":"Pommel Strike+1","floor":22.0},{"not_picked":["Entrench","Twin Strike"],"picked":"Shrug It Off","floor":23.0},{"not_picked":["Headbutt","Warcry"],"picked":"Inflame+1","floor":24.0},{"not_picked":["Blood for Blood","Warcry"],"picked":"True Grit","floor":27.0},{"not_picked":["True Grit","Searing Blow"],"picked":"Clothesline+1","floor":29.0},{"not_picked":["Headbutt","Ghostly Armor"],"picked":"Twin Strike+1","floor":30.0},{"not_picked":["Intimidate","Dark Embrace"],"picked":"Pommel Strike+1","floor":32.0},{"not_picked":["Dark Embrace","Berserk"],"picked":"Impervious","floor":33.0},{"not_picked":["Body Slam","Rage","Seeing Red"],"picked":"SKIP","floor":35.0},{"not_picked":["Clothesline","Seeing Red","Sword Boomerang"],"picked":"SKIP","floor":40},{"not_picked":["Sword Boomerang","Headbutt"],"picked":"Shockwave+1","floor":42},{"not_picked":["Headbutt","Immolate"],"picked":"Flame Barrier","floor":46},{"not_picked":["Dual Wield","Combust","Wild Strike"],"picked":"SKIP","floor":47},{"not_picked":["Perfected Strike","Thunderclap"],"picked":"Iron Wave+1","floor":48}],"player_experience":2036431,"relics_obtained":[{"floor":7.0,"key":"Dream Catcher"},{"floor":9.0,"key":"Ancient Tea Set"},{"floor":11.0,"key":"Regal Pillow"},{"floor":13.0,"key":"Red Skull"},{"floor":22.0,"key":"Torii"},{"floor":22.0,"key":"Paper Frog"},{"floor":24.0,"key":"Whetstone"},{"floor":26.0,"key":"Boot"},{"floor":30.0,"key":"Juzu Bracelet"},{"floor":36,"key":"Bird Faced Urn"},{"floor":47,"key":"Gremlin Horn"}],"event_choices":[{"damage_healed":0.0,"max_hp_gain":0.0,"max_hp_loss":0.0,"gold_gain":0.0,"event_name":"Golden Idol","player_choice":"Ignored","floor":3.0,"gold_loss":0.0,"damage_taken":0.0},{"damage_healed":0.0,"max_hp_gain":0.0,"max_hp_loss":0.0,"gold_gain":75.0,"event_name":"World of Goop","player_choice":"Gather Gold","floor":5.0,"gold_loss":0.0,"damage_taken":11.0},{"damage_healed":0.0,"max_hp_gain":0.0,"max_hp_loss":0.0,"gold_gain":0.0,"event_name":"The Mausoleum","player_choice":"Ignored","floor":21.0,"gold_loss":0.0,"damage_taken":0.0},{"damage_healed":0.0,"max_hp_gain":0.0,"max_hp_loss":0.0,"gold_gain":0.0,"event_name":"Colosseum","player_choice":"Fight","floor":22.0,"gold_loss":0.0,"damage_taken":0.0},{"damage_healed":0.0,"max_hp_gain":0.0,"max_hp_loss":0.0,"gold_gain":0.0,"event_name":"Colosseum","player_choice":"Fought Nobs","floor":22.0,"gold_loss":0.0,"damage_taken":0.0},{"cards_removed":["Strike_R"],"damage_healed":0.0,"max_hp_gain":0.0,"max_hp_loss":0.0,"gold_gain":0.0,"event_name":"Purifier","player_choice":"Purged","floor":31.0,"gold_loss":0.0,"damage_taken":0.0},{"damage_healed":0.0,"max_hp_gain":0.0,"max_hp_loss":0.0,"gold_gain":0.0,"event_name":"Mysterious Sphere","player_choice":"Fight","floor":36.0,"gold_loss":0.0,"damage_taken":0.0},{"cards_removed":["Shrug It Off"],"damage_healed":0,"gold_gain":0,"player_choice":"Removed Skill","damage_taken":0,"max_hp_gain":0,"max_hp_loss":0,"event_name":"Falling","floor":38,"gold_loss":0},{"damage_healed":0,"gold_gain":0,"cards_transformed":["Strike_R"],"player_choice":"Transformed","damage_taken":0,"max_hp_gain":0,"max_hp_loss":0,"event_name":"Transmorgrifier","floor":39,"gold_loss":0,"cards_obtained":["Juggernaut"]},{"damage_healed":0,"gold_gain":0,"player_choice":"Max HP","damage_taken":0,"max_hp_gain":0,"max_hp_loss":5,"event_name":"Winding Halls","floor":45,"gold_loss":0}],"is_beta":false,"boss_relics":[{"not_picked":["White Beast Statue","Mark of Pain"],"picked":"Velvet Choker"},{"not_picked":["Runic Dome","Coffee Dripper"],"picked":"Cursed Key"}],"items_purged_floors":[4,28],"is_endless":false,"potions_floor_spawned":[1,8,12,13,16,19,24,33,40,46,47,48],"ascension_level":15}