{"gold_per_floor":[111,186,186,186,204,204,129,145,227,240,259,286,286,297,297,369,369,387,486,502,37,51,51,80,80,80,100,100,135,235,250,250,250],"floor_reached":33,"playtime":1359,"items_purged":["Writhe","Strike_R"],"score":530,"play_id":"8ce4f858-d738-45e8-bc46-7d1c0aa7cc64","local_time":"20190121042619","is_ascension_mode":true,"campfire_choices":[{"data":"Searing Blow","floor":6.0,"key":"SMITH"},{"data":"Searing Blow+1","floor":13.0,"key":"SMITH"},{"data":"Searing Blow+2","floor":15.0,"key":"SMITH"},{"data":"Searing Blow+3","floor":23.0,"key":"SMITH"},{"data":"Searing Blow+4","floor":28.0,"key":"SMITH"},{"floor":32.0,"key":"REST"}],"neow_cost":"CURSE","seed_source_timestamp":0,"circlet_count":0,"master_deck":["AscendersBane","Strike_R","Strike_R","Defend_R","Defend_R","Defend_R","Defend_R","Bash","Flex","Searing Blow+5","Sword Boomerang","True Grit","Headbutt","Rampage","Disarm","Battle Trance","Shrug It Off","Offering","Thunderclap","Ghostly Armor","Shrug It Off","Dual Wield","Flex","Armaments"],"special_seed":0,"relics":["Burning Blood","Mercury Hourglass","Blue Candle","PreservedInsect","Sozu","Anchor","Lee\u0027s Waffle","Red Skull","Paper Frog","Lantern"],"potions_floor_usage":[],"damage_taken":[{"damage":4.0,"enemies":"Small Slimes","floor":1.0,"turns":5.0},{"damage":0.0,"enemies":"2 Louse","floor":5.0,"turns":2.0},{"damage":6.0,"enemies":"Cultist","floor":8.0,"turns":3.0},{"damage":4.0,"enemies":"Blue Slaver","floor":10.0,"turns":3.0},{"damage":2.0,"enemies":"2 Fungi Beasts","floor":11.0,"turns":4.0},{"damage":31.0,"enemies":"Lagavulin","floor":12.0,"turns":6.0},{"damage":0.0,"enemies":"3 Louse","floor":14.0,"turns":2.0},{"damage":15.0,"enemies":"Hexaghost","floor":16.0,"turns":10.0},{"damage":12.0,"enemies":"2 Thieves","floor":18.0,"turns":3.0},{"damage":16.0,"enemies":"Shell Parasite","floor":20.0,"turns":4.0},{"damage":17.0,"enemies":"Snecko","floor":22.0,"turns":3.0},{"damage":21.0,"enemies":"Book of Stabbing","floor":24.0,"turns":4.0},{"damage":6.0,"enemies":"Centurion and Healer","floor":27.0,"turns":5.0},{"damage":6.0,"enemies":"Slavers","floor":29.0,"turns":3.0},{"damage":23.0,"enemies":"Cultist and Chosen","floor":31.0,"turns":6.0},{"damage":77,"enemies":"Automaton","floor":33,"turns":8}],"seed_played":"-8809405141069859061","potions_obtained":[{"floor":8.0,"key":"Dexterity Potion"},{"floor":12.0,"key":"Swift Potion"},{"floor":14.0,"key":"Weak Potion"},{"floor":16.0,"key":"GamblersBrew"}],"is_trial":false,"path_per_floor":["M","?","?","?","M","R","$","M","T","M","M","E","R","M","R","B",null,"M","?","M","$","M","R","E","?","T","M","R","E","?","M","R","B"],"character_chosen":"IRONCLAD","items_purchased":["Anchor","Lee\u0027s Waffle"],"campfire_rested":1,"item_purchase_floors":[21,21],"current_hp_per_floor":[70,59,52,45,51,51,51,51,51,53,57,32,32,38,38,29,64,58,58,48,82,71,71,56,56,56,56,56,56,56,39,63,0],"gold":250,"neow_bonus":"TRANSFORM_TWO_CARDS","is_prod":false,"is_daily":false,"chose_seed":false,"campfire_upgraded":5,"win_rate":0,"timestamp":1548041179,"path_taken":["M","?","?","?","?","R","$","M","T","M","M","E","R","M","R","BOSS","M","?","M","$","M","R","E","?","T","M","R","E","?","M","R","BOSS"],"build_version":"2019-01-17v2","purchased_purges":2,"victory":false,"max_hp_per_floor":[75,75,75,75,75,75,75,75,75,75,75,75,75,75,75,75,75,75,75,75,82,82,82,82,82,82,82,82,82,82,82,82,82],"card_choices":[{"not_picked":["Perfected Strike","Heavy Blade"],"picked":"Sword Boomerang","floor":1.0},{"not_picked":["Reckless Charge","Iron Wave"],"picked":"True Grit","floor":5.0},{"not_picked":["Perfected Strike","Shockwave"],"picked":"Headbutt","floor":8.0},{"not_picked":["Carnage","Headbutt"],"picked":"Rampage","floor":10.0},{"not_picked":["Uppercut","Havoc"],"picked":"Disarm","floor":11.0},{"not_picked":["Iron Wave","Entrench"],"picked":"Battle Trance","floor":12.0},{"not_picked":["Burning Pact","Dual Wield"],"picked":"Shrug It Off","floor":14.0},{"not_picked":["Fiend Fire","Juggernaut"],"picked":"Offering","floor":16.0},{"not_picked":["Cleave","Burning Pact"],"picked":"Thunderclap","floor":18.0},{"not_picked":["Twin Strike","Flex"],"picked":"Ghostly Armor","floor":20.0},{"not_picked":["Bloodletting","Warcry"],"picked":"Shrug It Off","floor":22.0},{"not_picked":["Seeing Red","Body Slam"],"picked":"Dual Wield","floor":24.0},{"not_picked":["Reckless Charge","Rampage"],"picked":"Flex","floor":27.0},{"not_picked":["Perfected Strike","Anger"],"picked":"Armaments","floor":29.0},{"not_picked":["Body Slam","Havoc","Juggernaut"],"picked":"SKIP","floor":31.0}],"player_experience":520334,"relics_obtained":[{"floor":9.0,"key":"Blue Candle"},{"floor":12.0,"key":"PreservedInsect"},{"floor":24.0,"key":"Red Skull"},{"floor":26.0,"key":"Paper Frog"},{"floor":29.0,"key":"Lantern"}],"event_choices":[{"damage_healed":0.0,"max_hp_gain":0.0,"max_hp_loss":0.0,"gold_gain":75.0,"event_name":"World of Goop","player_choice":"Gather Gold","floor":2.0,"gold_loss":0.0,"damage_taken":11.0},{"damage_healed":0.0,"max_hp_gain":0.0,"max_hp_loss":0.0,"gold_gain":0.0,"event_name":"Scrap Ooze","player_choice":"Success","floor":3.0,"gold_loss":0.0,"damage_taken":7.0,"relics_obtained":["Mercury Hourglass"]},{"damage_healed":0.0,"max_hp_gain":0.0,"max_hp_loss":0.0,"gold_gain":0.0,"event_name":"Wheel of Change","player_choice":"Damaged","floor":4.0,"gold_loss":0.0,"damage_taken":7.0},{"damage_healed":0.0,"max_hp_gain":0.0,"max_hp_loss":0.0,"gold_gain":99.0,"event_name":"Nest","player_choice":"Stole From Cult","floor":19.0,"gold_loss":0.0,"damage_taken":0.0},{"damage_healed":0.0,"max_hp_gain":0.0,"max_hp_loss":0.0,"gold_gain":0.0,"event_name":"Vampires","player_choice":"Ignored","floor":25.0,"gold_loss":0.0,"damage_taken":0.0},{"damage_healed":0.0,"max_hp_gain":0.0,"max_hp_loss":0.0,"gold_gain":100.0,"event_name":"Golden Shrine","player_choice":"Pray","floor":30.0,"gold_loss":0.0,"damage_taken":0.0}],"is_beta":false,"boss_relics":[{"not_picked":["Eternal Feather","Fusion Hammer"],"picked":"Sozu"}],"items_purged_floors":[7,21],"is_endless":false,"potions_floor_spawned":[8,12,14,16,18,22,27],"killed_by":"Automaton","ascension_level":14}