{"gold_per_floor":[116,126,56,76,76,76,88,88,88,98,98,273,273,348,348,445,445,455,38,54,72,84,84,109,109],"floor_reached":25,"playtime":1040,"items_purged":["Strike_G"],"score":256,"play_id":"28de758b-f6a8-4761-a1c8-3e0799f45750","local_time":"20180718233110","is_ascension_mode":true,"campfire_choices":[{"data":"Noxious Fumes","floor":6,"key":"SMITH"},{"data":"Deadly Poison","floor":8,"key":"SMITH"},{"data":"Footwork","floor":11,"key":"SMITH"},{"data":"Poisoned Stab","floor":15,"key":"SMITH"},{"floor":23,"key":"REST"}],"neow_cost":"NONE","seed_source_timestamp":605041709363,"circlet_count":0,"master_deck":["Defend_G","Defend_G","Defend_G","Defend_G","Defend_G","Strike_G","Strike_G","Strike_G","Survivor","Neutralize","Poisoned Stab+1","PiercingWail","Noxious Fumes+1","Deadly Poison+1","Escape Plan","PiercingWail","Footwork+1","Doubt","Corpse Explosion","Noxious Fumes","Bouncing Flask","Poisoned Stab","Crippling Poison","PiercingWail"],"relics":["Ring of the Snake","Pen Nib","Bronze Scales","Question Card","The Courier","Black Star","Thread and Needle","Incense Burner","Sundial"],"potions_floor_usage":[16,22],"damage_taken":[{"damage":5,"enemies":"Cultist","floor":1,"turns":4},{"damage":3,"enemies":"2 Louse","floor":2,"turns":4},{"damage":0,"enemies":"Small Slimes","floor":4,"turns":6},{"damage":4,"enemies":"Looter","floor":7,"turns":4},{"damage":7,"enemies":"Large Slime","floor":10,"turns":6},{"damage":8,"enemies":"The Guardian","floor":16,"turns":9},{"damage":14,"enemies":"Shell Parasite","floor":18,"turns":5},{"damage":0,"enemies":"Chosen","floor":20,"turns":5},{"damage":28,"enemies":"Sentry and Sphere","floor":21,"turns":7},{"damage":0,"enemies":"3 Cultists","floor":22,"turns":3},{"damage":42,"enemies":"Book of Stabbing","floor":24,"turns":6},{"damage":18,"enemies":"Centurion and Healer","floor":25,"turns":1}],"seed_played":"-7167911700058933285","potions_obtained":[{"floor":4,"key":"PowerPotion"},{"floor":18,"key":"Fire Potion"},{"floor":20,"key":"FairyPotion"},{"floor":21,"key":"Strength Potion"}],"is_trial":false,"path_per_floor":["M","M","$","M","?","R","M","R","T","M","R","?","?","T","R","B",null,"M","$","M","M","M","R","E"],"character_chosen":"THE_SILENT","items_purchased":["Noxious Fumes","Thread and Needle","Noxious Fumes","Bouncing Flask"],"campfire_rested":1,"item_purchase_floors":[3,19,19,19],"current_hp_per_floor":[65,62,62,62,62,62,58,58,58,51,51,51,39,39,39,31,70,56,56,56,28,28,49,7,0],"gold":109,"neow_bonus":"RANDOM_COMMON_RELIC","is_prod":false,"is_daily":false,"chose_seed":false,"campfire_upgraded":4,"win_rate":0,"timestamp":1531949470,"path_taken":["M","?","$","M","?","R","M","R","T","?","R","?","?","?","R","BOSS","M","$","M","?","M","R","E","M"],"build_version":"2018-07-12","purchased_purges":1,"victory":false,"max_hp_per_floor":[70,70,70,70,70,70,70,70,70,70,70,70,70,70,70,70,70,70,70,70,70,70,70,70,70],"card_choices":[{"not_picked":["Choke","Heel Hook"],"picked":"Poisoned Stab","floor":1},{"not_picked":["Masterful Stab","Flechettes"],"picked":"PiercingWail","floor":2},{"not_picked":["Concentrate","Sucker Punch"],"picked":"Deadly Poison","floor":4},{"not_picked":["Riddle With Holes","Quick Slash"],"picked":"PiercingWail","floor":7},{"not_picked":["Poisoned Stab","All Out Attack"],"picked":"Footwork","floor":10},{"not_picked":["Adrenaline","Wraith Form v2","Venomology"],"picked":"Corpse Explosion","floor":16},{"not_picked":["Dodge and Roll","Flechettes","Predator","Masterful Stab"],"picked":"SKIP","floor":18},{"not_picked":["Backstab","Masterful Stab+1","Acrobatics","Poisoned Stab"],"picked":"SKIP","floor":20},{"not_picked":["Backstab","Masterful Stab+1","Acrobatics"],"picked":"Poisoned Stab","floor":20},{"not_picked":["Caltrops","Eviscerate","Choke","Masterful Stab"],"picked":"SKIP","floor":21},{"not_picked":["Caltrops+1","Slice","Dagger Throw"],"picked":"Crippling Poison","floor":22},{"not_picked":["Acrobatics","Dagger Spray","Poisoned Stab"],"picked":"PiercingWail","floor":24}],"player_experience":158151,"relics_obtained":[{"floor":9,"key":"Bronze Scales"},{"floor":14,"key":"The Courier"},{"floor":24,"key":"Incense Burner"},{"floor":24,"key":"Sundial"}],"event_choices":[{"event_name":"Transmorgrifier","player_choice":"Transform","floor":5,"damage_taken":0},{"event_name":"Liars Game","player_choice":"agreed","floor":12,"damage_taken":0},{"event_name":"Scrap Ooze","player_choice":"success","floor":13,"damage_taken":12}],"boss_relics":[{"not_picked":["Fusion Hammer","Snecko Eye"],"picked":"Black Star"}],"items_purged_floors":[19],"is_endless":false,"potions_floor_spawned":[4,18,20,21],"killed_by":"Centurion and Healer","ascension_level":4}