{"gold_per_floor":[11,24,42,59,76,89,51,83,83,97,97,197,211,84,84,183,233,250,262,272,92,92],"floor_reached":22,"playtime":3693,"items_purged":["Strike_B","Strike_B"],"score":192,"play_id":"34637b00-9982-4af4-8b32-4fd7310c9b9e","local_time":"20190323145834","is_ascension_mode":false,"campfire_choices":[{"data":"Zap","floor":11,"key":"SMITH"},{"data":"Dualcast","floor":15,"key":"SMITH"}],"neow_cost":"NO_GOLD","seed_source_timestamp":711551298788100,"circlet_count":0,"master_deck":["Defend_B+1","Defend_B","Defend_B","Defend_B","Zap+1","Dualcast+1","Reprogram","Glacier","Hologram","Go for the Eyes","Hologram","Self Repair","All For One","Go for the Eyes","Redo","Defragment","Auto Shields+1","Capacitor"],"relics":["Cracked Core","Kunai","Matryoshka","Tiny House"],"potions_floor_usage":[8,8,16,16,18,19],"damage_taken":[{"damage":1,"enemies":"Cultist","floor":1,"turns":3},{"damage":2,"enemies":"2 Louse","floor":2,"turns":3},{"damage":1,"enemies":"Jaw Worm","floor":3,"turns":4},{"damage":11,"enemies":"3 Louse","floor":4,"turns":8},{"damage":24,"enemies":"Exordium Thugs","floor":5,"turns":10},{"damage":3,"enemies":"Large Slime","floor":6,"turns":9},{"damage":7,"enemies":"3 Sentries","floor":8,"turns":13},{"damage":4,"enemies":"Looter","floor":10,"turns":3},{"damage":9,"enemies":"Blue Slaver","floor":13,"turns":3},{"damage":9,"enemies":"Hexaghost","floor":16,"turns":16},{"damage":10,"enemies":"Spheric Guardian","floor":18,"turns":8},{"damage":13,"enemies":"2 Thieves","floor":19,"turns":4},{"damage":21,"enemies":"Snake Plant","floor":20,"turns":5},{"damage":68,"enemies":"Masked Bandits","floor":22,"turns":5}],"seed_played":"2879843765511079162","potions_obtained":[{"floor":1,"key":"GamblersBrew"},{"floor":3,"key":"Ancient Potion"},{"floor":6,"key":"Block Potion"},{"floor":8,"key":"AttackPotion"},{"floor":16,"key":"GamblersBrew"},{"floor":17,"key":"Swift Potion"},{"floor":18,"key":"Poison Potion"}],"is_trial":false,"path_per_floor":["M","M","M","M","M","M","$","E","T","M","R","?","M","$","R","B",null,"M","M","M","$","?"],"character_chosen":"DEFECT","items_purchased":["Self Repair","Go for the Eyes","Capacitor"],"campfire_rested":0,"item_purchase_floors":[7,14,21],"current_hp_per_floor":[74,72,71,60,36,33,33,33,33,36,36,36,34,34,34,32,80,77,71,57,57,0],"gold":92,"neow_bonus":"REMOVE_TWO","is_prod":false,"is_daily":false,"chose_seed":false,"campfire_upgraded":2,"win_rate":0.0,"timestamp":1553345914,"path_taken":["M","M","M","M","M","M","$","E","T","?","R","?","M","$","R","BOSS","M","M","M","$","?"],"build_version":"2019-01-23","purchased_purges":2,"victory":false,"max_hp_per_floor":[75,75,75,75,75,75,75,75,75,75,75,75,75,75,75,75,80,80,80,80,80,80],"card_choices":[{"not_picked":["Go for the Eyes","Redo"],"picked":"Reprogram","floor":1},{"not_picked":["Steam Power","Compile Driver"],"picked":"Glacier","floor":2},{"not_picked":["Chaos","Ball Lightning"],"picked":"Hologram","floor":3},{"not_picked":["Sweeping Beam","Blizzard"],"picked":"Go for the Eyes","floor":4},{"not_picked":["Cold Snap","Beam Cell"],"picked":"Hologram","floor":5},{"not_picked":["Stack","Storm","Conserve Battery"],"picked":"SKIP","floor":6},{"not_picked":["Glacier","Streamline","Cold Snap"],"picked":"SKIP","floor":8},{"not_picked":["Stack","Ball Lightning"],"picked":"All For One","floor":10},{"not_picked":["Barrage","Cold Snap","Hologram"],"picked":"SKIP","floor":13},{"not_picked":["Rip and Tear","Barrage"],"picked":"Redo","floor":17},{"not_picked":["Beam Cell","Leap","Force Field"],"picked":"SKIP","floor":18},{"not_picked":["Buffer","Leap+1"],"picked":"Defragment","floor":19},{"not_picked":["Leap","Streamline"],"picked":"Auto Shields+1","floor":20}],"player_experience":70483,"relics_obtained":[{"floor":8,"key":"Kunai"},{"floor":9,"key":"Matryoshka"}],"event_choices":[{"damage_healed":0,"gold_gain":100,"player_choice":"Pray","damage_taken":0,"max_hp_gain":0,"max_hp_loss":0,"event_name":"Golden Shrine","floor":12,"gold_loss":0},{"damage_healed":0,"gold_gain":0,"player_choice":"Fought Bandits","damage_taken":0,"max_hp_gain":0,"max_hp_loss":0,"event_name":"Masked Bandits","floor":22,"gold_loss":0}],"is_beta":false,"boss_relics":[{"not_picked":["Eternal Feather","Runic Dome"],"picked":"Tiny House"}],"items_purged_floors":[14,21],"is_endless":false,"potions_floor_spawned":[1,3,6,8,16,18],"killed_by":"Masked Bandits","ascension_level":0}