{"gold_per_floor":[215,15,27,47,222,222,239,239,239,239,259,1,20,20,20,120,120,140,239,239,93,93,127,144,144,195,224,235,250,250,165,165,263,313,333,333,333,76,126,181,7,23,23,49,49,68,0,12,12,12],"floor_reached":51,"playtime":2616,"items_purged":["Doubt","Writhe"],"score":1250,"play_id":"b4fd25e8-35b5-4f6b-bba9-6119b83ebe50","local_time":"20181118003143","is_ascension_mode":true,"campfire_choices":[{"data":"Zap","floor":6,"key":"SMITH"},{"data":"Dualcast","floor":8,"key":"SMITH"},{"data":"Go for the Eyes","floor":10,"key":"SMITH"},{"data":"Go for the Eyes","floor":15,"key":"SMITH"},{"data":"Electrodynamics","floor":25,"key":"SMITH"},{"data":"Reboot","floor":30,"key":"SMITH"},{"data":"Auto Shields","floor":32,"key":"SMITH"},{"floor":45,"key":"REST"},{"data":"Seek","floor":49,"key":"SMITH"}],"neow_cost":"NONE","seed_source_timestamp":317506336537375,"circlet_count":0,"master_deck":["AscendersBane","Strike_B","Defend_B","Defend_B","Defend_B","Defend_B","Zap+1","Dualcast+1","Go for the Eyes+1","Go for the Eyes+1","Hologram","Ball Lightning","Coolheaded","Beam Cell","Coolheaded","Steam","Electrodynamics+1","Rip and Tear","Compile Driver","Auto Shields+1","Glacier+1","Reboot+1","Turbo+1","Go for the Eyes","Seek+1","Leap","Tempest+1","FTL","Defragment+1","Glacier","Capacitor","Rainbow","Storm+1","Undo+1"],"relics":["Cracked Core","Oddly Smooth Stone","Bird Faced Urn","Bronze Scales","Sozu","The Courier","Anchor","Dream Catcher","Bag of Marbles","Tiny House","Bag of Preparation","Du-Vu Doll","Tiny Chest","Regal Pillow","Mummified Hand","Potion Belt","Red Mask"],"potions_floor_usage":[23,33,50],"damage_taken":[{"damage":2,"enemies":"2 Louse","floor":1,"turns":3},{"damage":3,"enemies":"Small Slimes","floor":3,"turns":3},{"damage":0,"enemies":"Jaw Worm","floor":4,"turns":3},{"damage":6,"enemies":"Exordium Wildlife","floor":7,"turns":4},{"damage":1,"enemies":"Blue Slaver","floor":11,"turns":3},{"damage":0,"enemies":"2 Fungi Beasts","floor":13,"turns":2},{"damage":0,"enemies":"The Guardian","floor":16,"turns":12},{"damage":7,"enemies":"2 Thieves","floor":18,"turns":2},{"damage":8,"enemies":"Book of Stabbing","floor":23,"turns":4},{"damage":0,"enemies":"Spheric Guardian","floor":24,"turns":3},{"damage":0,"enemies":"Slavers","floor":27,"turns":4},{"damage":13,"enemies":"Snecko","floor":28,"turns":5},{"damage":0,"enemies":"Centurion and Healer","floor":29,"turns":9},{"damage":53,"enemies":"Champ","floor":33,"turns":16},{"damage":0,"enemies":"Orb Walker","floor":35,"turns":2},{"damage":17,"enemies":"2 Orb Walkers","floor":39,"turns":4},{"damage":24,"enemies":"Reptomancer","floor":40,"turns":5},{"damage":0,"enemies":"3 Shapes","floor":42,"turns":1},{"damage":0,"enemies":"Nemesis","floor":44,"turns":9},{"damage":0,"enemies":"Sphere and 2 Shapes","floor":46,"turns":2},{"damage":1,"enemies":"Maw","floor":48,"turns":7},{"damage":43,"enemies":"Awakened One","floor":50,"turns":21}],"seed_played":"-6166556168111760252","potions_obtained":[{"floor":4,"key":"Swift Potion"},{"floor":7,"key":"LiquidBronze"},{"floor":13,"key":"LiquidBronze"}],"is_trial":false,"path_per_floor":["M","$","M","M","?","R","M","R","T","R","M","$","M","?","R","B",null,"M","?","?","$","?","E","M","R","T","E","M","M","R","?","R","B",null,"M","?","?","$","?","E","$","M","T","E","R","M","?","M","R","B",null],"character_chosen":"DEFECT","items_purchased":["Oddly Smooth Stone","Go for the Eyes","Bronze Scales","Coolheaded","Auto Shields","Glacier","Bag of Preparation","FTL","Regal Pillow","Capacitor"],"campfire_rested":1,"item_purchase_floors":[2,2,12,12,21,21,38,38,41,41],"current_hp_per_floor":[66,66,63,63,63,63,57,57,57,57,56,56,56,49,49,49,69,64,64,64,64,64,58,60,60,60,62,51,53,53,53,53,2,62,64,64,80,80,63,43,43,47,47,53,80,80,80,79,79,41],"gold":12,"neow_bonus":"HUNDRED_GOLD","is_prod":false,"is_daily":false,"chose_seed":false,"campfire_upgraded":8,"win_rate":0,"timestamp":1542497503,"path_taken":["M","$","M","M","?","R","M","R","T","R","M","$","M","?","R","BOSS","M","?","?","$","?","E","M","R","T","E","M","M","R","?","R","BOSS","M","?","?","$","?","E","?","M","T","E","R","?","?","M","R","BOSS"],"build_version":"2018-11-15","purchased_purges":2,"victory":true,"max_hp_per_floor":[75,75,75,75,75,75,75,75,75,75,75,75,75,75,75,75,75,75,75,75,75,75,75,75,75,75,75,75,75,75,75,75,75,80,80,80,80,80,80,80,80,80,80,80,80,80,80,80,80,80],"card_choices":[{"not_picked":["Steam","Sweeping Beam"],"picked":"Go for the Eyes","floor":1},{"not_picked":["Barrage","Stack"],"picked":"Hologram","floor":3},{"not_picked":["Steam Power","Streamline"],"picked":"Ball Lightning","floor":4},{"not_picked":["Heatsinks","Rebound"],"picked":"Coolheaded","floor":7},{"not_picked":["Stack","Compile Driver"],"picked":"Beam Cell","floor":11},{"not_picked":["Streamline","Melter"],"picked":"Steam","floor":13},{"not_picked":["Rainbow","Machine Learning"],"picked":"Electrodynamics","floor":16},{"not_picked":["Redo","Leap"],"picked":"Ball Lightning","floor":18},{"not_picked":["Genetic Algorithm+1","Gash"],"picked":"Reboot","floor":23},{"not_picked":["Doom and Gloom+1","Redo","Compile Driver"],"picked":"SKIP","floor":24},{"not_picked":["Conserve Battery","Go for the Eyes"],"picked":"Turbo+1","floor":27},{"not_picked":["Cold Snap","Rebound"],"picked":"Go for the Eyes","floor":28},{"not_picked":["Cold Snap","Coolheaded","Streamline"],"picked":"SKIP","floor":29},{"not_picked":["Rainbow","Reboot"],"picked":"Seek","floor":33},{"not_picked":["Turbo","Steam+1"],"picked":"Leap","floor":34},{"not_picked":["Lockon+1","Aggregate+1"],"picked":"Tempest+1","floor":35},{"not_picked":["Ball Lightning","Beam Cell"],"picked":"Defragment+1","floor":39},{"not_picked":["Skim","Lockon"],"picked":"Glacier","floor":40},{"not_picked":["Barrage","Fusion","Ball Lightning"],"picked":"SKIP","floor":42},{"not_picked":["Self Repair+1","Glacier"],"picked":"Rainbow","floor":44},{"not_picked":["Double Energy","Conserve Battery"],"picked":"Storm+1","floor":45},{"not_picked":["Self Repair+1","Skim"],"picked":"Undo+1","floor":46},{"not_picked":["Barrage+1","Redo+1","Genetic Algorithm"],"picked":"SKIP","floor":48}],"player_experience":348120,"relics_obtained":[{"floor":9,"key":"Bird Faced Urn"},{"floor":23,"key":"The Courier"},{"floor":26,"key":"Anchor"},{"floor":27,"key":"Dream Catcher"},{"floor":39,"key":"Du-Vu Doll"},{"floor":40,"key":"Tiny Chest"},{"floor":43,"key":"Mummified Hand"},{"floor":44,"key":"Potion Belt"}],"event_choices":[{"damage_healed":0,"gold_gain":175,"player_choice":"AGREE","damage_taken":0,"max_hp_gain":0,"max_hp_loss":0,"event_name":"Liars Game","floor":5,"gold_loss":0,"cards_obtained":["Doubt"]},{"cards_removed":["Strike_B"],"damage_healed":0,"gold_gain":0,"player_choice":"Card Removal","damage_taken":7,"max_hp_gain":0,"max_hp_loss":0,"event_name":"Golden Wing","floor":14,"gold_loss":0},{"damage_healed":0,"gold_gain":99,"player_choice":"Stole From Cult","damage_taken":0,"max_hp_gain":0,"max_hp_loss":0,"event_name":"Nest","floor":19,"gold_loss":0},{"damage_healed":0,"gold_gain":0,"cards_transformed":["Strike_B","Strike_B"],"player_choice":"Became Test Subject","damage_taken":0,"max_hp_gain":0,"max_hp_loss":0,"event_name":"Drug Dealer","floor":20,"gold_loss":0,"cards_obtained":["Rip and Tear","Compile Driver"]},{"damage_healed":0,"gold_gain":0,"player_choice":"Ignored","damage_taken":0,"max_hp_gain":0,"max_hp_loss":0,"event_name":"Vampires","floor":22,"gold_loss":0},{"damage_healed":0,"gold_gain":0,"player_choice":"Obtained Relic","damage_taken":0,"relics_obtained":["Bag of Marbles"],"max_hp_gain":0,"max_hp_loss":0,"event_name":"Addict","floor":31,"gold_loss":85},{"cards_removed":["Ball Lightning"],"damage_healed":0,"gold_gain":0,"player_choice":"Removed Attack","damage_taken":0,"max_hp_gain":0,"max_hp_loss":0,"event_name":"Falling","floor":36,"gold_loss":0},{"damage_healed":20,"gold_gain":0,"player_choice":"Writhe","damage_taken":0,"max_hp_gain":0,"max_hp_loss":0,"event_name":"Winding Halls","floor":37,"gold_loss":0,"cards_obtained":["Writhe"]},{"damage_healed":0,"gold_gain":0,"player_choice":"Fight","damage_taken":0,"max_hp_gain":0,"max_hp_loss":0,"event_name":"Mysterious Sphere","floor":39,"gold_loss":0},{"damage_healed":0,"gold_gain":0,"player_choice":"Paid","damage_taken":0,"relics_obtained":["Red Mask"],"max_hp_gain":0,"max_hp_loss":0,"event_name":"Tomb of Lord Red Mask","floor":47,"gold_loss":68}],"is_beta":false,"boss_relics":[{"not_picked":["Lizard Tail","Inserter"],"picked":"Sozu"},{"not_picked":["Coffee Dripper","Snecko Eye"],"picked":"Tiny House"}],"items_purged_floors":[12,38],"is_endless":false,"potions_floor_spawned":[4,7,13,23,24,27,29,40,42,44],"ascension_level":10}