{"gold_per_floor":[111,129,47,47,59,59,94,112,159,179,179,255,275,305,317,425,437,463,475,499,529,556,568,580],"floor_reached":24,"playtime":1233,"items_purged":[],"score":416,"play_id":"8a6b9fe5-9e95-441c-bd5a-79cf7841f8bc","local_time":"20181229212547","is_ascension_mode":true,"campfire_choices":[{"data":"Zap","floor":6.0,"key":"SMITH"},{"floor":11.0,"key":"REST"},{"data":"Conserve Battery","floor":15.0,"key":"SMITH"},{"floor":23.0,"key":"REST"}],"neow_cost":"NONE","seed_source_timestamp":107557686281325,"circlet_count":0,"master_deck":["AscendersBane","Zap+1","Dualcast","Core Surge+1","Rip and Tear","Defragment","Loop","Conserve Battery","Skim","Gash","Defragment+1","Conserve Battery+1","Rebound","Force Field","Reboot","Buffer+1","Scrape","Conserve Battery","Doom and Gloom","Darkness","Ball Lightning","Ball Lightning","Redo","Bandage Up","Coolheaded+1","Hologram"],"special_seed":0,"relics":["Cracked Core","Frozen Egg 2","Whetstone","Pantograph","MawBank","Pandora\u0027s Box"],"potions_floor_usage":[],"damage_taken":[{"damage":7.0,"enemies":"Jaw Worm","floor":1.0,"turns":2.0},{"damage":0.0,"enemies":"Cultist","floor":2.0,"turns":2.0},{"damage":6.0,"enemies":"2 Louse","floor":5.0,"turns":3.0},{"damage":20.0,"enemies":"3 Sentries","floor":7.0,"turns":7.0},{"damage":5.0,"enemies":"Large Slime","floor":8.0,"turns":5.0},{"damage":5.0,"enemies":"Exordium Thugs","floor":10.0,"turns":4.0},{"damage":17.0,"enemies":"3 Louse","floor":13.0,"turns":3.0},{"damage":18.0,"enemies":"Gremlin Nob","floor":14.0,"turns":3.0},{"damage":0.0,"enemies":"Slime Boss","floor":16.0,"turns":7.0},{"damage":0.0,"enemies":"Spheric Guardian","floor":18.0,"turns":3.0},{"damage":5.0,"enemies":"Chosen","floor":20.0,"turns":5.0},{"damage":37.0,"enemies":"3 Cultists","floor":21.0,"turns":5.0},{"damage":28.0,"enemies":"Snake Plant","floor":22.0,"turns":5.0},{"damage":41,"enemies":"Gremlin Leader","floor":24,"turns":4}],"seed_played":"-7899511809065078862","potions_obtained":[{"floor":5.0,"key":"SkillPotion"},{"floor":7.0,"key":"Strength Potion"},{"floor":10.0,"key":"Strength Potion"},{"floor":14.0,"key":"GamblersBrew"},{"floor":18.0,"key":"Dexterity Potion"},{"floor":20.0,"key":"Block Potion"}],"is_trial":false,"path_per_floor":["M","M","$","?","M","R","T","M","R","T","M","E","R","B",null,"M","?","M","M","M","R"],"character_chosen":"DEFECT","items_purchased":["Loop","Conserve Battery"],"campfire_rested":2,"item_purchase_floors":[3,3],"current_hp_per_floor":[61,61,61,61,55,55,35,30,30,25,47,47,30,12,12,37,66,66,66,65,32,8,30,0],"gold":580,"neow_bonus":"ONE_RANDOM_RARE_CARD","is_prod":false,"is_daily":false,"chose_seed":false,"campfire_upgraded":2,"win_rate":0,"timestamp":1546115147,"path_taken":["M","M","$","?","M","R","E","?","T","M","R","?","M","E","R","BOSS","M","?","M","M","M","R","E"],"build_version":"2018-12-25","purchased_purges":0,"victory":false,"max_hp_per_floor":[75,75,75,75,75,75,75,75,75,75,75,75,75,75,75,75,75,75,75,75,75,75,75,75],"card_choices":[{"not_picked":["Turbo","Ball Lightning"],"picked":"Rip and Tear","floor":1.0},{"not_picked":["Sweeping Beam","White Noise"],"picked":"Defragment","floor":2.0},{"not_picked":["BootSequence","Blizzard"],"picked":"Gash","floor":5.0},{"not_picked":["Sweeping Beam","Undo"],"picked":"Defragment","floor":7.0},{"not_picked":["Beam Cell","Hello World+1"],"picked":"Conserve Battery","floor":8.0},{"not_picked":["Conserve Battery","Heatsinks+1"],"picked":"Rebound","floor":10.0},{"not_picked":["Sweeping Beam","Redo"],"picked":"Force Field","floor":13.0},{"not_picked":["Stack","Heatsinks+1"],"picked":"Reboot","floor":14.0},{"not_picked":["Creative AI+1","Rainbow"],"picked":"Buffer+1","floor":16.0},{"not_picked":["Sweeping Beam","Cold Snap","Darkness"],"picked":"SKIP","floor":18.0},{"not_picked":["Storm+1","Leap"],"picked":"Coolheaded+1","floor":20.0},{"not_picked":["Compile Driver","Stack"],"picked":"Hologram","floor":21.0},{"not_picked":["Skim","Beam Cell","Stack"],"picked":"SKIP","floor":22.0}],"player_experience":332575,"relics_obtained":[{"floor":7.0,"key":"Frozen Egg 2"},{"floor":9.0,"key":"Whetstone"},{"floor":12.0,"key":"Pantograph"},{"floor":14.0,"key":"MawBank"}],"event_choices":[{"damage_healed":0.0,"max_hp_gain":0.0,"max_hp_loss":0.0,"gold_gain":0.0,"cards_transformed":["Strike_B"],"event_name":"Transmorgrifier","player_choice":"Transformed","floor":4.0,"gold_loss":0.0,"damage_taken":0.0,"cards_obtained":["Skim"]},{"damage_healed":0.0,"max_hp_gain":0.0,"max_hp_loss":0.0,"gold_gain":0.0,"event_name":"Match and Keep!","player_choice":"1 cards matched","floor":19.0,"gold_loss":0.0,"damage_taken":0.0,"cards_obtained":["Bandage Up"]}],"is_beta":true,"boss_relics":[{"not_picked":["Eternal Feather","Black Star"],"picked":"Pandora\u0027s Box"}],"items_purged_floors":[],"is_endless":false,"potions_floor_spawned":[5,7,10,14,18,20],"killed_by":"Gremlin Leader","ascension_level":12}