{"gold_per_floor":[110,123,198,198,213,240,240,106,106,133,133,143,159,187,187,262,262,262,262,262,262,262,262,262,262,262,262,262,262,262,262,262,262,262,262,262,262,262,83,83,83,83,83,83,83,83,83,83,83,83,83],"floor_reached":52,"playtime":2181,"items_purged":["True Grit"],"score":2010,"play_id":"8360dacf-b125-4049-80cb-3b2a9fd32da5","local_time":"20180903145419","daily_mods":["Draft"],"is_ascension_mode":true,"campfire_choices":[{"data":"Rampage","floor":7.0,"key":"SMITH"},{"data":"Armaments","floor":11.0,"key":"SMITH"},{"data":"Inflame","floor":15.0,"key":"SMITH"},{"floor":29,"key":"REST"},{"floor":32,"key":"REST"},{"data":"Limit Break","floor":40,"key":"SMITH"},{"floor":49,"key":"REST"}],"neow_cost":"","seed_source_timestamp":0,"circlet_count":0,"master_deck":["AscendersBane","Headbutt","Armaments+1","Shrug It Off","Inflame+1","Ghostly Armor","Twin Strike","Shrug It Off","Flex","Twin Strike","Uppercut+1","Cleave","Iron Wave","Cleave","Pummel","Rampage+1","Anger","Battle Trance","Spot Weakness","Limit Break+1","Shockwave","Offering","Metallicize","Discovery","True Grit+1","Whirlwind+1","Shrug It Off+1"],"special_seed":0,"relics":["Burning Blood","Smiling Mask","Pantograph","Anchor","Mango","Ectoplasm","Red Mask","Champion Belt","Happy Flower","Mercury Hourglass","Mummified Hand","Omamori","Orrery","StoneCalendar","Lantern","Dream Catcher","Toxic Egg 2","Thread and Needle"],"potions_floor_usage":[28,30,45,51,51],"damage_taken":[{"damage":0.0,"enemies":"Cultist","floor":1.0,"turns":3.0},{"damage":0.0,"enemies":"Jaw Worm","floor":2.0,"turns":3.0},{"damage":0.0,"enemies":"2 Louse","floor":5.0,"turns":2.0},{"damage":30.0,"enemies":"Gremlin Nob","floor":6.0,"turns":4.0},{"damage":3.0,"enemies":"Lagavulin","floor":10.0,"turns":5.0},{"damage":0.0,"enemies":"Blue Slaver","floor":12.0,"turns":2.0},{"damage":0.0,"enemies":"2 Fungi Beasts","floor":13.0,"turns":2.0},{"damage":0.0,"enemies":"3 Sentries","floor":14.0,"turns":4.0},{"damage":34.0,"enemies":"Hexaghost","floor":16.0,"turns":7.0},{"damage":7.0,"enemies":"Shell Parasite","floor":18.0,"turns":3.0},{"damage":0.0,"enemies":"Masked Bandits","floor":19.0,"turns":3.0},{"damage":12.0,"enemies":"Chosen","floor":21.0,"turns":4.0},{"damage":2.0,"enemies":"3 Cultists","floor":22.0,"turns":3.0},{"damage":43.0,"enemies":"Book of Stabbing","floor":23.0,"turns":5.0},{"damage":33.0,"enemies":"Gremlin Leader","floor":25.0,"turns":4.0},{"damage":15,"enemies":"Book of Stabbing","floor":28,"turns":3},{"damage":25,"enemies":"Gremlin Leader","floor":30,"turns":3},{"damage":6,"enemies":"Centurion and Healer","floor":31,"turns":3},{"damage":34,"enemies":"Champ","floor":33,"turns":5},{"damage":6,"enemies":"3 Shapes","floor":35,"turns":2},{"damage":0,"enemies":"Orb Walker","floor":36,"turns":3},{"damage":19,"enemies":"Mysterious Sphere","floor":37,"turns":2},{"damage":30,"enemies":"Giant Head","floor":41,"turns":6},{"damage":17,"enemies":"Spire Growth","floor":44,"turns":3},{"damage":10,"enemies":"Mind Bloom Boss Battle","floor":45,"turns":5},{"damage":6,"enemies":"Reptomancer","floor":46,"turns":3},{"damage":0,"enemies":"Sphere and 2 Shapes","floor":47,"turns":2},{"damage":27,"enemies":"3 Darklings","floor":48,"turns":3},{"damage":49,"enemies":"Time Eater","floor":50,"turns":6},{"damage":60,"enemies":"Awakened One","floor":51,"turns":8}],"seed_played":"-1878245372189993701","potions_obtained":[{"floor":6.0,"key":"BloodPotion"},{"floor":12.0,"key":"Fruit Juice"},{"floor":14.0,"key":"Swift Potion"},{"floor":21.0,"key":"Regen Potion"},{"floor":23.0,"key":"AttackPotion"},{"floor":25.0,"key":"Weak Potion"},{"floor":28,"key":"GamblersBrew"},{"floor":33,"key":"Regen Potion"},{"floor":44,"key":"Strength Potion"},{"floor":45,"key":"SteroidPotion"}],"is_trial":true,"path_per_floor":["M","M","?","?","M","E","R","$","T","E","R","M","M","E","R","B",null,"M","?","?","M","M","E","$","E","T","?","E","R","E","M","R","B",null,"M","M","?","?","$","R","E","?","T","M","?","M","M","M","R","B","B"],"character_chosen":"IRONCLAD","items_purchased":["Battle Trance","Lantern"],"campfire_rested":3,"item_purchase_floors":[8,39],"current_hp_per_floor":[74,75,75,75,75,51,51,51,51,54,54,60,66,91,91,75,89,88,94,94,88,92,55,55,37,37,37,43,71,52,52,80,66,87,87,93,80,80,80,80,56,56,56,45,80,80,86,65,93,51,22],"gold":83,"neow_bonus":"","is_prod":false,"is_daily":false,"chose_seed":false,"campfire_upgraded":4,"win_rate":0,"timestamp":1536011659,"path_taken":["M","M","?","?","M","E","R","$","T","E","R","M","M","E","R","BOSS","M","?","?","M","M","E","$","E","T","?","E","R","E","M","R","BOSS","M","M","?","?","$","R","E","?","T","?","?","M","M","M","R","BOSS","BOSS"],"build_version":"2018-08-30","purchased_purges":1,"victory":true,"max_hp_per_floor":[75,75,75,75,75,75,75,75,75,75,75,75,75,94,94,94,94,94,94,94,94,94,94,94,94,94,94,94,94,94,94,94,94,94,94,94,94,94,94,94,94,94,94,94,94,94,94,94,94,94,94],"card_choices":[{"not_picked":["Pommel Strike","Cleave"],"picked":"Headbutt","floor":0.0},{"not_picked":["Clash","Warcry"],"picked":"Armaments","floor":0.0},{"not_picked":["Warcry","Second Wind"],"picked":"Shrug It Off","floor":0.0},{"not_picked":["Warcry","Battle Trance"],"picked":"Inflame","floor":0.0},{"not_picked":["Clash","Thunderclap"],"picked":"Ghostly Armor","floor":0.0},{"not_picked":["Heavy Blade","Sentinel"],"picked":"True Grit","floor":0.0},{"not_picked":["True Grit","Hemokinesis"],"picked":"Twin Strike","floor":0.0},{"not_picked":["Headbutt","Warcry"],"picked":"Shrug It Off","floor":0.0},{"not_picked":["Heavy Blade","Blood for Blood"],"picked":"Flex","floor":0.0},{"not_picked":["Pommel Strike","Burning Pact"],"picked":"Twin Strike","floor":0.0},{"not_picked":["Clash","Twin Strike"],"picked":"Uppercut","floor":0.0},{"not_picked":["Twin Strike","True Grit"],"picked":"Cleave","floor":0.0},{"not_picked":["Flame Barrier","Warcry"],"picked":"Shrug It Off","floor":0.0},{"not_picked":["Flex","Body Slam"],"picked":"Iron Wave","floor":0.0},{"not_picked":["Clothesline","Fire Breathing"],"picked":"Cleave","floor":0.0},{"not_picked":["Flex","Headbutt"],"picked":"Pummel","floor":1.0},{"not_picked":["Thunderclap","Heavy Blade"],"picked":"Rampage","floor":2.0},{"not_picked":["Wild Strike","Clothesline","Flex"],"picked":"SKIP","floor":5.0},{"not_picked":["Uppercut","Feed"],"picked":"Anger","floor":6.0},{"not_picked":["Searing Blow","True Grit","Dual Wield"],"picked":"SKIP","floor":10.0},{"not_picked":["Bloodletting","Second Wind","Twin Strike"],"picked":"SKIP","floor":12.0},{"not_picked":["Carnage","Reckless Charge"],"picked":"Spot Weakness","floor":13.0},{"not_picked":["Warcry","Pommel Strike","Sword Boomerang"],"picked":"SKIP","floor":14.0},{"not_picked":["Dark Embrace","Reaper"],"picked":"Limit Break","floor":16.0},{"not_picked":["Anger","Havoc","Rupture"],"picked":"SKIP","floor":18.0},{"not_picked":["Armaments","Seeing Red","Uppercut"],"picked":"SKIP","floor":21.0},{"not_picked":["Headbutt","Spot Weakness"],"picked":"Shockwave","floor":22.0},{"not_picked":["Thunderclap","Cleave"],"picked":"Heavy Blade","floor":23.0},{"not_picked":["Thunderclap","Twin Strike"],"picked":"Offering","floor":25.0},{"not_picked":["Shrug It Off","Iron Wave","Pommel Strike"],"picked":"SKIP","floor":28},{"not_picked":["Ghostly Armor","Juggernaut","Sever Soul"],"picked":"SKIP","floor":30},{"not_picked":["Clothesline","Thunderclap","Blood for Blood+1"],"picked":"SKIP","floor":31},{"not_picked":["Thunderclap","True Grit"],"picked":"Metallicize","floor":34},{"not_picked":["Dropkick","Brutality","Blood for Blood"],"picked":"SKIP","floor":35},{"not_picked":["Warcry","Pommel Strike","Power Through"],"picked":"SKIP","floor":36},{"not_picked":["Swift Strike","Mind Blast"],"picked":"Discovery","floor":38},{"not_picked":["Heavy Blade","Shrug It Off","Cleave"],"picked":"SKIP","floor":41},{"not_picked":["Pommel Strike","Iron Wave"],"picked":"True Grit+1","floor":44},{"not_picked":["Dropkick+1","Shrug It Off+1"],"picked":"Whirlwind+1","floor":45},{"not_picked":["Power Through+1","Perfected Strike","Sword Boomerang"],"picked":"SKIP","floor":46},{"not_picked":["Entrench+1","Armaments+1"],"picked":"Shrug It Off+1","floor":47},{"not_picked":["Entrench+1","Clash","Heavy Blade"],"picked":"SKIP","floor":48}],"player_experience":1065892,"relics_obtained":[{"floor":6.0,"key":"Smiling Mask"},{"floor":9.0,"key":"Pantograph"},{"floor":10.0,"key":"Anchor"},{"floor":14.0,"key":"Mango"},{"floor":19.0,"key":"Red Mask"},{"floor":23.0,"key":"Champion Belt"},{"floor":25.0,"key":"Happy Flower"},{"floor":26.0,"key":"Mercury Hourglass"},{"floor":28,"key":"Mummified Hand"},{"floor":30,"key":"Omamori"},{"floor":37,"key":"StoneCalendar"},{"floor":41,"key":"Dream Catcher"},{"floor":43,"key":"Toxic Egg 2"},{"floor":45,"key":"Thread and Needle"}],"event_choices":[{"event_name":"Golden Wing","player_choice":"Gained Gold","floor":3.0,"damage_taken":0.0},{"event_name":"Living Wall","player_choice":"Grow","floor":4.0,"damage_taken":0.0},{"event_name":"Masked Bandits","player_choice":"Fought Bandits","floor":19.0,"damage_taken":0.0},{"event_name":"Beggar","player_choice":"Ignored","floor":20.0,"damage_taken":0.0},{"event_name":"Back to Basics","player_choice":"Elegance","floor":27.0,"damage_taken":0.0},{"event_name":"Mysterious Sphere","player_choice":"Fight","floor":37,"damage_taken":0},{"event_name":"SensoryStone","player_choice":"Memory 1","floor":38,"damage_taken":0},{"event_name":"Falling","player_choice":"Removed Skill","floor":42,"damage_taken":0},{"event_name":"MindBloom","player_choice":"Fight","floor":45,"damage_taken":0}],"is_beta":false,"boss_relics":[{"not_picked":["Tiny House","Runic Dome"],"picked":"Ectoplasm"},{"not_picked":["Snecko Eye","Velvet Choker"],"picked":"Orrery"}],"items_purged_floors":[8],"is_endless":false,"potions_floor_spawned":[6,12,14,21,23,25,28,33,37,44,45,47],"ascension_level":20}