{"gold_per_floor":[111,111,111,36,50,89,89,107,107,107,127,127,143,168,168,293,293,311,226,240,57,57,57,57,80,80,101,0,0,0],"floor_reached":30,"playtime":1742,"items_purged":["Injury"],"score":276,"play_id":"ee7f9712-bb6a-4cd2-8d8f-8f15e4b083c3","local_time":"20190415020415","is_ascension_mode":true,"campfire_choices":[{"floor":7.0,"key":"REST"},{"floor":12.0,"key":"REST"},{"data":"Catalyst","floor":15.0,"key":"SMITH"},{"floor":23.0,"key":"REST"}],"neow_cost":"NONE","seed_source_timestamp":60545339707977,"circlet_count":0,"master_deck":["Defend_G","Defend_G","Defend_G","Defend_G","Defend_G","Strike_G","Strike_G","Strike_G+1","Strike_G","Strike_G","Survivor+1","Neutralize","Catalyst+1","Bane","Blur","Quick Slash","Bane","Distraction","Escape Plan","Glass Knife","Poisoned Stab+1","Bouncing Flask","Panache","RitualDagger","Necronomicurse","Parasite"],"special_seed":0,"relics":["Cursed Key","Golden Idol","Gremlin Horn","Pantograph","Lizard Tail","Gambling Chip","Necronomicon","Bag of Preparation"],"potions_floor_usage":[25],"damage_taken":[{"damage":0.0,"enemies":"Small Slimes","floor":1.0,"turns":4.0},{"damage":4.0,"enemies":"Jaw Worm","floor":5.0,"turns":5.0},{"damage":37.0,"enemies":"3 Sentries","floor":6.0,"turns":13.0},{"damage":1.0,"enemies":"2 Louse","floor":8.0,"turns":2.0},{"damage":2.0,"enemies":"2 Fungi Beasts","floor":11.0,"turns":4.0},{"damage":0.0,"enemies":"Blue Slaver","floor":13.0,"turns":4.0},{"damage":1.0,"enemies":"Exordium Wildlife","floor":14.0,"turns":5.0},{"damage":41.0,"enemies":"Slime Boss","floor":16.0,"turns":15.0},{"damage":29.0,"enemies":"Shell Parasite","floor":18.0,"turns":7.0},{"damage":18.0,"enemies":"Spheric Guardian","floor":20.0,"turns":5.0},{"damage":27,"enemies":"Cultist and Chosen","floor":25,"turns":7},{"damage":5,"enemies":"Snake Plant","floor":27,"turns":3},{"damage":43,"enemies":"Centurion and Healer","floor":30,"turns":5}],"seed_played":"-5530335158692755095","potions_obtained":[{"floor":1.0,"key":"Regen Potion"},{"floor":6.0,"key":"PowerPotion"},{"floor":11.0,"key":"Poison Potion"},{"floor":13.0,"key":"FearPotion"},{"floor":18.0,"key":"Dexterity Potion"}],"is_trial":false,"path_per_floor":["M","?","?","$","M","E","R","M","T","?","M","R","M","M","R","B",null,"M","?","M","$","?","R","?","M","T","M","?","$","M"],"character_chosen":"THE_SILENT","items_purchased":["Panache"],"campfire_rested":3,"item_purchase_floors":[21],"current_hp_per_floor":[70,70,56,56,52,30,51,50,50,50,48,69,69,68,68,29,70,41,41,23,23,17,38,22,35,35,30,30,30,0],"gold":0,"neow_bonus":"BOSS_RELIC","is_prod":false,"is_daily":false,"chose_seed":false,"campfire_upgraded":1,"win_rate":0,"timestamp":1555290255,"path_taken":["M","?","?","$","M","E","R","M","T","?","M","R","M","M","R","BOSS","M","?","M","$","?","R","?","?","T","M","?","?","M"],"build_version":"2019-01-23","purchased_purges":1,"victory":false,"max_hp_per_floor":[70,70,70,70,70,70,70,70,70,70,70,70,70,70,70,70,70,70,70,70,70,70,70,70,70,70,70,70,70,70],"card_choices":[{"not_picked":["Leg Sweep","Backflip"],"picked":"Catalyst","floor":1.0},{"not_picked":["Flechettes","Cloak And Dagger"],"picked":"Bane","floor":5.0},{"not_picked":["Slice","Riddle With Holes"],"picked":"Blur","floor":6.0},{"not_picked":["Slice","Underhanded Strike"],"picked":"Quick Slash","floor":8.0},{"not_picked":["Sucker Punch","Expertise"],"picked":"Bane","floor":11.0},{"not_picked":["Dagger Throw","Choke"],"picked":"Distraction","floor":13.0},{"not_picked":["Sucker Punch","Tactician"],"picked":"Escape Plan","floor":14.0},{"not_picked":["Storm of Steel","Doppelganger"],"picked":"Glass Knife","floor":16.0},{"not_picked":["Blade Dance+1","Dagger Spray+1"],"picked":"Poisoned Stab+1","floor":18.0},{"not_picked":["Deflect","Backflip"],"picked":"Bouncing Flask","floor":20.0},{"not_picked":["Prepared","Escape Plan","Cloak And Dagger"],"picked":"SKIP","floor":25},{"not_picked":["Bane","Outmaneuver","Wraith Form v2"],"picked":"SKIP","floor":27}],"player_experience":635388,"relics_obtained":[{"floor":6.0,"key":"Gremlin Horn"},{"floor":9.0,"key":"Pantograph"},{"floor":24.0,"key":"Necronomicon"},{"floor":26,"key":"Bag of Preparation"}],"event_choices":[{"damage_healed":0.0,"max_hp_gain":0.0,"max_hp_loss":0.0,"gold_gain":0.0,"event_name":"Golden Idol","player_choice":"Take Wound","floor":2.0,"gold_loss":0.0,"damage_taken":0.0,"relics_obtained":["Golden Idol"],"cards_obtained":["Injury"]},{"damage_healed":0.0,"max_hp_gain":0.0,"max_hp_loss":0.0,"gold_gain":0.0,"event_name":"Shining Light","player_choice":"Entered Light","floor":3.0,"gold_loss":0.0,"damage_taken":14.0,"cards_upgraded":["Survivor","Strike_G"]},{"cards_removed":["Injury"],"damage_healed":0.0,"max_hp_gain":0.0,"max_hp_loss":0.0,"gold_gain":0.0,"event_name":"Living Wall","player_choice":"Forget","floor":10.0,"gold_loss":0.0,"damage_taken":0.0},{"damage_healed":0.0,"max_hp_gain":0.0,"max_hp_loss":0.0,"gold_gain":0.0,"event_name":"Addict","player_choice":"Obtained Relic","floor":19.0,"gold_loss":85.0,"damage_taken":0.0,"relics_obtained":["Gambling Chip"]},{"damage_healed":0.0,"max_hp_gain":0.0,"max_hp_loss":0.0,"gold_gain":0.0,"event_name":"Nest","player_choice":"Joined the Cult","floor":22.0,"gold_loss":0.0,"damage_taken":6.0,"cards_obtained":["RitualDagger"]},{"damage_healed":0.0,"max_hp_gain":0.0,"max_hp_loss":0.0,"gold_gain":0.0,"event_name":"Cursed Tome","player_choice":"Obtained Book","floor":24.0,"gold_loss":0.0,"damage_taken":16.0},{"damage_healed":0,"gold_gain":0,"player_choice":"Paid Fearfully","damage_taken":0,"max_hp_gain":0,"max_hp_loss":0,"event_name":"Masked Bandits","floor":28,"gold_loss":101}],"is_beta":false,"boss_relics":[{"not_picked":["Black Star","Empty Cage"],"picked":"Lizard Tail"}],"items_purged_floors":[4],"is_endless":false,"potions_floor_spawned":[1,6,11,13,18],"killed_by":"Centurion and Healer","ascension_level":4}