{"gold_per_floor":[109,109,126,142,142,142,172,172,172,192,192,224,73,93,93,172,172,191,116,116,116,96,96,20,20,98,129,104,104,51,63,63,135,135,147,147,159,159,159,159,185,185,185,203,9,9,27,0,0,0],"floor_reached":51,"playtime":3262,"items_purged":["Strike_B"],"score":1336,"play_id":"87ad643c-ca8f-41b9-b53e-c95ec04852e9","local_time":"20190110061327","is_ascension_mode":true,"campfire_choices":[{"data":"Zap","floor":6.0,"key":"SMITH"},{"floor":8.0,"key":"REST"},{"floor":15.0,"key":"REST"},{"data":"Seek","floor":23.0,"key":"SMITH"},{"data":"Dualcast","floor":25.0,"key":"SMITH"},{"floor":29.0,"key":"REST"},{"floor":32.0,"key":"REST"},{"data":"Hologram","floor":40,"key":"SMITH"},{"data":"Multi-Cast","floor":42,"key":"SMITH"},{"data":"Apotheosis","floor":49,"key":"SMITH"}],"neow_cost":"NONE","seed_source_timestamp":21971618994331,"circlet_count":0,"master_deck":["AscendersBane","Defend_B","Defend_B+1","Zap+1","Dualcast+1","Seek+1","Conserve Battery","Loop+1","Conserve Battery","Echo Form","Undo","Darkness","Genetic Algorithm","Coolheaded","Electrodynamics","Reinforced Body","Gash+1","Self Repair","Turbo","Go for the Eyes","Hologram+1","Leap","Multi-Cast+1","Apotheosis+1","Defragment"],"special_seed":0,"relics":["FrozenCore","Letter Opener","Bottled Lightning","Juzu Bracelet","Cables","Whetstone","Busted Crown","Oddly Smooth Stone","Pear","Red Mask"],"potions_floor_usage":[50],"damage_taken":[{"damage":1.0,"enemies":"Cultist","floor":1.0,"turns":3.0},{"damage":2.0,"enemies":"Jaw Worm","floor":3.0,"turns":6.0},{"damage":0.0,"enemies":"2 Louse","floor":4.0,"turns":4.0},{"damage":10.0,"enemies":"Lagavulin","floor":7.0,"turns":7.0},{"damage":7.0,"enemies":"Red Slaver","floor":10.0,"turns":3.0},{"damage":17.0,"enemies":"3 Sentries","floor":12.0,"turns":6.0},{"damage":9.0,"enemies":"2 Fungi Beasts","floor":14.0,"turns":4.0},{"damage":18.0,"enemies":"Slime Boss","floor":16.0,"turns":6.0},{"damage":0.0,"enemies":"Spheric Guardian","floor":18.0,"turns":5.0},{"damage":8.0,"enemies":"2 Thieves","floor":22.0,"turns":4.0},{"damage":35.0,"enemies":"Gremlin Leader","floor":27.0,"turns":9.0},{"damage":11.0,"enemies":"Snake Plant","floor":31.0,"turns":5.0},{"damage":14.0,"enemies":"Collector","floor":33.0,"turns":14.0},{"damage":0,"enemies":"3 Shapes","floor":35,"turns":4},{"damage":0,"enemies":"Orb Walker","floor":37,"turns":3},{"damage":0,"enemies":"Nemesis","floor":41,"turns":7},{"damage":4,"enemies":"Writhing Mass","floor":44,"turns":7},{"damage":0,"enemies":"4 Shapes","floor":47,"turns":2},{"damage":0,"enemies":"Awakened One","floor":50,"turns":13}],"seed_played":"-4814762574413122589","potions_obtained":[{"floor":3.0,"key":"Fire Potion"},{"floor":14.0,"key":"AttackPotion"},{"floor":18.0,"key":"EssenceOfSteel"},{"floor":27.0,"key":"Energy Potion"},{"floor":35,"key":"Swift Potion"},{"floor":47,"key":"SkillPotion"}],"is_trial":false,"path_per_floor":["M","$","M","M","?","R","E","R","T","M","?","E","$","M","R","B",null,"M","?","?","?","M","R","$","R","T","E","$","R","$","M","R","B",null,"M","?","M","$","?","R","E","R","T","M","$","$","M","?","R","B",null],"character_chosen":"DEFECT","items_purchased":["Genetic Algorithm","Self Repair","Go for the Eyes","Hologram","Apotheosis"],"campfire_rested":4,"item_purchase_floors":[13,24,28,30,45],"current_hp_per_floor":[63,63,61,61,40,40,30,51,51,44,44,27,27,18,39,21,59,59,59,59,59,51,51,51,51,51,30,30,51,51,47,68,68,70,70,67,67,67,67,67,67,67,77,77,77,77,77,77,77,77],"gold":0,"neow_bonus":"TRANSFORM_CARD","is_prod":false,"is_daily":false,"chose_seed":false,"campfire_upgraded":6,"win_rate":0,"timestamp":1547097207,"path_taken":["M","$","?","M","?","R","E","R","T","M","?","E","$","M","R","BOSS","M","?","?","?","M","R","$","R","T","E","$","R","$","M","R","BOSS","M","?","M","$","?","R","E","R","T","M","?","$","M","?","R","BOSS"],"build_version":"2019-01-08","purchased_purges":1,"victory":true,"max_hp_per_floor":[71,71,71,71,71,71,71,71,71,71,71,71,71,71,71,71,71,71,71,71,71,71,71,71,71,71,71,71,71,71,71,71,71,71,71,67,67,67,67,67,67,67,77,77,77,77,77,77,77,77],"card_choices":[{"not_picked":["Auto Shields","Streamline"],"picked":"Conserve Battery","floor":1.0},{"not_picked":["Coolheaded","Hologram"],"picked":"Loop","floor":3.0},{"not_picked":["Barrage","Rebound"],"picked":"Conserve Battery","floor":4.0},{"not_picked":["Storm","Auto Shields"],"picked":"Echo Form","floor":7.0},{"not_picked":["Streamline","Capacitor"],"picked":"Undo","floor":10.0},{"not_picked":["Cold Snap","Go for the Eyes"],"picked":"Darkness","floor":12.0},{"not_picked":["Redo","Ball Lightning"],"picked":"Coolheaded","floor":14.0},{"not_picked":["Meteor Strike","Thunder Strike"],"picked":"Electrodynamics","floor":16.0},{"not_picked":["Stack","Steam"],"picked":"Reinforced Body","floor":18.0},{"not_picked":["Turbo","Ball Lightning"],"picked":"Gash","floor":22.0},{"not_picked":["Stack","Heatsinks"],"picked":"Turbo","floor":27.0},{"not_picked":["Loop","Steam"],"picked":"Leap","floor":31.0},{"not_picked":["Fission","Meteor Strike"],"picked":"Multi-Cast","floor":33.0},{"not_picked":["Cold Snap"],"picked":"SKIP","floor":35},{"not_picked":["Turbo"],"picked":"SKIP","floor":37},{"not_picked":["Storm"],"picked":"SKIP","floor":41},{"not_picked":["Storm+1"],"picked":"SKIP","floor":44},{"not_picked":[],"picked":"Defragment","floor":47}],"player_experience":441006,"relics_obtained":[{"floor":7.0,"key":"Letter Opener"},{"floor":9.0,"key":"Bottled Lightning"},{"floor":12.0,"key":"Juzu Bracelet"},{"floor":26.0,"key":"Cables"},{"floor":27.0,"key":"Whetstone"},{"floor":41,"key":"Oddly Smooth Stone"},{"floor":43,"key":"Pear"}],"event_choices":[{"damage_healed":0.0,"max_hp_gain":0.0,"max_hp_loss":0.0,"gold_gain":0.0,"event_name":"Shining Light","player_choice":"Entered Light","floor":5.0,"gold_loss":0.0,"damage_taken":21.0,"cards_upgraded":["Strike_B","Defend_B"]},{"damage_healed":0.0,"max_hp_gain":0.0,"max_hp_loss":0.0,"gold_gain":0.0,"event_name":"Upgrade Shrine","player_choice":"Upgraded","floor":11.0,"gold_loss":0.0,"damage_taken":0.0,"cards_upgraded":["Loop"]},{"cards_removed":["Strike_B"],"damage_healed":0.0,"max_hp_gain":0.0,"max_hp_loss":0.0,"gold_gain":0.0,"event_name":"Beggar","player_choice":"Gave Gold","floor":19.0,"gold_loss":75.0,"damage_taken":0.0},{"cards_removed":["Defend_B"],"damage_healed":0.0,"max_hp_gain":0.0,"max_hp_loss":0.0,"gold_gain":0.0,"event_name":"Purifier","player_choice":"Purged","floor":20.0,"gold_loss":0.0,"damage_taken":0.0},{"cards_removed":["Defend_B"],"damage_healed":0.0,"max_hp_gain":0.0,"max_hp_loss":0.0,"gold_gain":0.0,"event_name":"Bonfire Elementals","player_choice":"Offered Basic","floor":21.0,"gold_loss":0.0,"damage_taken":0.0},{"damage_healed":0,"gold_gain":0,"player_choice":"Max HP","damage_taken":0,"max_hp_gain":0,"max_hp_loss":4,"event_name":"Winding Halls","floor":36,"gold_loss":0},{"cards_removed":["Strike_B"],"damage_healed":0,"gold_gain":0,"player_choice":"Removed Attack","damage_taken":0,"max_hp_gain":0,"max_hp_loss":0,"event_name":"Falling","floor":39,"gold_loss":0},{"damage_healed":0,"gold_gain":0,"player_choice":"Paid","damage_taken":0,"relics_obtained":["Red Mask"],"max_hp_gain":0,"max_hp_loss":0,"event_name":"Tomb of Lord Red Mask","floor":48,"gold_loss":27}],"is_beta":true,"boss_relics":[{"not_picked":["Snecko Eye","Cursed Key"],"picked":"FrozenCore"},{"not_picked":["Runic Pyramid","Nuclear Battery"],"picked":"Busted Crown"}],"items_purged_floors":[13],"is_endless":false,"potions_floor_spawned":[3,14,18,27,35,47],"ascension_level":15}