{"gold_per_floor":[111,111,121,121,134,159,4,4,4,31,31,49,49,69,69,169,169,180,197,215,215,215,246,258,270,305,317,345,82,95,95,95,191,191,207,218,318,71,71,71,71,71,71,71,106,106,123,137,137,137,137,137,54,54],"floor_reached":54,"playtime":3441,"items_purged":["Footwork","Survivor"],"score":793,"play_id":"c5d56759-cdba-4363-b182-5a7762b948fc","local_time":"20190505181411","is_ascension_mode":true,"campfire_choices":[{"data":"Crippling Poison","floor":8,"key":"SMITH"},{"floor":15,"key":"REST"},{"floor":24,"key":"REST"},{"data":"Neutralize","floor":27,"key":"SMITH"},{"data":"Footwork","floor":32,"key":"SMITH"},{"floor":40,"key":"RECALL"},{"data":"Noxious Fumes","floor":42,"key":"SMITH"},{"data":"Adrenaline","floor":46,"key":"SMITH"},{"floor":49,"key":"REST"},{"data":"Dodge and Roll","floor":52,"key":"SMITH"}],"neow_cost":"NONE","seed_source_timestamp":898312919421309,"circlet_count":0,"master_deck":["Defend_G+1","Defend_G+1","Defend_G+1","Defend_G+1","Defend_G+1","Neutralize+1","Deadly Poison","Noxious Fumes+1","Flying Knee+1","Backstab","Crippling Poison+1","Outmaneuver","Venomology","Footwork+1","Poisoned Stab","Caltrops","Backflip","Backflip","Deadly Poison+1","Dodge and Roll+1","Bite","Bite","Bite+1","Bite","Adrenaline+1","Backflip+1","Footwork+1","Noxious Fumes+1","Blind"],"relics":["Ring of the Snake","NlothsMask","Turnip","Blood Vial","Vajra","Ninja Scroll","Lizard Tail","MutagenicStrength","MawBank","Lee\u0027s Waffle","Black Star","Thread and Needle","Oddly Smooth Stone","Bottled Lightning","Ice Cream","Whetstone"],"potions_floor_usage":[16,19,23,23,28,33,50,50,50,50],"damage_taken":[{"damage":0,"enemies":"2 Louse","floor":1,"turns":3},{"damage":0,"enemies":"Cultist","floor":3,"turns":3},{"damage":0,"enemies":"Jaw Worm","floor":5,"turns":4},{"damage":26,"enemies":"3 Sentries","floor":6,"turns":9},{"damage":26,"enemies":"Lagavulin","floor":10,"turns":6},{"damage":8,"enemies":"Looter","floor":12,"turns":2},{"damage":0,"enemies":"Red Slaver","floor":14,"turns":2},{"damage":11,"enemies":"Hexaghost","floor":16,"turns":8},{"damage":11,"enemies":"Spheric Guardian","floor":18,"turns":7},{"damage":3,"enemies":"Chosen","floor":19,"turns":6},{"damage":13,"enemies":"Centurion and Healer","floor":20,"turns":7},{"damage":40,"enemies":"Book of Stabbing","floor":23,"turns":8},{"damage":20,"enemies":"Shelled Parasite and Fungi","floor":28,"turns":7},{"damage":10,"enemies":"Snake Plant","floor":30,"turns":4},{"damage":31,"enemies":"Champ","floor":33,"turns":15},{"damage":28,"enemies":"3 Darklings","floor":35,"turns":6},{"damage":1,"enemies":"Orb Walker","floor":36,"turns":4},{"damage":21,"enemies":"Mind Bloom Boss Battle","floor":37,"turns":10},{"damage":16,"enemies":"Nemesis","floor":45,"turns":9},{"damage":1,"enemies":"Sphere and 2 Shapes","floor":47,"turns":5},{"damage":19,"enemies":"3 Darklings","floor":48,"turns":5},{"damage":33,"enemies":"Donu and Deca","floor":50,"turns":12},{"damage":107,"enemies":"Shield and Spear","floor":54,"turns":6}],"seed_played":"330685547925236932","potions_obtained":[{"floor":1,"key":"EssenceOfSteel"},{"floor":12,"key":"PowerPotion"},{"floor":16,"key":"Block Potion"},{"floor":23,"key":"AttackPotion"},{"floor":33,"key":"Dexterity Potion"},{"floor":45,"key":"GhostInAJar"}],"is_trial":false,"path_per_floor":["M","?","M","?","M","E","$","R","T","E","T","M","?","M","R","B",null,"M","M","M","?","?","E","R","?","T","R","M","$","M","?","R","B",null,"M","M","?","$","?","R","?","R","T","$","E","R","M","M","R","B",null,"R","$","E"],"character_chosen":"THE_SILENT","items_purchased":["Blood Vial","Lee\u0027s Waffle","Oddly Smooth Stone","Blind"],"campfire_rested":3,"item_purchase_floors":[7,29,38,53],"current_hp_per_floor":[77,77,77,77,77,51,51,51,51,27,27,21,21,23,46,37,77,66,65,54,54,54,16,39,39,39,39,21,84,74,58,58,34,58,36,39,42,42,42,42,42,42,42,42,32,32,42,27,44,35,58,58,58,0],"gold":54,"neow_bonus":"TEN_PERCENT_HP_BONUS","is_prod":false,"is_daily":false,"chose_seed":false,"campfire_upgraded":6,"win_rate":0,"timestamp":1557072851,"path_taken":["M","?","?","?","?","E","$","R","T","E","?","M","?","?","R","BOSS","M","M","M","?","?","E","R","?","T","R","M","$","M","?","R","BOSS","M","M","?","$","?","R","?","R","T","$","E","R","M","M","R","BOSS","R","$","E"],"build_version":"2019-01-23","purchased_purges":2,"victory":false,"max_hp_per_floor":[77,77,77,77,77,77,77,77,77,77,77,77,77,77,77,77,77,77,77,77,77,77,77,77,77,77,77,77,84,84,58,58,58,58,58,58,58,58,58,58,58,58,58,58,58,58,58,58,58,58,58,58,58,58],"card_choices":[{"not_picked":["Dash","Dodge and Roll"],"picked":"Deadly Poison","floor":1},{"not_picked":["Dagger Throw","Poisoned Stab"],"picked":"Noxious Fumes","floor":3},{"not_picked":["Dagger Throw","Dagger Spray"],"picked":"Backstab","floor":5},{"not_picked":["Tools of the Trade","Blade Dance"],"picked":"Crippling Poison","floor":6},{"not_picked":["Endless Agony","Flying Knee"],"picked":"Outmaneuver","floor":10},{"not_picked":["Dagger Spray","Blade Dance","Slice"],"picked":"SKIP","floor":12},{"not_picked":["Escape Plan","Underhanded Strike"],"picked":"Footwork","floor":14},{"not_picked":["Burst","Unload"],"picked":"Venomology","floor":16},{"not_picked":["Catalyst","Dagger Throw+1"],"picked":"Footwork","floor":18},{"not_picked":["Crippling Poison","PiercingWail"],"picked":"Poisoned Stab","floor":19},{"not_picked":["Poisoned Stab","Cloak And Dagger"],"picked":"Caltrops","floor":20},{"not_picked":["Bane+1","Leg Sweep"],"picked":"Backflip","floor":23},{"not_picked":["Cloak And Dagger","Acrobatics"],"picked":"Deadly Poison+1","floor":28},{"not_picked":["Outmaneuver","Acrobatics"],"picked":"Dodge and Roll","floor":30},{"not_picked":["Malaise","Night Terror"],"picked":"Adrenaline","floor":33},{"not_picked":["Deadly Poison","Distraction+1","Outmaneuver"],"picked":"SKIP","floor":35},{"not_picked":["Poisoned Stab","Caltrops+1"],"picked":"Backflip+1","floor":36},{"not_picked":["Cloak And Dagger+1","Die Die Die"],"picked":"Footwork+1","floor":37},{"not_picked":["Cloak And Dagger","Heel Hook","Deadly Poison"],"picked":"SKIP","floor":45},{"not_picked":["Flying Knee+1","Sucker Punch+1"],"picked":"Noxious Fumes+1","floor":47},{"not_picked":["PiercingWail","Bane","Terror+1"],"picked":"SKIP","floor":48}],"player_experience":154929,"relics_obtained":[{"floor":6,"key":"Turnip"},{"floor":10,"key":"Vajra"},{"floor":11,"key":"Ninja Scroll"},{"floor":23,"key":"MawBank"},{"floor":37,"key":"Thread and Needle"},{"floor":43,"key":"Bottled Lightning"},{"floor":45,"key":"Ice Cream"},{"floor":45,"key":"Whetstone"}],"event_choices":[{"damage_healed":0,"gold_gain":0,"player_choice":"Trade","damage_taken":0,"relics_obtained":["NlothsMask"],"max_hp_gain":0,"max_hp_loss":0,"event_name":"FaceTrader","floor":2,"gold_loss":0},{"damage_healed":0,"gold_gain":0,"cards_transformed":["Strike_G"],"player_choice":"Transformed","damage_taken":0,"max_hp_gain":0,"max_hp_loss":0,"event_name":"Transmorgrifier","floor":4,"gold_loss":0,"cards_obtained":["Flying Knee"]},{"cards_removed":["Strike_G"],"damage_healed":0,"gold_gain":0,"player_choice":"Purged","damage_taken":0,"max_hp_gain":0,"max_hp_loss":0,"event_name":"Purifier","floor":13,"gold_loss":0},{"damage_healed":0,"gold_gain":0,"player_choice":"Inject Mutagens","damage_taken":0,"relics_obtained":["MutagenicStrength"],"max_hp_gain":0,"max_hp_loss":0,"event_name":"Drug Dealer","floor":21,"gold_loss":0},{"damage_healed":0,"gold_gain":0,"player_choice":"Read","damage_taken":0,"max_hp_gain":0,"max_hp_loss":0,"event_name":"The Library","floor":22,"gold_loss":0,"cards_obtained":["Backflip"]},{"damage_healed":0,"gold_gain":0,"player_choice":"Simplicity","damage_taken":0,"max_hp_gain":0,"max_hp_loss":0,"event_name":"Back to Basics","floor":25,"gold_loss":0,"cards_upgraded":["Defend_G","Defend_G","Defend_G","Defend_G","Defend_G","Strike_G","Strike_G","Strike_G"]},{"damage_healed":0,"gold_gain":0,"player_choice":"Became a vampire","damage_taken":0,"max_hp_gain":0,"max_hp_loss":26,"event_name":"Vampires","floor":31,"gold_loss":0,"cards_obtained":["Bite","Bite","Bite","Bite","Bite"]},{"damage_healed":0,"gold_gain":0,"player_choice":"Fight","damage_taken":0,"max_hp_gain":0,"max_hp_loss":0,"event_name":"MindBloom","floor":37,"gold_loss":0},{"cards_removed":["Bite"],"damage_healed":0,"gold_gain":0,"player_choice":"Removed Attack","damage_taken":0,"max_hp_gain":0,"max_hp_loss":0,"event_name":"Falling","floor":39,"gold_loss":0},{"damage_healed":0,"gold_gain":0,"player_choice":"Memory 1","damage_taken":0,"max_hp_gain":0,"max_hp_loss":0,"event_name":"SensoryStone","floor":41,"gold_loss":0}],"is_beta":false,"boss_relics":[{"not_picked":["Velvet Choker","Coffee Dripper"],"picked":"Lizard Tail"},{"not_picked":["Cursed Key","Orrery"],"picked":"Black Star"}],"items_purged_floors":[29,38],"is_endless":false,"potions_floor_spawned":[1,12,16,23,28,33,45,48],"killed_by":"Shield and Spear","ascension_level":3}