{"gold_per_floor":[115,115,190,209,359,359,375,375,375,375],"floor_reached":10,"playtime":280,"items_purged":[],"score":131,"play_id":"4af87ae4-413e-4029-aac2-706b0e16ef49","local_time":"20190427094110","is_ascension_mode":true,"campfire_choices":[{"data":"Barricade","floor":6,"key":"SMITH"},{"data":"Pommel Strike","floor":8,"key":"SMITH"}],"neow_cost":"NONE","seed_source_timestamp":69897973183099,"circlet_count":0,"master_deck":["AscendersBane","Strike_R","Strike_R","Strike_R","Strike_R","Strike_R","Defend_R","Defend_R","Defend_R","Defend_R","Bash","Anger","Barricade+1","Doubt","Pommel Strike+1"],"relics":["Burning Blood","Pear"],"potions_floor_usage":[],"damage_taken":[{"damage":24,"enemies":"Small Slimes","floor":1,"turns":4},{"damage":2,"enemies":"2 Louse","floor":4,"turns":3},{"damage":27,"enemies":"Cultist","floor":7,"turns":5},{"damage":50,"enemies":"Gremlin Gang","floor":10,"turns":5}],"seed_played":"-7711515739777491425","potions_obtained":[],"is_trial":false,"path_per_floor":["M","?","?","M","?","R","M","R","T","M"],"character_chosen":"IRONCLAD","items_purchased":[],"campfire_rested":0,"item_purchase_floors":[],"current_hp_per_floor":[57,62,51,55,55,55,34,34,44,0],"gold":375,"neow_bonus":"TEN_PERCENT_HP_BONUS","is_prod":false,"is_daily":false,"chose_seed":false,"campfire_upgraded":2,"win_rate":0,"timestamp":1556347270,"path_taken":["M","?","?","M","?","R","M","R","T","M"],"build_version":"2019-01-23","purchased_purges":0,"victory":false,"max_hp_per_floor":[82,87,87,87,87,87,87,87,97,97],"card_choices":[{"not_picked":["Thunderclap","Twin Strike"],"picked":"Anger","floor":1},{"not_picked":["Havoc","Clothesline"],"picked":"Barricade","floor":4},{"not_picked":["Dropkick","Infernal Blade"],"picked":"Pommel Strike","floor":7}],"player_experience":337099,"relics_obtained":[{"floor":9,"key":"Pear"}],"event_choices":[{"damage_healed":0,"gold_gain":0,"player_choice":"Donut","damage_taken":0,"max_hp_gain":5,"max_hp_loss":0,"event_name":"Big Fish","floor":2,"gold_loss":0},{"damage_healed":0,"gold_gain":75,"player_choice":"Gather Gold","damage_taken":11,"max_hp_gain":0,"max_hp_loss":0,"event_name":"World of Goop","floor":3,"gold_loss":0},{"damage_healed":0,"gold_gain":150,"player_choice":"AGREE","damage_taken":0,"max_hp_gain":0,"max_hp_loss":0,"event_name":"Liars Game","floor":5,"gold_loss":0,"cards_obtained":["Doubt"]}],"is_beta":false,"boss_relics":[],"items_purged_floors":[],"is_endless":false,"potions_floor_spawned":[],"killed_by":"Gremlin Gang","ascension_level":18}