{"gold_per_floor":[114,114,39,59,19,45,55,55,55,87,99,99,131,96,96,175,175,190,190,190,209,219,219,42,72,117,117,129,159,171,201,213,304,316,348,378,690,717,729,741,766,788,876,888,123,157,157,157,157,157],"floor_reached":51,"playtime":2289,"items_purged":["Shame","Strike_R","Strike_R"],"score":1305,"play_id":"0b3d0bdc-b037-4864-b44d-0bef7afffd1e","local_time":"20190328124024","is_ascension_mode":true,"campfire_choices":[{"data":"Metallicize","floor":8.0,"key":"SMITH"},{"data":"Sword Boomerang","floor":12.0,"key":"SMITH"},{"data":"Whirlwind","floor":15.0,"key":"SMITH"},{"data":"Ghostly Armor","floor":23.0,"key":"SMITH"},{"floor":27.0,"key":"REST"},{"floor":32.0,"key":"REST"},{"floor":40.0,"key":"REST"},{"data":"Uppercut","floor":44,"key":"SMITH"},{"floor":47,"key":"REST"},{"data":"Whirlwind","floor":49,"key":"SMITH"}],"neow_cost":"CURSE","seed_source_timestamp":17185666941259,"circlet_count":0,"master_deck":["AscendersBane","Strike_R","Strike_R","Strike_R","Defend_R","Defend_R","Defend_R","Defend_R","Bash+1","Offering","Wild Strike","Sword Boomerang+1","Metallicize+1","Whirlwind+1","Anger","Corruption+1","Pummel+1","Feed","Inflame+1","Shrug It Off+1","Ghostly Armor+1","Feel No Pain+1","Intimidate+1","Sword Boomerang+1","Demon Form+1","Armaments+1","Dual Wield+1","Disarm+1","Dark Shackles+1","Whirlwind+1","True Grit+1"],"special_seed":0,"relics":["Burning Blood","Vajra","Frozen Egg 2","Regal Pillow","Oddly Smooth Stone","Sozu","Self Forming Clay","Centennial Puzzle","Bag of Preparation","MawBank","Philosopher\u0027s Stone","Meat on the Bone","Toxic Egg 2","Bag of Marbles","Bird Faced Urn","Blue Candle"],"potions_floor_usage":[],"damage_taken":[{"damage":0.0,"enemies":"Small Slimes","floor":1.0,"turns":5.0},{"damage":7.0,"enemies":"2 Louse","floor":4.0,"turns":3.0},{"damage":29.0,"enemies":"Gremlin Nob","floor":6.0,"turns":4.0},{"damage":2.0,"enemies":"Jaw Worm","floor":7.0,"turns":3.0},{"damage":6.0,"enemies":"3 Sentries","floor":10.0,"turns":5.0},{"damage":19.0,"enemies":"Large Slime","floor":11.0,"turns":4.0},{"damage":16.0,"enemies":"Gremlin Nob","floor":13.0,"turns":4.0},{"damage":31.0,"enemies":"The Guardian","floor":16.0,"turns":13.0},{"damage":6.0,"enemies":"Chosen","floor":18.0,"turns":3.0},{"damage":12.0,"enemies":"3 Byrds","floor":21.0,"turns":4.0},{"damage":23.0,"enemies":"Centurion and Healer","floor":22.0,"turns":4.0},{"damage":32.0,"enemies":"Book of Stabbing","floor":25.0,"turns":4.0},{"damage":1.0,"enemies":"Sentry and Sphere","floor":28.0,"turns":4.0},{"damage":35.0,"enemies":"Slavers","floor":29.0,"turns":4.0},{"damage":2.0,"enemies":"3 Cultists","floor":30.0,"turns":5.0},{"damage":14.0,"enemies":"Book of Stabbing","floor":31.0,"turns":4.0},{"damage":68.0,"enemies":"Champ","floor":33.0,"turns":8.0},{"damage":22.0,"enemies":"3 Shapes","floor":35.0,"turns":5.0},{"damage":35.0,"enemies":"3 Darklings","floor":36.0,"turns":5.0},{"damage":8.0,"enemies":"Writhing Mass","floor":38.0,"turns":6.0},{"damage":11.0,"enemies":"Spire Growth","floor":41.0,"turns":4.0},{"damage":6,"enemies":"4 Shapes","floor":42,"turns":8},{"damage":49,"enemies":"Reptomancer","floor":46,"turns":5},{"damage":83,"enemies":"Donu and Deca","floor":50,"turns":8}],"seed_played":"-8786983789779810581","potions_obtained":[{"floor":4.0,"key":"Explosive Potion"},{"floor":7.0,"key":"Block Potion"},{"floor":11.0,"key":"Energy Potion"},{"floor":16.0,"key":"BloodPotion"}],"is_trial":false,"path_per_floor":["M","?","$","M","$","E","M","R","T","E","M","R","E","?","R","B",null,"M","?","?","M","M","R","$","E","T","R","M","E","M","E","R","B",null,"M","M","?","M","T","R","M","M","T","R","$","E","R","?","R","B",null],"character_chosen":"IRONCLAD","items_purchased":["Metallicize","Feel No Pain+1","Disarm+1","Dark Shackles+1","Bag of Marbles","Bird Faced Urn","Whirlwind"],"campfire_rested":4,"item_purchase_floors":[5,24,45,45,45,45,45],"current_hp_per_floor":[74,74,74,73,73,50,54,54,54,54,41,41,31,49,49,24,62,62,62,62,59,45,45,45,19,19,58,63,37,44,36,77,15,69,56,27,27,34,34,76,71,74,74,74,74,53,93,93,93,32],"gold":157,"neow_bonus":"THREE_RARE_CARDS","is_prod":false,"is_daily":false,"chose_seed":false,"campfire_upgraded":6,"win_rate":0,"timestamp":1553802024,"path_taken":["M","?","$","M","$","E","M","R","T","E","M","R","E","?","R","BOSS","M","?","?","M","?","R","?","E","T","R","M","E","M","E","R","BOSS","M","M","?","?","?","R","M","M","T","R","$","E","R","?","R","BOSS"],"build_version":"2019-01-23","purchased_purges":3,"victory":true,"max_hp_per_floor":[75,75,75,75,75,75,75,75,75,75,75,75,75,75,75,75,75,75,75,75,78,81,81,81,81,81,81,81,84,87,87,87,87,87,90,90,90,90,90,90,90,93,93,93,93,93,93,93,93,93],"card_choices":[{"not_picked":["Reaper","Berserk"],"picked":"Offering","floor":0.0},{"not_picked":["True Grit","Entrench"],"picked":"Wild Strike","floor":1.0},{"not_picked":["True Grit","Combust"],"picked":"Sword Boomerang","floor":4.0},{"not_picked":["Battle Trance","Fiend Fire"],"picked":"Whirlwind","floor":6.0},{"not_picked":["Rage","Searing Blow"],"picked":"Anger","floor":7.0},{"not_picked":["Metallicize+1","Burning Pact"],"picked":"Corruption+1","floor":10.0},{"not_picked":["Havoc","Rage","Sword Boomerang"],"picked":"SKIP","floor":11.0},{"not_picked":["Blood for Blood","Wild Strike"],"picked":"Pummel","floor":13.0},{"not_picked":["Berserk+1","Bludgeon"],"picked":"Feed","floor":16.0},{"not_picked":["Sword Boomerang","Clash+1","Whirlwind"],"picked":"SKIP","floor":18.0},{"not_picked":["Wild Strike","Rampage"],"picked":"Shrug It Off+1","floor":21.0},{"not_picked":["Wild Strike","Flex"],"picked":"Ghostly Armor","floor":22.0},{"not_picked":["Sword Boomerang","Rupture+1"],"picked":"Uppercut","floor":25.0},{"not_picked":["Second Wind","Pommel Strike"],"picked":"Intimidate+1","floor":28.0},{"not_picked":["Wild Strike","Hemokinesis","Intimidate"],"picked":"SKIP","floor":29.0},{"not_picked":["Iron Wave","Combust+1"],"picked":"Sword Boomerang+1","floor":30.0},{"not_picked":["Rampage","Carnage","Havoc"],"picked":"SKIP","floor":31.0},{"not_picked":["Double Tap","Dark Embrace+1"],"picked":"Demon Form+1","floor":33.0},{"not_picked":["Headbutt","Metallicize+1"],"picked":"Armaments+1","floor":35.0},{"not_picked":["Warcry","Havoc","Reckless Charge"],"picked":"SKIP","floor":36.0},{"not_picked":["Warcry","Clash","Whirlwind"],"picked":"SKIP","floor":38.0},{"not_picked":["Iron Wave","Twin Strike","Infernal Blade"],"picked":"SKIP","floor":41.0},{"not_picked":["Headbutt","Burning Pact"],"picked":"Dual Wield+1","floor":42},{"not_picked":["Demon Form+1","Sever Soul"],"picked":"True Grit+1","floor":46}],"player_experience":2392086,"relics_obtained":[{"floor":6.0,"key":"Vajra"},{"floor":9.0,"key":"Frozen Egg 2"},{"floor":10.0,"key":"Regal Pillow"},{"floor":13.0,"key":"Oddly Smooth Stone"},{"floor":25.0,"key":"Self Forming Clay"},{"floor":26.0,"key":"Centennial Puzzle"},{"floor":29.0,"key":"Bag of Preparation"},{"floor":31.0,"key":"MawBank"},{"floor":39.0,"key":"Meat on the Bone"},{"floor":43,"key":"Toxic Egg 2"},{"floor":46,"key":"Blue Candle"}],"event_choices":[{"damage_healed":0.0,"max_hp_gain":0.0,"max_hp_loss":0.0,"gold_gain":0.0,"event_name":"Living Wall","player_choice":"Grow","floor":2.0,"gold_loss":0.0,"damage_taken":0.0,"cards_upgraded":["Bash"]},{"damage_healed":18.0,"max_hp_gain":0.0,"max_hp_loss":0.0,"gold_gain":0.0,"event_name":"The Cleric","player_choice":"Healed","floor":14.0,"gold_loss":35.0,"damage_taken":0.0},{"damage_healed":0.0,"max_hp_gain":0.0,"max_hp_loss":0.0,"gold_gain":0.0,"event_name":"The Library","player_choice":"Read","floor":19.0,"gold_loss":0.0,"damage_taken":0.0,"cards_obtained":["Inflame"]},{"damage_healed":0.0,"max_hp_gain":0.0,"max_hp_loss":0.0,"gold_gain":0.0,"event_name":"Accursed Blacksmith","player_choice":"Forge","floor":20.0,"gold_loss":0.0,"damage_taken":0.0,"cards_upgraded":["Pummel"]},{"damage_healed":0.0,"max_hp_gain":0.0,"max_hp_loss":0.0,"gold_gain":300.0,"event_name":"Wheel of Change","player_choice":"Gold","floor":37.0,"gold_loss":0.0,"damage_taken":0.0},{"cards_removed":["Uppercut"],"damage_healed":0,"gold_gain":0,"player_choice":"Removed Attack","damage_taken":0,"max_hp_gain":0,"max_hp_loss":0,"event_name":"Falling","floor":48,"gold_loss":0}],"is_beta":false,"boss_relics":[{"not_picked":["Lizard Tail","Busted Crown"],"picked":"Sozu"},{"not_picked":["Calling Bell","White Beast Statue"],"picked":"Philosopher\u0027s Stone"}],"items_purged_floors":[3,24,45],"is_endless":false,"potions_floor_spawned":[4,7,11,16,18,25,29,30,36,38,41],"ascension_level":15}