{"gold_per_floor":[109,154,171,19,30,30,40,40,40,40,75,95,125,125,125,199,199,211,231,211,226,244,244,279,279,305,332,348,348,362,27,27,98,98,110,210,222,237,254,254,14,48,74,74,86,43,43,63,63,63],"floor_reached":51,"playtime":2359,"items_purged":["Strike_G"],"score":1247,"play_id":"76399abe-c510-4e0b-8f6b-7d2579f93eee","local_time":"20190507120115","is_ascension_mode":true,"campfire_choices":[{"data":"Dagger Spray","floor":6.0,"key":"SMITH"},{"data":"Noxious Fumes","floor":8.0,"key":"SMITH"},{"data":"Dagger Spray","floor":10.0,"key":"SMITH"},{"data":"Caltrops","floor":15.0,"key":"SMITH"},{"floor":23.0,"key":"REST"},{"floor":25.0,"key":"REST"},{"data":"Catalyst","floor":32.0,"key":"SMITH"},{"data":"Burst","floor":40.0,"key":"SMITH"},{"data":"Calculated Gamble","floor":44.0,"key":"SMITH"},{"floor":49.0,"key":"REST"}],"neow_cost":"NONE","seed_source_timestamp":154463292676325,"circlet_count":0,"master_deck":["AscendersBane","Defend_G","Defend_G","Defend_G","Defend_G","Defend_G","Strike_G+1","Survivor","Neutralize+1","Dagger Spray+1","Dagger Spray+1","Caltrops+1","Leg Sweep","Noxious Fumes+1","Corpse Explosion","Deflect","Prepared+1","Catalyst+1","Crippling Poison+1","Well Laid Plans+1","Footwork+1","Burst+1","PiercingWail","Calculated Gamble+1","Wraith Form v2+1","Leg Sweep","Catalyst+1","PiercingWail+1","Prepared+1"],"special_seed":0,"relics":["Ring of the Serpent","Blood Vial","Matryoshka","Blue Candle","Tingsha","Frozen Egg 2","Orichalcum","Ancient Tea Set","Whetstone","Oddly Smooth Stone","Pantograph","Empty Cage","Prayer Wheel","Toxic Egg 2","The Courier","Smiling Mask"],"potions_floor_usage":[50],"damage_taken":[{"damage":0.0,"enemies":"Cultist","floor":1.0,"turns":6.0},{"damage":1.0,"enemies":"Small Slimes","floor":3.0,"turns":4.0},{"damage":0.0,"enemies":"2 Louse","floor":5.0,"turns":3.0},{"damage":0.0,"enemies":"Gremlin Gang","floor":7.0,"turns":2.0},{"damage":22.0,"enemies":"Gremlin Nob","floor":11.0,"turns":5.0},{"damage":12.0,"enemies":"Exordium Thugs","floor":12.0,"turns":4.0},{"damage":15.0,"enemies":"3 Sentries","floor":13.0,"turns":6.0},{"damage":15.0,"enemies":"Hexaghost","floor":16.0,"turns":9.0},{"damage":3.0,"enemies":"3 Byrds","floor":18.0,"turns":3.0},{"damage":4.0,"enemies":"Chosen","floor":19.0,"turns":5.0},{"damage":14.0,"enemies":"Sentry and Sphere","floor":21.0,"turns":6.0},{"damage":8.0,"enemies":"3 Cultists","floor":22.0,"turns":3.0},{"damage":33.0,"enemies":"Slavers","floor":24.0,"turns":3.0},{"damage":22.0,"enemies":"Snecko","floor":28.0,"turns":5.0},{"damage":10.0,"enemies":"Shelled Parasite and Fungi","floor":30.0,"turns":5.0},{"damage":20.0,"enemies":"Champ","floor":33.0,"turns":14.0},{"damage":21.0,"enemies":"3 Darklings","floor":35.0,"turns":5.0},{"damage":0.0,"enemies":"Mind Bloom Boss Battle","floor":36.0,"turns":5.0},{"damage":5.0,"enemies":"3 Shapes","floor":37.0,"turns":2.0},{"damage":3.0,"enemies":"3 Darklings","floor":38.0,"turns":5.0},{"damage":22.0,"enemies":"Transient","floor":39.0,"turns":5.0},{"damage":3.0,"enemies":"Nemesis","floor":42.0,"turns":7.0},{"damage":2.0,"enemies":"Jaw Worm Horde","floor":45.0,"turns":3.0},{"damage":20.0,"enemies":"Spire Growth","floor":48.0,"turns":5.0},{"damage":32,"enemies":"Awakened One","floor":50,"turns":14}],"seed_played":"801874828307931745","potions_obtained":[{"floor":5.0,"key":"SkillPotion"},{"floor":7.0,"key":"SkillPotion"},{"floor":13.0,"key":"FearPotion"},{"floor":16.0,"key":"SteroidPotion"},{"floor":19.0,"key":"Energy Potion"},{"floor":22.0,"key":"PowerPotion"},{"floor":24.0,"key":"LiquidBronze"},{"floor":30.0,"key":"GamblersBrew"},{"floor":35.0,"key":"SteroidPotion"},{"floor":45.0,"key":"Dexterity Potion"}],"is_trial":false,"path_per_floor":["M","T","M","$","M","R","M","R","T","R","E","M","E","?","R","B",null,"M","M","?","M","M","R","E","R","T","T","M","?","M","$","R","B",null,"M","?","M","M","M","R","$","E","T","R","M","$","?","M","R","B",null],"character_chosen":"THE_SILENT","items_purchased":["Caltrops","Footwork+1","Pantograph","Toxic Egg 2","PiercingWail+1"],"campfire_rested":3,"item_purchase_floors":[4,31,31,41,46],"current_hp_per_floor":[59,59,60,60,62,62,64,64,64,64,44,34,21,21,21,8,52,51,49,49,37,31,50,19,38,38,38,18,18,10,10,10,17,54,35,62,59,58,38,38,38,37,37,37,37,37,37,19,37,31],"gold":63,"neow_bonus":"UPGRADE_CARD","is_prod":false,"is_daily":false,"chose_seed":false,"campfire_upgraded":7,"win_rate":0,"timestamp":1557255675,"path_taken":["M","?","M","?","M","R","M","R","T","R","E","M","E","?","R","BOSS","M","?","?","M","?","R","E","R","T","?","M","?","M","?","R","BOSS","M","?","M","M","M","R","$","E","T","R","M","$","?","M","R","BOSS"],"build_version":"2019-01-23","purchased_purges":1,"victory":true,"max_hp_per_floor":[66,66,66,66,66,66,66,66,66,66,66,66,66,66,66,66,66,66,66,66,66,66,66,66,66,66,66,66,66,66,66,66,66,66,66,66,66,66,66,66,66,66,66,66,66,66,63,63,63,63],"card_choices":[{"not_picked":["Dagger Throw","Reflex"],"picked":"Dagger Spray","floor":1.0},{"not_picked":["Riddle With Holes","Catalyst"],"picked":"Dagger Spray","floor":3.0},{"not_picked":["Catalyst","Prepared"],"picked":"Leg Sweep","floor":5.0},{"not_picked":["Backflip","Blur"],"picked":"Noxious Fumes","floor":7.0},{"not_picked":["Outmaneuver","Prepared","Quick Slash"],"picked":"SKIP","floor":11.0},{"not_picked":["Infinite Blades","Deflect","Dagger Spray"],"picked":"SKIP","floor":12.0},{"not_picked":["Prepared","Blade Dance","Doppelganger"],"picked":"SKIP","floor":13.0},{"not_picked":["Unload","Adrenaline"],"picked":"Corpse Explosion","floor":16.0},{"not_picked":["Flying Knee","Dagger Throw","Finisher+1"],"picked":"SKIP","floor":18.0},{"not_picked":["Blur","Eviscerate"],"picked":"Deflect","floor":19.0},{"not_picked":["Masterful Stab","Outmaneuver"],"picked":"Prepared+1","floor":21.0},{"not_picked":["Noxious Fumes","Bane","Masterful Stab"],"picked":"SKIP","floor":22.0},{"not_picked":["Eviscerate","Backflip"],"picked":"Catalyst","floor":24.0},{"not_picked":["Flechettes","Prepared"],"picked":"Crippling Poison+1","floor":28.0},{"not_picked":["Flying Knee","Slice","Deflect"],"picked":"SKIP","floor":30.0},{"not_picked":["Grand Finale","Doppelganger"],"picked":"Burst","floor":33.0},{"not_picked":["Sucker Punch","Dodge and Roll+1"],"picked":"PiercingWail","floor":35.0},{"not_picked":["Outmaneuver","Quick Slash"],"picked":"Calculated Gamble","floor":36.0},{"not_picked":["Dodge and Roll","Prepared"],"picked":"Wraith Form v2+1","floor":37.0},{"not_picked":["Dagger Throw","Dodge and Roll","Masterful Stab"],"picked":"SKIP","floor":37.0},{"not_picked":["Terror","Choke","Underhanded Strike"],"picked":"SKIP","floor":38.0},{"not_picked":["Quick Slash+1","Slice","Blur"],"picked":"SKIP","floor":38.0},{"not_picked":["Riddle With Holes","Blur"],"picked":"Leg Sweep","floor":39.0},{"not_picked":["Flying Knee","Bane","After Image+1"],"picked":"SKIP","floor":39.0},{"not_picked":["Noxious Fumes+1","Dagger Spray","Acrobatics+1"],"picked":"SKIP","floor":42.0},{"not_picked":["Infinite Blades+1","PiercingWail+1"],"picked":"Catalyst+1","floor":45.0},{"not_picked":["Deadly Poison+1","Poisoned Stab","Riddle With Holes"],"picked":"SKIP","floor":45.0},{"not_picked":["Underhanded Strike","Dagger Throw"],"picked":"Prepared+1","floor":48.0},{"not_picked":["Prepared+1","Doppelganger+1","Masterful Stab+1"],"picked":"SKIP","floor":48.0}],"player_experience":2587243,"relics_obtained":[{"floor":2.0,"key":"Blood Vial"},{"floor":9.0,"key":"Matryoshka"},{"floor":11.0,"key":"Blue Candle"},{"floor":13.0,"key":"Tingsha"},{"floor":24.0,"key":"Frozen Egg 2"},{"floor":26.0,"key":"Orichalcum"},{"floor":26.0,"key":"Ancient Tea Set"},{"floor":27.0,"key":"Whetstone"},{"floor":27.0,"key":"Oddly Smooth Stone"},{"floor":36.0,"key":"Prayer Wheel"},{"floor":42.0,"key":"The Courier"},{"floor":43.0,"key":"Smiling Mask"}],"event_choices":[{"cards_removed":["Strike_G"],"damage_healed":0.0,"max_hp_gain":0.0,"max_hp_loss":0.0,"gold_gain":0.0,"event_name":"Purifier","player_choice":"Purged","floor":14.0,"gold_loss":0.0,"damage_taken":0.0},{"damage_healed":0.0,"max_hp_gain":0.0,"max_hp_loss":0.0,"gold_gain":0.0,"event_name":"The Woman in Blue","player_choice":"Bought 1 Potion","floor":20.0,"gold_loss":0.0,"damage_taken":0.0},{"damage_healed":0.0,"max_hp_gain":0.0,"max_hp_loss":0.0,"gold_gain":0.0,"event_name":"The Library","player_choice":"Read","floor":29.0,"gold_loss":0.0,"damage_taken":0.0,"cards_obtained":["Well Laid Plans"]},{"damage_healed":0.0,"max_hp_gain":0.0,"max_hp_loss":0.0,"gold_gain":0.0,"event_name":"MindBloom","player_choice":"Fight","floor":36.0,"gold_loss":0.0,"damage_taken":0.0},{"damage_healed":0.0,"max_hp_gain":0.0,"max_hp_loss":3.0,"gold_gain":0.0,"event_name":"Winding Halls","player_choice":"Max HP","floor":47.0,"gold_loss":0.0,"damage_taken":0.0}],"is_beta":false,"boss_relics":[{"not_picked":["White Beast Statue","Tiny House"],"picked":"Ring of the Serpent"},{"not_picked":["Pandora\u0027s Box","Snecko Eye"],"picked":"Empty Cage"}],"items_purged_floors":[4],"is_endless":false,"potions_floor_spawned":[5,7,13,16,19,22,24,30,35,42,45],"ascension_level":15}