{"gold_per_floor":[115,190,190,57,57,88,250,294,332,370,393,370,39,39,39,116,116,131,150,61,71,90,90,90,90,114,26,26,37,37,69,69,140,140,157,172,1171,1171],"floor_reached":38,"playtime":1100,"items_purged":["Strike_B","Doubt"],"score":941,"play_id":"31b049b4-944a-493b-bbd6-2cd026efc932","local_time":"20190114173617","is_ascension_mode":true,"campfire_choices":[{"data":"Defragment","floor":15,"key":"SMITH"},{"data":"Seek","floor":23,"key":"SMITH"},{"data":"Defragment","floor":28,"key":"SMITH"},{"data":"Capacitor","floor":32,"key":"SMITH"}],"neow_cost":"NONE","seed_source_timestamp":342385367686071,"circlet_count":0,"master_deck":["AscendersBane","Defend_B+1","Defend_B","Defend_B+1","Zap+1","Dualcast","Gash","Cold Snap","Ball Lightning","Defragment+1","Defragment+1","Rainbow","Cold Snap+1","Echo Form","Capacitor+1","Seek+1","Heatsinks","Glacier","Ghostly","Ghostly","Ghostly","Capacitor+1","Conserve Battery","Turbo+1","Normality","Normality"],"relics":["Cracked Core","NeowsBlessing","MawBank","Pen Nib","Anchor","War Paint","DataDisk","Empty Cage","Regal Pillow","Pantograph","Potion Belt","Nuclear Battery"],"potions_floor_usage":[16,31,33,33],"damage_taken":[{"damage":0,"enemies":"Small Slimes","floor":1,"turns":1},{"damage":0,"enemies":"Lagavulin","floor":6,"turns":1},{"damage":0,"enemies":"Gremlin Nob","floor":8,"turns":1},{"damage":25,"enemies":"3 Sentries","floor":10,"turns":10},{"damage":0,"enemies":"2 Louse","floor":11,"turns":2},{"damage":7,"enemies":"Hexaghost","floor":16,"turns":9},{"damage":5,"enemies":"Shell Parasite","floor":18,"turns":4},{"damage":0,"enemies":"Spheric Guardian","floor":19,"turns":4},{"damage":6,"enemies":"Snake Plant","floor":21,"turns":4},{"damage":25,"enemies":"Snecko","floor":22,"turns":5},{"damage":0,"enemies":"Centurion and Healer","floor":29,"turns":7},{"damage":7,"enemies":"Book of Stabbing","floor":31,"turns":7},{"damage":12,"enemies":"Automaton","floor":33,"turns":11},{"damage":0,"enemies":"3 Shapes","floor":35,"turns":4},{"damage":5,"enemies":"Orb Walker","floor":36,"turns":6},{"damage":32,"enemies":"3 Darklings","floor":38,"turns":2}],"seed_played":"6235512748496166625","potions_obtained":[{"floor":1,"key":"LiquidBronze"},{"floor":8,"key":"Dexterity Potion"},{"floor":16,"key":"GamblersBrew"},{"floor":31,"key":"Poison Potion"},{"floor":35,"key":"EssenceOfSteel"}],"is_trial":false,"path_per_floor":["M","?","?","$","?","E","?","E","T","E","M","?","$","$","R","B",null,"M","M","$","M","M","R","?","?","T","$","R","M","T","E","R","B",null,"M","M","?","M"],"character_chosen":"DEFECT","items_purchased":["Cold Snap","DataDisk","Defragment","Echo Form","Capacitor"],"campfire_rested":0,"item_purchase_floors":[4,13,13,20,27],"current_hp_per_floor":[64,53,32,32,37,37,37,37,37,12,12,31,31,31,31,24,63,58,58,58,52,27,27,27,27,27,27,27,27,27,20,20,26,35,35,30,30,0],"gold":1171,"neow_bonus":"THREE_ENEMY_KILL","is_prod":false,"is_daily":false,"chose_seed":false,"campfire_upgraded":4,"win_rate":0,"timestamp":1547505377,"path_taken":["M","?","?","$","?","E","?","E","T","E","M","?","?","$","R","BOSS","M","?","?","M","M","R","?","?","T","?","R","?","?","E","R","BOSS","M","M","?","M"],"build_version":"2019-01-10","purchased_purges":2,"victory":false,"max_hp_per_floor":[71,71,71,71,76,76,76,76,76,76,76,76,76,76,76,76,76,76,76,76,76,76,76,76,38,38,38,38,38,38,38,38,38,38,38,38,38,38],"card_choices":[{"not_picked":["Scrape","Redo"],"picked":"Gash","floor":1},{"not_picked":["Stack","Chill"],"picked":"Ball Lightning","floor":6},{"not_picked":["Buffer","Blizzard","Leap"],"picked":"SKIP","floor":8},{"not_picked":["Redo","White Noise"],"picked":"Defragment","floor":10},{"not_picked":["Go for the Eyes","Gash","Steam Power"],"picked":"SKIP","floor":11},{"not_picked":["Hyperbeam","Multi-Cast"],"picked":"Rainbow","floor":16},{"not_picked":["Barrage+1","Steam"],"picked":"Cold Snap+1","floor":18},{"not_picked":["Gash","Barrage","Stack"],"picked":"SKIP","floor":19},{"not_picked":["Rebound","White Noise"],"picked":"Capacitor+1","floor":21},{"not_picked":["Doom and Gloom","Consume"],"picked":"Seek","floor":22},{"not_picked":["Sweeping Beam","Beam Cell","Rebound"],"picked":"SKIP","floor":29},{"not_picked":["Conserve Battery","Scrape","Sunder"],"picked":"SKIP","floor":31},{"not_picked":["Scrape","Sunder"],"picked":"Conserve Battery","floor":31},{"not_picked":["Storm","Sweeping Beam","Static Discharge"],"picked":"SKIP","floor":35},{"not_picked":["Compile Driver+1","Steam Power"],"picked":"Turbo+1","floor":36}],"player_experience":1638237,"relics_obtained":[{"floor":6,"key":"MawBank"},{"floor":8,"key":"Pen Nib"},{"floor":9,"key":"Anchor"},{"floor":10,"key":"War Paint"},{"floor":26,"key":"Regal Pillow"},{"floor":30,"key":"Pantograph"},{"floor":31,"key":"Potion Belt"}],"event_choices":[{"damage_healed":0,"gold_gain":75,"player_choice":"Gather Gold","damage_taken":11,"max_hp_gain":0,"max_hp_loss":0,"event_name":"World of Goop","floor":2,"gold_loss":0},{"damage_healed":0,"gold_gain":0,"player_choice":"Entered Light","damage_taken":21,"max_hp_gain":0,"max_hp_loss":0,"event_name":"Shining Light","floor":3,"gold_loss":0,"cards_upgraded":["Strike_B","Zap"]},{"damage_healed":0,"gold_gain":0,"player_choice":"Donut","damage_taken":0,"max_hp_gain":5,"max_hp_loss":0,"event_name":"Big Fish","floor":5,"gold_loss":0},{"damage_healed":0,"gold_gain":150,"player_choice":"AGREE","damage_taken":0,"max_hp_gain":0,"max_hp_loss":0,"event_name":"Liars Game","floor":7,"gold_loss":0,"cards_obtained":["Doubt"]},{"damage_healed":19,"gold_gain":0,"player_choice":"Healed","damage_taken":0,"max_hp_gain":0,"max_hp_loss":0,"event_name":"The Cleric","floor":12,"gold_loss":35},{"damage_healed":0,"gold_gain":0,"cards_transformed":["Defend_B","Strike_B"],"player_choice":"Became Test Subject","damage_taken":0,"max_hp_gain":0,"max_hp_loss":0,"event_name":"Drug Dealer","floor":24,"gold_loss":0,"cards_obtained":["Heatsinks","Glacier"]},{"damage_healed":0,"gold_gain":0,"player_choice":"Became a Ghost","damage_taken":0,"max_hp_gain":0,"max_hp_loss":38,"event_name":"Ghosts","floor":25,"gold_loss":0,"cards_obtained":["Ghostly","Ghostly","Ghostly"]},{"damage_healed":0,"gold_gain":999,"player_choice":"Gold","damage_taken":0,"max_hp_gain":0,"max_hp_loss":0,"event_name":"MindBloom","floor":37,"gold_loss":0,"cards_obtained":["Normality","Normality"]}],"is_beta":true,"boss_relics":[{"not_picked":["Black Star","FrozenCore"],"picked":"Empty Cage"},{"not_picked":["Tiny House","Velvet Choker"],"picked":"Nuclear Battery"}],"items_purged_floors":[4,13],"is_endless":false,"potions_floor_spawned":[1,8,16,18,31,35],"killed_by":"3 Darklings","ascension_level":20}