{"gold_per_floor":[20,0,14,34,52,52,83,95,119,119,150,150,150,150,150,223,223,241,258,238,255,255,255,280,280,280,294,209,534,534,547,547,547],"floor_reached":33,"playtime":1944,"items_purged":[],"score":585,"play_id":"5098c97a-f2c6-4416-9e01-d48a4d6c60b4","local_time":"20180729095853","is_ascension_mode":true,"campfire_choices":[{"data":"Zap","floor":6.0,"key":"SMITH"},{"data":"Conserve Battery","floor":10.0,"key":"SMITH"},{"data":"Dualcast","floor":13.0,"key":"SMITH"},{"floor":15.0,"key":"REST"},{"floor":23.0,"key":"REST"},{"floor":25.0,"key":"REST"},{"data":"Go for the Eyes","floor":30.0,"key":"SMITH"},{"data":"Go for the Eyes","floor":32.0,"key":"SMITH"}],"neow_cost":"NO_GOLD","seed_source_timestamp":7713768700413,"circlet_count":0,"master_deck":["Strike_B","Strike_B","Strike_B","Defend_B","Defend_B","Defend_B","Zap+1","Dualcast+1","AscendersBane","Ball Lightning+1","Go for the Eyes+1","Conserve Battery","Compile Driver+1","Conserve Battery+1","Cold Snap","Electrodynamics","Ball Lightning","Conserve Battery","Conserve Battery","Go for the Eyes+1"],"special_seed":0,"relics":["Cracked Core","Centennial Puzzle","Orichalcum","Ancient Tea Set","Velvet Choker","Regal Pillow","Gremlin Horn","Question Card","Old Coin"],"potions_floor_usage":[33],"damage_taken":[{"damage":0.0,"enemies":"2 Louse","floor":1.0,"turns":2.0},{"damage":0.0,"enemies":"Small Slimes","floor":3.0,"turns":2.0},{"damage":1.0,"enemies":"Cultist","floor":4.0,"turns":3.0},{"damage":3.0,"enemies":"Looter","floor":5.0,"turns":2.0},{"damage":21.0,"enemies":"Gremlin Nob","floor":7.0,"turns":4.0},{"damage":0.0,"enemies":"2 Fungi Beasts","floor":8.0,"turns":3.0},{"damage":5.0,"enemies":"Lagavulin","floor":11.0,"turns":5.0},{"damage":8.0,"enemies":"The Guardian","floor":16.0,"turns":10.0},{"damage":1.0,"enemies":"Spheric Guardian","floor":18.0,"turns":3.0},{"damage":18.0,"enemies":"2 Thieves","floor":19.0,"turns":4.0},{"damage":15.0,"enemies":"Centurion and Healer","floor":21.0,"turns":4.0},{"damage":11.0,"enemies":"Book of Stabbing","floor":24.0,"turns":5.0},{"damage":16.0,"enemies":"Sentry and Sphere","floor":27.0,"turns":4.0},{"damage":0.0,"enemies":"Gremlin Leader","floor":29.0,"turns":4.0},{"damage":4.0,"enemies":"Snecko","floor":31.0,"turns":5.0},{"damage":70,"enemies":"Champ","floor":33,"turns":15}],"seed_played":"2003178261415303897","potions_obtained":[{"floor":1.0,"key":"Fire Potion"},{"floor":4.0,"key":"Explosive Potion"},{"floor":11.0,"key":"Fruit Juice"},{"floor":19.0,"key":"Dexterity Potion"},{"floor":29.0,"key":"Explosive Potion"},{"floor":31.0,"key":"Dexterity Potion"}],"is_trial":false,"path_per_floor":["M","?","M","M","M","R","E","M","T","R","E","?","R","?","R","B",null,"M","M","?","M","?","R","E","R","T","M","?","E","R","M","R"],"character_chosen":"DEFECT","items_purchased":[],"campfire_rested":3,"item_purchase_floors":[],"current_hp_per_floor":[64,64,64,63,60,60,39,39,39,39,34,34,34,13,34,31,65,64,46,46,31,31,53,42,76,76,60,60,60,60,56,56,0],"gold":547,"neow_bonus":"REMOVE_TWO","is_prod":false,"is_daily":false,"chose_seed":false,"campfire_upgraded":5,"win_rate":0,"timestamp":1532883533,"path_taken":["M","?","M","M","M","R","E","M","T","R","E","?","R","?","R","BOSS","M","M","?","?","?","R","E","R","T","?","?","E","R","M","R","BOSS"],"build_version":"2018-07-26","purchased_purges":0,"victory":false,"max_hp_per_floor":[71,71,71,71,71,71,71,71,71,71,71,71,71,71,71,76,76,76,76,76,76,76,76,76,76,76,76,76,76,76,76,76,76],"card_choices":[{"not_picked":["Skim","Conserve Battery"],"picked":"Ball Lightning","floor":1.0},{"not_picked":["Redo","Heatsinks"],"picked":"Go for the Eyes","floor":3.0},{"not_picked":["Lockon","Melter","Loop"],"picked":"SKIP","floor":4.0},{"not_picked":["White Noise","Lockon"],"picked":"Conserve Battery","floor":5.0},{"not_picked":["White Noise","Doom and Gloom"],"picked":"Compile Driver","floor":7.0},{"not_picked":["Beam Cell","Lockon"],"picked":"Conserve Battery","floor":8.0},{"not_picked":["Double Energy","Steam"],"picked":"Cold Snap","floor":11.0},{"not_picked":["Amplify","Fission"],"picked":"Electrodynamics","floor":16.0},{"not_picked":["FTL","Hologram"],"picked":"Ball Lightning","floor":18.0},{"not_picked":["Sweeping Beam","Rebound","Go for the Eyes"],"picked":"SKIP","floor":19.0},{"not_picked":["Turbo","Redo+1"],"picked":"Conserve Battery","floor":21.0},{"not_picked":["Redo","Amplify","Thunder Strike"],"picked":"SKIP","floor":24.0},{"not_picked":["Rebound","Redo"],"picked":"Conserve Battery","floor":27.0},{"not_picked":["Sweeping Beam","Chaos","Steam"],"picked":"Go for the Eyes","floor":29.0},{"not_picked":["Force Field","Compile Driver","Recycle","Leap"],"picked":"SKIP","floor":31.0}],"player_experience":933145,"relics_obtained":[{"floor":7.0,"key":"Centennial Puzzle"},{"floor":9.0,"key":"Orichalcum"},{"floor":11.0,"key":"Ancient Tea Set"},{"floor":24.0,"key":"Regal Pillow"},{"floor":26.0,"key":"Gremlin Horn"},{"floor":29.0,"key":"Old Coin"}],"event_choices":[{"event_name":"World of Goop","player_choice":"Left","floor":2.0,"damage_taken":0.0},{"event_name":"Golden Idol","player_choice":"Ignored","floor":12.0,"damage_taken":0.0},{"event_name":"Shining Light","player_choice":"Entered Light","floor":14.0,"damage_taken":0.0},{"event_name":"The Woman in Blue","player_choice":"Bought 1 Potion","floor":20.0,"damage_taken":0.0},{"event_name":"Cursed Tome","player_choice":"Ignored","floor":22.0,"damage_taken":0.0},{"event_name":"Addict","player_choice":"Obtained Relic","floor":28.0,"damage_taken":0.0}],"is_beta":false,"boss_relics":[{"not_picked":["Philosopher\u0027s Stone","Runic Pyramid"],"picked":"Velvet Choker"}],"items_purged_floors":[],"is_endless":false,"potions_floor_spawned":[1,4,7,11,19,29,31],"killed_by":"Champ","ascension_level":15}