{"gold_per_floor":[109,109,109,184,204,204,230,230,277,333,343,355,374,700,700,779,779,779,296,296,296,296,296,236,236,236,236,236,236,236,236,236,236,236,236,236,236,236,236,236,236,236,236,236,236,236,236,236,236,236,236],"floor_reached":52,"playtime":3664,"items_purged":[],"score":2230,"play_id":"0c6b0781-e9ad-4418-afc4-a0a960639a2b","local_time":"20190123201637","daily_mods":["SealedDeck","DeadlyEvents"],"is_ascension_mode":true,"campfire_choices":[{"data":"Noxious Fumes","floor":6,"key":"SMITH"},{"data":"Cloak And Dagger","floor":8,"key":"SMITH"},{"floor":15,"key":"REST"},{"data":"Burst","floor":32,"key":"SMITH"},{"floor":41,"key":"REST"},{"data":"Cloak And Dagger","floor":45,"key":"SMITH"},{"floor":49,"key":"REST"}],"neow_cost":"","seed_source_timestamp":0,"circlet_count":0,"master_deck":["AscendersBane","Masterful Stab+1","Flying Knee+1","Dodge and Roll","PiercingWail","Crippling Poison","Noxious Fumes+1","Cloak And Dagger+1","PiercingWail","Dagger Spray","Cloak And Dagger+1","Finisher","Infinite Blades","Well Laid Plans","Burst+1","Accuracy","Leg Sweep","Dodge and Roll+1","Cloak And Dagger+1","After Image","PiercingWail+1","Malaise"],"relics":["Ring of the Snake","Bird Faced Urn","Bag of Preparation","Tiny Chest","Old Coin","Ectoplasm","Chemical X","Happy Flower","MawBank","Regal Pillow","Bronze Scales","Strawberry","Ancient Tea Set","Calipers","Dream Catcher","Black Star","Torii","Gremlin Horn","Boot","The Specimen","PreservedInsect","Prayer Wheel","Whetstone","Snake Skull","Smiling Mask"],"potions_floor_usage":[10,14,21,22,33,51,51],"damage_taken":[{"damage":0,"enemies":"Small Slimes","floor":1,"turns":3},{"damage":0,"enemies":"2 Louse","floor":5,"turns":2},{"damage":37,"enemies":"Gremlin Nob","floor":7,"turns":4},{"damage":0,"enemies":"3 Sentries","floor":10,"turns":5},{"damage":0,"enemies":"Cultist","floor":11,"turns":2},{"damage":12,"enemies":"Exordium Thugs","floor":12,"turns":4},{"damage":0,"enemies":"Blue Slaver","floor":13,"turns":4},{"damage":13,"enemies":"Gremlin Nob","floor":14,"turns":4},{"damage":4,"enemies":"Hexaghost","floor":16,"turns":7},{"damage":0,"enemies":"3 Byrds","floor":18,"turns":3},{"damage":21,"enemies":"Gremlin Leader","floor":21,"turns":7},{"damage":32,"enemies":"Slavers","floor":22,"turns":7},{"damage":0,"enemies":"Book of Stabbing","floor":23,"turns":4},{"damage":0,"enemies":"2 Thieves","floor":24,"turns":4},{"damage":12,"enemies":"Snake Plant","floor":25,"turns":4},{"damage":3,"enemies":"Gremlin Leader","floor":28,"turns":7},{"damage":4,"enemies":"Shelled Parasite and Fungi","floor":29,"turns":4},{"damage":22,"enemies":"Book of Stabbing","floor":30,"turns":5},{"damage":0,"enemies":"3 Cultists","floor":31,"turns":5},{"damage":25,"enemies":"Collector","floor":33,"turns":8},{"damage":1,"enemies":"Orb Walker","floor":35,"turns":4},{"damage":0,"enemies":"Mind Bloom Boss Battle","floor":36,"turns":8},{"damage":6,"enemies":"3 Shapes","floor":38,"turns":5},{"damage":61,"enemies":"Transient","floor":39,"turns":6},{"damage":21,"enemies":"Nemesis","floor":40,"turns":10},{"damage":8,"enemies":"Writhing Mass","floor":42,"turns":7},{"damage":23,"enemies":"Giant Head","floor":44,"turns":8},{"damage":0,"enemies":"Maw","floor":46,"turns":8},{"damage":20,"enemies":"Nemesis","floor":47,"turns":6},{"damage":1,"enemies":"Reptomancer","floor":48,"turns":5},{"damage":3,"enemies":"Awakened One","floor":50,"turns":18},{"damage":16,"enemies":"Donu and Deca","floor":51,"turns":11}],"seed_played":"-2019289171779713851","potions_obtained":[{"floor":1,"key":"LiquidBronze"},{"floor":7,"key":"LiquidBronze"},{"floor":11,"key":"PowerPotion"},{"floor":16,"key":"Swift Potion"},{"floor":20,"key":"PowerPotion"},{"floor":20,"key":"SpeedPotion"},{"floor":23,"key":"Dexterity Potion"},{"floor":25,"key":"LiquidBronze"},{"floor":40,"key":"GamblersBrew"},{"floor":48,"key":"PowerPotion"}],"is_trial":true,"path_per_floor":["M","?","?","?","M","R","E","R","T","E","M","M","M","E","R","B",null,"M","$","?","E","E","E","M","M","T","T","E","M","E","M","R","B",null,"M","?","$","M","M","E","R","M","T","E","R","M","E","E","R","B","B",null],"character_chosen":"THE_SILENT","items_purchased":["Leg Sweep","Chemical X","Happy Flower"],"campfire_rested":3,"item_purchase_floors":[19,19,19],"current_hp_per_floor":[59,59,59,48,48,48,11,11,11,13,17,7,11,4,23,25,56,62,62,62,51,27,35,43,39,46,46,51,55,41,49,49,32,63,70,73,73,69,18,7,43,45,45,32,32,42,32,41,73,73,61],"gold":236,"neow_bonus":"","is_prod":false,"is_daily":false,"chose_seed":false,"campfire_upgraded":4,"win_rate":0,"timestamp":1548303397,"path_taken":["M","?","?","?","M","R","E","R","T","E","M","M","M","E","R","BOSS","M","$","?","?","?","E","M","?","T","?","E","M","E","M","R","BOSS","M","?","$","M","?","E","R","?","T","E","R","M","?","E","R","BOSS","BOSS"],"build_version":"2019-01-23","purchased_purges":0,"victory":true,"max_hp_per_floor":[66,66,66,66,66,66,66,66,66,66,66,66,66,66,66,66,66,66,66,66,66,66,66,66,66,73,73,73,73,73,73,73,73,73,73,73,73,73,73,73,73,73,73,73,73,73,73,73,73,73,73],"card_choices":[{"not_picked":["Prepared","Cloak And Dagger"],"picked":"Finisher","floor":1},{"not_picked":["Slice","Underhanded Strike","Bane"],"picked":"SKIP","floor":5},{"not_picked":["PiercingWail","Deadly Poison","Bane"],"picked":"SKIP","floor":7},{"not_picked":["Slice","Blade Dance"],"picked":"Infinite Blades","floor":10},{"not_picked":["Night Terror","Poisoned Stab","Underhanded Strike"],"picked":"SKIP","floor":11},{"not_picked":["Setup","Caltrops","Deadly Poison"],"picked":"SKIP","floor":12},{"not_picked":["Prepared","Sucker Punch","Flying Knee"],"picked":"SKIP","floor":13},{"not_picked":["Bane","Deflect"],"picked":"Well Laid Plans","floor":14},{"not_picked":["Glass Knife","Bullet Time"],"picked":"Burst","floor":16},{"not_picked":["Concentrate","Sucker Punch"],"picked":"Accuracy","floor":18},{"not_picked":["Slice","Dagger Spray","Well Laid Plans"],"picked":"SKIP","floor":21},{"not_picked":["PiercingWail","Accuracy","Deflect+1"],"picked":"SKIP","floor":22},{"not_picked":["Blade Dance","Sucker Punch","Catalyst"],"picked":"SKIP","floor":23},{"not_picked":["Riddle With Holes","Setup","Accuracy"],"picked":"SKIP","floor":24},{"not_picked":["Deflect","Bane+1","Deadly Poison+1"],"picked":"SKIP","floor":25},{"not_picked":["Reflex","Acrobatics","Outmaneuver"],"picked":"SKIP","floor":28},{"not_picked":["Prepared","Poisoned Stab"],"picked":"Dodge and Roll+1","floor":29},{"not_picked":["Glass Knife","Noxious Fumes"],"picked":"Cloak And Dagger","floor":30},{"not_picked":["Prepared+1","Well Laid Plans","Outmaneuver"],"picked":"SKIP","floor":31},{"not_picked":["Envenom","Bullet Time"],"picked":"After Image","floor":33},{"not_picked":["Dagger Spray+1","Skewer","Slice"],"picked":"SKIP","floor":35},{"not_picked":["Prepared","Slice+1","PiercingWail"],"picked":"SKIP","floor":38},{"not_picked":["Dodge and Roll","Choke+1"],"picked":"PiercingWail+1","floor":39},{"not_picked":["Concentrate","Outmaneuver","Sucker Punch"],"picked":"SKIP","floor":40},{"not_picked":["Bouncing Flask","Blade Dance","Deadly Poison"],"picked":"SKIP","floor":42},{"not_picked":["Eviscerate","Unload","Underhanded Strike"],"picked":"SKIP","floor":44},{"not_picked":["Catalyst","Noxious Fumes","Caltrops"],"picked":"SKIP","floor":46},{"not_picked":["Skewer","Leg Sweep","Prepared"],"picked":"SKIP","floor":46},{"not_picked":["Bouncing Flask","Cloak And Dagger","Predator"],"picked":"SKIP","floor":47},{"not_picked":["Blade Dance+1","Predator+1"],"picked":"Malaise","floor":48}],"player_experience":2041627,"relics_obtained":[{"floor":7,"key":"Bird Faced Urn"},{"floor":9,"key":"Bag of Preparation"},{"floor":10,"key":"Tiny Chest"},{"floor":14,"key":"Old Coin"},{"floor":21,"key":"MawBank"},{"floor":22,"key":"Regal Pillow"},{"floor":23,"key":"Bronze Scales"},{"floor":26,"key":"Strawberry"},{"floor":27,"key":"Ancient Tea Set"},{"floor":28,"key":"Calipers"},{"floor":30,"key":"Dream Catcher"},{"floor":36,"key":"Torii"},{"floor":40,"key":"Gremlin Horn"},{"floor":40,"key":"Boot"},{"floor":43,"key":"The Specimen"},{"floor":44,"key":"PreservedInsect"},{"floor":44,"key":"Prayer Wheel"},{"floor":47,"key":"Whetstone"},{"floor":48,"key":"Snake Skull"},{"floor":48,"key":"Smiling Mask"}],"event_choices":[{"damage_healed":0,"gold_gain":0,"player_choice":"Ignored","damage_taken":0,"max_hp_gain":0,"max_hp_loss":0,"event_name":"Liars Game","floor":2,"gold_loss":0},{"damage_healed":0,"gold_gain":0,"player_choice":"Grow","damage_taken":0,"max_hp_gain":0,"max_hp_loss":0,"event_name":"Living Wall","floor":3,"gold_loss":0,"cards_upgraded":["Cloak And Dagger"]},{"damage_healed":0,"gold_gain":75,"player_choice":"Gather Gold","damage_taken":11,"max_hp_gain":0,"max_hp_loss":0,"event_name":"World of Goop","floor":4,"gold_loss":0},{"damage_healed":0,"gold_gain":0,"player_choice":"Got Potions","damage_taken":0,"max_hp_gain":0,"max_hp_loss":0,"event_name":"Lab","floor":20,"gold_loss":0},{"damage_healed":0,"gold_gain":0,"player_choice":"Fight","damage_taken":0,"max_hp_gain":0,"max_hp_loss":0,"event_name":"MindBloom","floor":36,"gold_loss":0}],"is_beta":false,"boss_relics":[{"not_picked":["Ring of the Serpent","Fusion Hammer"],"picked":"Ectoplasm"},{"not_picked":["WristBlade","Philosopher\u0027s Stone"],"picked":"Black Star"}],"items_purged_floors":[],"is_endless":false,"potions_floor_spawned":[1,7,11,13,16,23,25,28,29,40,44,46,47,48],"ascension_level":20}