{"gold_per_floor":[118,118,43,54,65,90,90,121,121,121,121,121,121,134,134,207,207,227,239,250,250,263,263,288,303,303,303,34,34,34,52,52,124,124,135,135,185,202,77,107,107,132,132,132,150,181,198,298,298,298,298,298,298,95,123,123],"floor_reached":57,"playtime":3132,"items_purged":["Regret","Blood for Blood","Sword Boomerang","Bash"],"score":3321,"play_id":"18469750-35d1-47b5-8037-66aad7272895","local_time":"20181214180530","is_ascension_mode":true,"campfire_choices":[{"data":"Armaments","floor":7.0,"key":"SMITH"},{"floor":10.0,"key":"REST"},{"data":"Shockwave","floor":13.0,"key":"SMITH"},{"data":"Twin Strike","floor":15.0,"key":"SMITH"},{"data":"Immolate","floor":23.0,"key":"SMITH"},{"data":"Entrench","floor":27,"key":"SMITH"},{"data":"Barricade","floor":32,"key":"SMITH"},{"data":"Burning Pact","floor":41,"key":"SMITH"},{"data":"Feel No Pain","floor":44,"key":"SMITH"},{"floor":49,"key":"RECALL"},{"data":"Second Wind","floor":53,"key":"SMITH"}],"neow_cost":"TEN_PERCENT_HP_LOSS","seed_source_timestamp":14634899509777,"circlet_count":0,"master_deck":["AscendersBane","Armaments+1","Feel No Pain+1","Shockwave+1","Twin Strike+1","Ghostly Armor","Evolve","Immolate+1","Barricade+1","Disarm","Shockwave","Pummel","Burning Pact+1","Second Wind+1","Power Through","Ghostly","Ghostly","Ghostly","Entrench+1","Body Slam+1"],"special_seed":0,"relics":["Burning Blood","Letter Opener","Vajra","Regal Pillow","Question Card","Pandora\u0027s Box","Molten Egg 2","FossilizedHelix","Happy Flower","Philosopher\u0027s Stone","Paper Frog","Self Forming Clay","Anchor","Frozen Egg 2","Torii","Bottled Lightning"],"potions_floor_usage":[33,40,40,56,56],"damage_taken":[{"damage":3.0,"enemies":"Small Slimes","floor":1.0,"turns":5.0},{"damage":7.0,"enemies":"Jaw Worm","floor":4.0,"turns":5.0},{"damage":0.0,"enemies":"Cultist","floor":5.0,"turns":3.0},{"damage":49.0,"enemies":"Gremlin Nob","floor":6.0,"turns":5.0},{"damage":17.0,"enemies":"3 Sentries","floor":8.0,"turns":12.0},{"damage":6.0,"enemies":"Looter","floor":14.0,"turns":4.0},{"damage":28.0,"enemies":"Hexaghost","floor":16.0,"turns":9.0},{"damage":19.0,"enemies":"2 Thieves","floor":18.0,"turns":3.0},{"damage":22.0,"enemies":"Shell Parasite","floor":19.0,"turns":6.0},{"damage":0.0,"enemies":"Cultist and Chosen","floor":20.0,"turns":6.0},{"damage":11.0,"enemies":"Centurion and Healer","floor":22.0,"turns":8.0},{"damage":25,"enemies":"Gremlin Leader","floor":24,"turns":8},{"damage":1,"enemies":"Snecko","floor":25,"turns":7},{"damage":0,"enemies":"Cultist and Chosen","floor":31,"turns":9},{"damage":0,"enemies":"Collector","floor":33,"turns":16},{"damage":0,"enemies":"3 Shapes","floor":35,"turns":5},{"damage":2,"enemies":"3 Darklings","floor":38,"turns":4},{"damage":0,"enemies":"Reptomancer","floor":40,"turns":5},{"damage":6,"enemies":"Nemesis","floor":42,"turns":7},{"damage":0,"enemies":"Jaw Worm Horde","floor":45,"turns":4},{"damage":0,"enemies":"Reptomancer","floor":46,"turns":5},{"damage":0,"enemies":"Writhing Mass","floor":47,"turns":6},{"damage":5,"enemies":"Mind Bloom Boss Battle","floor":48,"turns":6},{"damage":0,"enemies":"Time Eater","floor":50,"turns":8},{"damage":0,"enemies":"Donu and Deca","floor":51,"turns":7},{"damage":0,"enemies":"Shield and Spear","floor":55,"turns":6},{"damage":0,"enemies":"The Heart","floor":56,"turns":8}],"seed_played":"5894161835654241573","potions_obtained":[{"floor":6.0,"key":"Energy Potion"},{"floor":14.0,"key":"Block Potion"},{"floor":22.0,"key":"Ancient Potion"},{"floor":25,"key":"Fire Potion"},{"floor":31,"key":"Energy Potion"},{"floor":33,"key":"Poison Potion"},{"floor":38,"key":"SpeedPotion"},{"floor":40,"key":"Fire Potion"},{"floor":46,"key":"Dexterity Potion"}],"is_trial":false,"path_per_floor":["M","?","$","M","M","E","R","E","T","R","?","T","R","M","R","B",null,"M","M","M","?","M","R","E","M","T","R","$","?","?","M","R","B",null,"M","?","?","M","$","E","R","E","T","R","M","E","M","?","R","B","B",null,"R","$","E","B",null],"character_chosen":"IRONCLAD","items_purchased":["Happy Flower","Energy Potion"],"campfire_rested":1,"item_purchase_floors":[28,54],"current_hp_per_floor":[68,68,68,67,68,25,25,14,14,49,49,49,49,49,49,27,58,45,29,35,34,29,29,10,15,15,15,15,15,8,14,14,20,34,39,37,37,37,37,37,37,37,37,37,37,37,37,37,37,37,37,37,37,37,37,37],"gold":123,"neow_bonus":"TRANSFORM_TWO_CARDS","is_prod":false,"is_daily":false,"chose_seed":false,"campfire_upgraded":9,"win_rate":0,"timestamp":1544781930,"path_taken":["M","?","$","M","M","E","R","E","T","R","?","?","R","M","R","BOSS","M","M","M","?","M","R","E","M","T","R","$","?","?","?","R","BOSS","M","?","?","M","$","E","R","E","T","R","?","E","M","?","R","BOSS","BOSS","R","$","E","BOSS"],"build_version":"2018-12-13","purchased_purges":4,"victory":true,"max_hp_per_floor":[68,68,68,68,68,68,68,68,68,68,68,68,68,68,68,68,68,68,68,68,34,34,34,34,34,34,34,34,34,39,39,39,39,39,39,37,37,37,37,37,37,37,37,37,37,37,37,37,37,37,37,37,37,37,37,37],"card_choices":[{"not_picked":["Twin Strike","Body Slam"],"picked":"Shockwave","floor":1.0},{"not_picked":["Battle Trance","Intimidate"],"picked":"Twin Strike","floor":4.0},{"not_picked":["Armaments","Cleave","Hemokinesis"],"picked":"SKIP","floor":5.0},{"not_picked":["Armaments","Cleave","Hemokinesis"],"picked":"SKIP","floor":5.0},{"not_picked":["Offering","Sword Boomerang"],"picked":"Ghostly Armor","floor":6.0},{"not_picked":["Feel No Pain","Heavy Blade","Iron Wave"],"picked":"SKIP","floor":8.0},{"not_picked":["Feel No Pain","Heavy Blade","Iron Wave"],"picked":"SKIP","floor":8.0},{"not_picked":["Cleave","Seeing Red","Combust"],"picked":"Evolve","floor":14.0},{"not_picked":["Barricade","Fiend Fire","Limit Break"],"picked":"Immolate","floor":16.0},{"not_picked":["Flex","Rupture+1","Flame Barrier+1"],"picked":"Second Wind","floor":18.0},{"not_picked":["Clothesline","Twin Strike","Intimidate"],"picked":"Power Through","floor":19.0},{"not_picked":["Spot Weakness","Seeing Red","Shrug It Off","Body Slam"],"picked":"SKIP","floor":20.0},{"not_picked":["Pommel Strike","Flex","Cleave","Clothesline"],"picked":"SKIP","floor":22.0},{"not_picked":["Pommel Strike","Flex","Cleave","Clothesline"],"picked":"SKIP","floor":22.0},{"not_picked":["Perfected Strike","Infernal Blade","Iron Wave","Clothesline"],"picked":"SKIP","floor":24},{"not_picked":["Clothesline+1","Havoc","Spot Weakness"],"picked":"Entrench","floor":25},{"not_picked":["Thunderclap+1","Cleave+1","Heavy Blade+1","Armaments"],"picked":"SKIP","floor":31},{"not_picked":["Headbutt+1","Dropkick+1","Flex"],"picked":"Body Slam+1","floor":35},{"not_picked":["Anger+1","Entrench","Cleave+1","Shrug It Off"],"picked":"SKIP","floor":38},{"not_picked":["Burning Pact","Spot Weakness+1","Clash+1","Rupture"],"picked":"SKIP","floor":40},{"not_picked":["Demon Form","Shrug It Off+1","Pummel+1","Havoc"],"picked":"SKIP","floor":42},{"not_picked":["Clash+1","Heavy Blade+1","Thunderclap+1","Perfected Strike+1"],"picked":"SKIP","floor":45},{"not_picked":["Barricade","Headbutt+1","Sword Boomerang+1","Combust"],"picked":"SKIP","floor":46},{"not_picked":["Pommel Strike+1","Clash+1","Infernal Blade","Warcry"],"picked":"SKIP","floor":47},{"not_picked":["Armaments","Flex+1","Flame Barrier","Havoc"],"picked":"SKIP","floor":55}],"player_experience":2389099,"relics_obtained":[{"floor":6.0,"key":"Vajra"},{"floor":8.0,"key":"Regal Pillow"},{"floor":9.0,"key":"Question Card"},{"floor":24,"key":"Molten Egg 2"},{"floor":26,"key":"FossilizedHelix"},{"floor":40,"key":"Paper Frog"},{"floor":42,"key":"Self Forming Clay"},{"floor":43,"key":"Anchor"},{"floor":46,"key":"Frozen Egg 2"},{"floor":48,"key":"Torii"},{"floor":55,"key":"Bottled Lightning"}],"event_choices":[{"damage_healed":0.0,"max_hp_gain":0.0,"max_hp_loss":0.0,"gold_gain":0.0,"event_name":"Big Fish","player_choice":"Box","floor":2.0,"gold_loss":0.0,"damage_taken":0.0,"relics_obtained":["Letter Opener"],"cards_obtained":["Regret"]},{"damage_healed":0.0,"max_hp_gain":0.0,"max_hp_loss":0.0,"gold_gain":0.0,"event_name":"Liars Game","player_choice":"Ignored","floor":11.0,"gold_loss":0.0,"damage_taken":0.0},{"damage_healed":0.0,"max_hp_gain":0.0,"max_hp_loss":34.0,"gold_gain":0.0,"event_name":"Ghosts","player_choice":"Became a Ghost","floor":21.0,"gold_loss":0.0,"damage_taken":0.0,"cards_obtained":["Ghostly","Ghostly","Ghostly"]},{"damage_healed":0,"gold_gain":0,"player_choice":"Ignored","damage_taken":0,"max_hp_gain":0,"max_hp_loss":0,"event_name":"Vampires","floor":29,"gold_loss":0},{"damage_healed":0,"gold_gain":0,"player_choice":"Shed Blood","damage_taken":12,"max_hp_gain":5,"max_hp_loss":0,"event_name":"Forgotten Altar","floor":30,"gold_loss":0},{"damage_healed":0,"gold_gain":0,"player_choice":"Max HP","damage_taken":0,"max_hp_gain":0,"max_hp_loss":2,"event_name":"Winding Halls","floor":36,"gold_loss":0},{"damage_healed":0,"gold_gain":50,"player_choice":"Pray","damage_taken":0,"max_hp_gain":0,"max_hp_loss":0,"event_name":"Golden Shrine","floor":37,"gold_loss":0},{"damage_healed":0,"gold_gain":0,"player_choice":"Fight","damage_taken":0,"max_hp_gain":0,"max_hp_loss":0,"event_name":"MindBloom","floor":48,"gold_loss":0}],"is_beta":false,"boss_relics":[{"not_picked":["Black Blood","Astrolabe"],"picked":"Pandora\u0027s Box"},{"not_picked":["Tiny House","Runic Pyramid"],"picked":"Philosopher\u0027s Stone"}],"items_purged_floors":[3,28,39,54],"is_endless":false,"potions_floor_spawned":[6,14,22,25,31,33,38,40,46,48,55],"ascension_level":20}