{"gold_per_floor":[119,44,63,63,63,63,89,89,89,89,108,128,158,83,83,83],"floor_reached":16,"playtime":428,"items_purged":["Strike_R"],"score":266,"play_id":"b4f2775c-30eb-4a14-82cb-a5cb3fbb7ae9","local_time":"20181201221346","is_ascension_mode":true,"campfire_choices":[{"data":"True Grit","floor":6,"key":"SMITH"},{"data":"Burning Pact","floor":8,"key":"SMITH"},{"data":"Power Through","floor":10,"key":"SMITH"},{"data":"Bash","floor":15,"key":"SMITH"}],"neow_cost":"NONE","seed_source_timestamp":19903200124533,"circlet_count":0,"master_deck":["AscendersBane","Strike_R","Strike_R","Strike_R","Strike_R","Defend_R","Defend_R","Defend_R","Bash+1","Power Through+1","True Grit+1","Burning Pact+1"],"relics":["Burning Blood","NeowsBlessing","Blue Candle","Calipers","Orichalcum"],"potions_floor_usage":[13,16],"damage_taken":[{"damage":0,"enemies":"Small Slimes","floor":1,"turns":1},{"damage":0,"enemies":"2 Louse","floor":3,"turns":1},{"damage":0,"enemies":"Gremlin Nob","floor":7,"turns":1},{"damage":0,"enemies":"Jaw Worm","floor":11,"turns":6},{"damage":7,"enemies":"Red Slaver","floor":12,"turns":7},{"damage":77,"enemies":"3 Sentries","floor":13,"turns":20},{"damage":12,"enemies":"The Guardian","floor":16,"turns":5}],"seed_played":"5640346646738207717","potions_obtained":[{"floor":1,"key":"SteroidPotion"},{"floor":7,"key":"LiquidBronze"}],"is_trial":false,"path_per_floor":["M","?","M","?","$","R","E","R","T","R","M","M","E","$","R","B"],"character_chosen":"IRONCLAD","items_purchased":[],"campfire_rested":0,"item_purchase_floors":[],"current_hp_per_floor":[74,74,75,80,80,80,80,80,80,80,80,79,8,8,8,0],"gold":83,"neow_bonus":"THREE_ENEMY_KILL","is_prod":false,"is_daily":false,"chose_seed":false,"campfire_upgraded":4,"win_rate":0,"timestamp":1543673626,"path_taken":["M","?","M","?","?","R","E","R","T","R","M","?","E","$","R","BOSS"],"build_version":"2018-11-15","purchased_purges":1,"victory":false,"max_hp_per_floor":[75,75,75,80,80,80,80,80,80,80,80,80,80,80,80,80],"card_choices":[{"not_picked":["Clash","Cleave"],"picked":"Power Through","floor":1},{"not_picked":["Pummel","Sever Soul"],"picked":"True Grit","floor":3},{"not_picked":["Sever Soul","Rupture"],"picked":"Burning Pact","floor":7},{"not_picked":["Clash","Twin Strike","Anger"],"picked":"SKIP","floor":11},{"not_picked":["Clash","Inflame","Wild Strike"],"picked":"SKIP","floor":12},{"not_picked":["Searing Blow","Sword Boomerang","Cleave"],"picked":"SKIP","floor":13}],"player_experience":2249934,"relics_obtained":[{"floor":7,"key":"Blue Candle"},{"floor":9,"key":"Calipers"},{"floor":13,"key":"Orichalcum"}],"event_choices":[{"cards_removed":["Defend_R"],"damage_healed":0,"gold_gain":0,"player_choice":"Card Removal","damage_taken":0,"max_hp_gain":0,"max_hp_loss":0,"event_name":"The Cleric","floor":2,"gold_loss":75},{"damage_healed":0,"gold_gain":0,"player_choice":"Donut","damage_taken":0,"max_hp_gain":5,"max_hp_loss":0,"event_name":"Big Fish","floor":4,"gold_loss":0}],"is_beta":false,"boss_relics":[],"items_purged_floors":[14],"is_endless":false,"potions_floor_spawned":[1,7,12],"killed_by":"The Guardian","ascension_level":20}