{"gold_per_floor":[119,138,138,158,176,176,201,201,228,248,282,297,297,331,331,403,403,422,434,453,465,482,508,508,136,161,195,207,219,258,270,282,372,384,409,421,446,458,489,526,549,561,573,612,641,653,1013,1035,1047,1059,1071],"floor_reached":52,"playtime":2612,"items_purged":[],"score":2109,"play_id":"b0956bc7-7334-477b-acda-db47b1b38a37","local_time":"20181016105007","daily_mods":["SealedDeck"],"is_ascension_mode":true,"campfire_choices":[{"data":"Go for the Eyes","floor":6.0,"key":"SMITH"},{"data":"Beam Cell","floor":8.0,"key":"SMITH"},{"data":"Defragment","floor":13.0,"key":"SMITH"},{"data":"Ball Lightning","floor":15.0,"key":"SMITH"},{"data":"Conserve Battery","floor":24,"key":"SMITH"},{"data":"Capacitor","floor":32,"key":"SMITH"},{"data":"Biased Cognition","floor":42,"key":"SMITH"},{"floor":46,"key":"REST"},{"floor":49,"key":"REST"}],"neow_cost":"","seed_source_timestamp":0,"circlet_count":0,"master_deck":["AscendersBane","Sweeping Beam","Self Repair","Conserve Battery+1","Beam Cell+1","Cold Snap+1","Cold Snap+1","Conserve Battery+1","Go for the Eyes+1","Ball Lightning+1","Echo Form","Defragment+1","Compile Driver","FTL","Capacitor+1","Biased Cognition+1","Compile Driver+1"],"special_seed":0,"relics":["Cracked Core","Whetstone","Bronze Scales","Odd Mushroom","Anchor","Bottled Flame","Nuclear Battery","Mummified Hand","Cables","Smiling Mask","MawBank","MutagenicStrength","Bag of Marbles","Black Star","Potion Belt","War Paint","Emotion Chip","The Courier","Frozen Egg 2","Old Coin"],"potions_floor_usage":[23,30,45,51,51,51],"damage_taken":[{"damage":0.0,"enemies":"Cultist","floor":1.0,"turns":3.0},{"damage":0.0,"enemies":"Jaw Worm","floor":2.0,"turns":2.0},{"damage":0.0,"enemies":"2 Louse","floor":4.0,"turns":2.0},{"damage":3.0,"enemies":"Large Slime","floor":5.0,"turns":4.0},{"damage":0.0,"enemies":"Lagavulin","floor":7.0,"turns":5.0},{"damage":2.0,"enemies":"The Mushroom Lair","floor":10.0,"turns":4.0},{"damage":6.0,"enemies":"Gremlin Nob","floor":11.0,"turns":3.0},{"damage":0.0,"enemies":"Exordium Wildlife","floor":12.0,"turns":2.0},{"damage":4.0,"enemies":"3 Sentries","floor":14.0,"turns":4.0},{"damage":0.0,"enemies":"Slime Boss","floor":16.0,"turns":8.0},{"damage":21.0,"enemies":"3 Byrds","floor":18.0,"turns":3.0},{"damage":0.0,"enemies":"Shell Parasite","floor":19.0,"turns":5.0},{"damage":22.0,"enemies":"3 Cultists","floor":20.0,"turns":4.0},{"damage":12.0,"enemies":"Sentry and Sphere","floor":21.0,"turns":4.0},{"damage":6.0,"enemies":"Shelled Parasite and Fungi","floor":22.0,"turns":3.0},{"damage":18,"enemies":"Slavers","floor":23,"turns":5},{"damage":13,"enemies":"Gremlin Leader","floor":27,"turns":5},{"damage":14,"enemies":"Slavers","floor":30,"turns":3},{"damage":25,"enemies":"Automaton","floor":33,"turns":8},{"damage":0,"enemies":"Orb Walker","floor":35,"turns":2},{"damage":6,"enemies":"3 Darklings","floor":37,"turns":4},{"damage":0,"enemies":"Transient","floor":39,"turns":6},{"damage":29,"enemies":"Nemesis","floor":40,"turns":5},{"damage":12,"enemies":"Sphere and 2 Shapes","floor":41,"turns":5},{"damage":11,"enemies":"2 Orb Walkers","floor":44,"turns":4},{"damage":30,"enemies":"Spire Growth","floor":45,"turns":4},{"damage":5,"enemies":"Mysterious Sphere","floor":47,"turns":3},{"damage":0,"enemies":"Reptomancer","floor":48,"turns":4},{"damage":58,"enemies":"Time Eater","floor":50,"turns":12},{"damage":2,"enemies":"Awakened One","floor":51,"turns":10}],"seed_played":"-1462692734461278841","potions_obtained":[{"floor":1.0,"key":"Explosive Potion"},{"floor":10.0,"key":"Strength Potion"},{"floor":12.0,"key":"Regen Potion"},{"floor":30,"key":"Ancient Potion"},{"floor":44,"key":"Block Potion"},{"floor":45,"key":"AttackPotion"},{"floor":47,"key":"GamblersBrew"},{"floor":48,"key":"FocusPotion"}],"is_trial":true,"path_per_floor":["M","M","$","M","M","R","E","R","T","?","E","M","R","E","R","B",null,"M","M","M","M","M","E","R","$","T","E","?","?","E","?","R","B",null,"M","$","M","?","M","E","M","R","T","E","M","R","?","M","R","B","B"],"character_chosen":"DEFECT","items_purchased":["Cables","FTL"],"campfire_rested":2,"item_purchase_floors":[25,25],"current_hp_per_floor":[71,71,71,71,71,71,71,71,71,71,71,71,71,71,71,71,71,64,71,63,58,59,69,69,69,69,63,63,63,56,56,56,38,63,63,63,64,64,71,49,51,51,51,47,24,45,54,54,71,20,25],"gold":1083,"neow_bonus":"","is_prod":false,"is_daily":false,"chose_seed":false,"campfire_upgraded":7,"win_rate":0,"timestamp":1539712207,"path_taken":["M","M","?","M","M","R","E","R","T","?","E","M","R","E","R","BOSS","M","M","M","M","?","E","R","$","T","E","?","?","E","?","R","BOSS","M","$","M","?","?","E","M","R","T","E","M","R","?","M","R","BOSS","BOSS"],"build_version":"2018-10-11","purchased_purges":0,"victory":true,"max_hp_per_floor":[71,71,71,71,71,71,71,71,71,71,71,71,71,71,71,71,71,71,71,71,71,71,71,71,71,71,71,71,71,71,71,71,71,71,71,71,71,71,71,71,71,71,71,71,71,71,71,71,71,71,71],"card_choices":[{"not_picked":["Redo","Hologram","Fusion"],"picked":"SKIP","floor":1.0},{"not_picked":["Go for the Eyes","Gash","Sweeping Beam"],"picked":"SKIP","floor":2.0},{"not_picked":["Barrage","Leap"],"picked":"Echo Form","floor":4.0},{"not_picked":["Stack","Go for the Eyes","Aggregate"],"picked":"SKIP","floor":5.0},{"not_picked":["Tempest","Leap","Lockon"],"picked":"SKIP","floor":7.0},{"not_picked":["Static Discharge","Streamline"],"picked":"Defragment","floor":10.0},{"not_picked":["Recycle","Turbo","Barrage"],"picked":"SKIP","floor":11.0},{"not_picked":["Hologram","Cold Snap"],"picked":"Compile Driver","floor":12.0},{"not_picked":["Force Field","Loop","Cold Snap"],"picked":"SKIP","floor":14.0},{"not_picked":["Thunder Strike","Reboot"],"picked":"Machine Learning","floor":16.0},{"not_picked":["Rip and Tear","Chaos","Defragment"],"picked":"SKIP","floor":18.0},{"not_picked":["Sunder","Steam+1","Fusion"],"picked":"SKIP","floor":19.0},{"not_picked":["Streamline","Beam Cell","Conserve Battery"],"picked":"SKIP","floor":20.0},{"not_picked":["Heatsinks+1","Conserve Battery","Turbo"],"picked":"SKIP","floor":21.0},{"not_picked":["Double Energy","Compile Driver","Self Repair"],"picked":"SKIP","floor":22.0},{"not_picked":["Tempest","Darkness","Stack"],"picked":"SKIP","floor":23},{"not_picked":["Darkness","Turbo","Fission"],"picked":"SKIP","floor":27},{"not_picked":["Go for the Eyes","Skim","Hello World"],"picked":"SKIP","floor":30},{"not_picked":["Echo Form","Amplify"],"picked":"Biased Cognition","floor":33},{"not_picked":["Hello World","Cold Snap+1","Go for the Eyes"],"picked":"SKIP","floor":35},{"not_picked":["Scrape","Heatsinks","Steam"],"picked":"SKIP","floor":37},{"not_picked":["Redo","Hologram","Chill"],"picked":"SKIP","floor":39},{"not_picked":["Leap","Loop","BootSequence"],"picked":"SKIP","floor":40},{"not_picked":["Skim","Turbo","Barrage"],"picked":"SKIP","floor":41},{"not_picked":["Creative AI","Sweeping Beam","Tempest"],"picked":"SKIP","floor":44},{"not_picked":["Streamline","Beam Cell","Chaos"],"picked":"SKIP","floor":45},{"not_picked":["Turbo","Barrage"],"picked":"Compile Driver+1","floor":48}],"player_experience":1365839,"relics_obtained":[{"floor":7.0,"key":"Whetstone"},{"floor":9.0,"key":"Bronze Scales"},{"floor":10.0,"key":"Odd Mushroom"},{"floor":11.0,"key":"Anchor"},{"floor":14.0,"key":"Bottled Flame"},{"floor":23,"key":"Mummified Hand"},{"floor":26,"key":"Smiling Mask"},{"floor":27,"key":"MawBank"},{"floor":30,"key":"Bag of Marbles"},{"floor":40,"key":"Potion Belt"},{"floor":40,"key":"War Paint"},{"floor":43,"key":"Emotion Chip"},{"floor":44,"key":"The Courier"},{"floor":44,"key":"Frozen Egg 2"},{"floor":47,"key":"Old Coin"}],"event_choices":[{"event_name":"Mushrooms","player_choice":"Fought Mushrooms","floor":10.0,"damage_taken":0.0},{"event_name":"Drug Dealer","player_choice":"Inject Mutagens","floor":28,"damage_taken":0},{"event_name":"Match and Keep!","player_choice":"1 cards matched","floor":29,"damage_taken":0},{"event_name":"Back to Basics","player_choice":"Elegance","floor":31,"damage_taken":0},{"event_name":"Purifier","player_choice":"One Purge","floor":38,"damage_taken":0},{"event_name":"Mysterious Sphere","player_choice":"Fight","floor":47,"damage_taken":0}],"is_beta":false,"boss_relics":[{"not_picked":["Eternal Feather","Astrolabe"],"picked":"Nuclear Battery"},{"not_picked":["White Beast Statue","Empty Cage"],"picked":"Black Star"}],"items_purged_floors":[],"is_endless":false,"potions_floor_spawned":[1,10,11,12,19,20,22,30,44,45,47,48],"ascension_level":20}