{"gold_per_floor":[359,12,128,238,350,350,19,19,131,131],"floor_reached":10,"playtime":648,"items_purged":["Chen:Strike"],"score":358,"play_id":"93ef0e78-2647-41c0-b7ac-46557efb3ba2","local_time":"25620421153550","daily_mods":["CTS - Silver Difficulty","CTS - Boss Rush","Uncertain Future"],"is_ascension_mode":false,"campfire_choices":[{"floor":8,"key":"REST"}],"neow_cost":"","seed_source_timestamp":0,"circlet_count":0,"master_deck":["Chen:Strike","Chen:Strike","Chen:Strike","Chen:Strike","Chen:Defend","Chen:Defend","Chen:Defend","Chen:Defend","Chen:PounceTurnTail","Chen:GlitterPoke","Chen:Deceitful+1","Chen:Exploit+1","Chen:UpperHand+1","Chen:Salvo+1","Chen:Spray+1","Chen:Sweep+1","Chen:Tear+1","Chen:PhoenixEgg+1","Chen:Clarity+1","Chen:Shot+1","Chen:StudySharpen+1","Chen:Mixup+1","Chen:Sweep+1","Chen:UpperHand+1","Chen:Salvo+1","Chen:PentagramFlight+1","Chen:ResistTemptation+1","Chen:ShikigamiForm+1","beaked:Evade+1","Chen:Nimbleness+1"],"relics":["Chen:Catnip","The Courier","Molten Egg 2","Toxic Egg 2","Frozen Egg 2","Baseball","hubris:SphereOfDissonance","jedi:cryingmask","Strawberry","aspiration:BeakedSkillbook","strawberrySpire:Treaders"],"potions_floor_usage":[5,9,10],"damage_taken":[{"damage":0,"enemies":"Slime Boss","floor":3,"turns":5},{"damage":26,"enemies":"The Guardian","floor":4,"turns":6},{"damage":8,"enemies":"Hexaghost","floor":5,"turns":7},{"damage":29,"enemies":"Champ","floor":9,"turns":8},{"damage":32,"enemies":"Automaton","floor":10,"turns":4}],"seed_played":"1431607951579782623","potions_obtained":[{"floor":3,"key":"Fire Potion"},{"floor":4,"key":"EssenceOfSteel"},{"floor":9,"key":"Adrenaline Potion"}],"is_trial":true,"path_per_floor":["$","$","M","M","M","T","$","R","M","M"],"character_chosen":"CHEN","items_purchased":["Chen:Deceitful+1","Chen:Exploit+1","Chen:UpperHand+1","Chen:Salvo+1","Chen:Spray+1","Chen:Sweep+1","Chen:Tear+1","Chen:PhoenixEgg+1","Chen:Clarity+1","Chen:Shot+1","Chen:StudySharpen+1","Baseball","Chen:Mixup+1","Chen:Sweep+1","Chen:UpperHand+1","Chen:ShikigamiForm+1","beaked:Evade+1","Chen:Nimbleness+1"],"campfire_rested":1,"item_purchase_floors":[1,1,1,1,1,1,1,1,1,1,2,2,2,2,2,7,7,7],"current_hp_per_floor":[63,63,63,37,36,36,36,60,32,0],"gold":131,"neow_bonus":"","is_prod":false,"is_daily":false,"chose_seed":false,"campfire_upgraded":0,"win_rate":0,"timestamp":1555835750,"path_taken":["$","$","M","M","M","T","$","R","M","M"],"build_version":"2019-01-23","purchased_purges":1,"victory":false,"max_hp_per_floor":[70,70,70,70,80,80,80,80,80,80],"card_choices":[{"not_picked":["Chen:TauntHiss+1","Chen:Excitement+1"],"picked":"Chen:Salvo+1","floor":3},{"not_picked":["Chen:Instinct+1","Chen:Panic+1"],"picked":"Chen:PentagramFlight+1","floor":4},{"not_picked":["Chen:Shot+1","Chen:Adaptability+1"],"picked":"Chen:ResistTemptation+1","floor":5},{"not_picked":["beaked:Brace+1","beaked:WarriorEssence+1","beaked:Evade+1","beaked:HuntressEssence"],"picked":"SKIP","floor":9}],"player_experience":529332,"relics_obtained":[{"floor":3,"key":"hubris:SphereOfDissonance"},{"floor":4,"key":"jedi:cryingmask"},{"floor":5,"key":"Strawberry"},{"floor":9,"key":"strawberrySpire:Treaders"}],"event_choices":[],"is_beta":false,"boss_relics":[{"not_picked":["jedi:paperlyon","aspiration:TrainingWeights"],"picked":"aspiration:BeakedSkillbook"}],"items_purged_floors":[7],"is_endless":false,"potions_floor_spawned":[3,4,9],"killed_by":"Automaton","ascension_level":9}