{"gold_per_floor":[117,134,148,167,178,178,211,211,235,263,184,215,215,250,250,323,323,338,153,170,190,190,190,224,224,224,250,250,285,285,314,314,392,392,408,454,470,488,179,207,217,243,243,259,288,288,288,323,323,323,323,323,323,57,88,88],"floor_reached":57,"playtime":3974,"items_purged":["Noxious Fumes","Quick Slash","Sucker Punch"],"score":3802,"play_id":"69b7a7b4-50c4-4f90-8156-5d73107c2d91","local_time":"20190126160205","daily_mods":["SealedDeck","DeadlyEvents","Elite Swarm"],"is_ascension_mode":true,"campfire_choices":[{"data":"Cloak And Dagger","floor":6.0,"key":"SMITH"},{"data":"Blade Dance","floor":8.0,"key":"SMITH"},{"data":"Malaise","floor":15.0,"key":"SMITH"},{"data":"Finisher","floor":23.0,"key":"SMITH"},{"data":"Well Laid Plans","floor":25.0,"key":"SMITH"},{"data":"Envenom","floor":28.0,"key":"SMITH"},{"data":"Blade Dance","floor":32.0,"key":"SMITH"},{"data":"Accuracy","floor":47,"key":"SMITH"},{"floor":49,"key":"RECALL"},{"data":"Dodge and Roll","floor":53,"key":"SMITH"}],"neow_cost":"","seed_source_timestamp":0,"circlet_count":0,"master_deck":["AscendersBane","Blade Dance+1","Backflip","Finisher+1","Blade Dance+1","Cloak And Dagger+1","Well Laid Plans+1","PiercingWail","Dodge and Roll+1","After Image","Adrenaline","Malaise+1","Burst+1","Calculated Gamble+1","Dodge and Roll+1","Prepared+1","Envenom+1","Malaise+1","Malaise+1","Backflip+1","Cloak And Dagger+1","Accuracy+1","Terror+1","Prepared+1","After Image+1","Finisher+1","Backflip+1"],"special_seed":0,"relics":["Ring of the Snake","Regal Pillow","Anchor","Oddly Smooth Stone","Centennial Puzzle","Toxic Egg 2","Boot","Cursed Key","Ninja Scroll","Mercury Hourglass","Prayer Wheel","Peace Pipe","Black Star","Calipers","Potion Belt","Ornamental Fan","Kunai","Molten Egg 2","Frozen Egg 2","Mummified Hand","Question Card","Mango","Tingsha","Bronze Scales"],"potions_floor_usage":[36,56,56,56],"damage_taken":[{"damage":0.0,"enemies":"Cultist","floor":1.0,"turns":2.0},{"damage":0.0,"enemies":"Small Slimes","floor":2.0,"turns":2.0},{"damage":0.0,"enemies":"2 Louse","floor":3.0,"turns":3.0},{"damage":0.0,"enemies":"Large Slime","floor":4.0,"turns":4.0},{"damage":15.0,"enemies":"Exordium Thugs","floor":5.0,"turns":4.0},{"damage":0.0,"enemies":"Lagavulin","floor":7.0,"turns":6.0},{"damage":2.0,"enemies":"Gremlin Nob","floor":10.0,"turns":3.0},{"damage":6.0,"enemies":"3 Sentries","floor":12.0,"turns":5.0},{"damage":3.0,"enemies":"Lagavulin","floor":14.0,"turns":8.0},{"damage":9.0,"enemies":"Slime Boss","floor":16.0,"turns":5.0},{"damage":0.0,"enemies":"Spheric Guardian","floor":18.0,"turns":1.0},{"damage":0.0,"enemies":"Shell Parasite","floor":20.0,"turns":3.0},{"damage":0.0,"enemies":"Centurion and Healer","floor":21.0,"turns":5.0},{"damage":0.0,"enemies":"Book of Stabbing","floor":24.0,"turns":5.0},{"damage":0.0,"enemies":"Slavers","floor":27.0,"turns":4.0},{"damage":0.0,"enemies":"Book of Stabbing","floor":29.0,"turns":3.0},{"damage":0.0,"enemies":"Slavers","floor":31.0,"turns":4.0},{"damage":0,"enemies":"Automaton","floor":33,"turns":4},{"damage":0,"enemies":"3 Shapes","floor":35,"turns":4},{"damage":0,"enemies":"2 Orb Walkers","floor":36,"turns":3},{"damage":0,"enemies":"Orb Walker","floor":37,"turns":3},{"damage":9,"enemies":"Transient","floor":38,"turns":6},{"damage":0,"enemies":"Reptomancer","floor":40,"turns":4},{"damage":0,"enemies":"Writhing Mass","floor":41,"turns":6},{"damage":0,"enemies":"Giant Head","floor":42,"turns":5},{"damage":0,"enemies":"4 Shapes","floor":44,"turns":5},{"damage":0,"enemies":"Nemesis","floor":45,"turns":6},{"damage":0,"enemies":"Giant Head","floor":48,"turns":5},{"damage":11,"enemies":"Awakened One","floor":50,"turns":10},{"damage":0,"enemies":"Time Eater","floor":51,"turns":11},{"damage":0,"enemies":"Shield and Spear","floor":55,"turns":6},{"damage":0,"enemies":"The Heart","floor":56,"turns":9}],"seed_played":"-8900996067800086644","potions_obtained":[{"floor":1.0,"key":"Energy Potion"},{"floor":3.0,"key":"Poison Potion"},{"floor":7.0,"key":"SkillPotion"},{"floor":12.0,"key":"Regen Potion"},{"floor":18.0,"key":"EssenceOfSteel"},{"floor":36,"key":"Ancient Potion"},{"floor":42,"key":"FearPotion"},{"floor":44,"key":"GhostInAJar"},{"floor":55,"key":"Dexterity Potion"}],"is_trial":true,"path_per_floor":["M","M","M","M","M","R","E","R","T","E","$","E","?","E","R","B",null,"M","$","M","M","?","R","E","R","T","E","R","E","T","E","R","B",null,"M","?","M","M","$","E","M","E","T","M","E","?","R","E","R","B","B",null,"R","$","E","B",null],"character_chosen":"THE_SILENT","items_purchased":["Regen Potion","Dodge and Roll+1","Dexterity Potion","Accuracy","Potion Belt","Finisher+1","Backflip+1"],"campfire_rested":0,"item_purchase_floors":[11,19,19,39,39,54,54],"current_hp_per_floor":[59,59,59,59,44,44,44,44,44,42,42,36,18,63,63,54,63,63,63,63,63,63,63,63,63,63,63,63,63,63,63,63,63,65,65,65,65,56,56,56,56,56,56,56,56,56,56,70,70,59,59,75,75,75,75,75],"gold":88,"neow_bonus":"","is_prod":false,"is_daily":false,"chose_seed":false,"campfire_upgraded":9,"win_rate":0,"timestamp":1548547325,"path_taken":["M","?","M","M","M","R","E","R","T","E","$","E","?","E","R","BOSS","M","$","M","M","?","R","E","R","T","E","R","E","?","E","R","BOSS","M","?","M","M","$","E","M","E","T","M","E","?","R","E","R","BOSS","BOSS","R","$","E","BOSS"],"build_version":"2019-01-23","purchased_purges":3,"victory":true,"max_hp_per_floor":[66,66,66,66,66,66,66,66,66,66,66,66,66,66,66,66,66,66,66,66,66,66,66,66,66,66,66,66,66,66,66,66,66,66,66,66,66,66,66,66,66,66,66,66,66,66,66,80,80,80,80,80,80,80,80,80],"card_choices":[{"not_picked":["Well Laid Plans","Slice","Setup"],"picked":"SKIP","floor":1.0},{"not_picked":["Sucker Punch","Acrobatics","Flying Knee"],"picked":"SKIP","floor":2.0},{"not_picked":["Skewer","Quick Slash","Outmaneuver"],"picked":"SKIP","floor":3.0},{"not_picked":["Predator","PiercingWail","Poisoned Stab"],"picked":"SKIP","floor":4.0},{"not_picked":["Poisoned Stab","Bane"],"picked":"Dodge and Roll","floor":5.0},{"not_picked":["Grand Finale","Envenom"],"picked":"After Image","floor":7.0},{"not_picked":["After Image","Venomology"],"picked":"Adrenaline","floor":10.0},{"not_picked":["Envenom","Night Terror"],"picked":"Malaise","floor":12.0},{"not_picked":["Doppelganger+1","Corpse Explosion+1"],"picked":"Burst+1","floor":14.0},{"not_picked":["Quick Slash+1","Noxious Fumes"],"picked":"Calculated Gamble+1","floor":18.0},{"not_picked":["Dagger Throw","Acrobatics+1"],"picked":"Prepared+1","floor":20.0},{"not_picked":["Blade Dance+1","Underhanded Strike","Endless Agony"],"picked":"SKIP","floor":21.0},{"not_picked":["Storm of Steel+1","Tools of the Trade","After Image"],"picked":"SKIP","floor":24.0},{"not_picked":["Doppelganger+1","Die Die Die"],"picked":"Envenom","floor":27.0},{"not_picked":["Glass Knife","Phantasmal Killer+1"],"picked":"Malaise+1","floor":29.0},{"not_picked":["Unload","Wraith Form v2","Corpse Explosion+1"],"picked":"SKIP","floor":31.0},{"not_picked":["Storm of Steel+1","Grand Finale"],"picked":"Malaise+1","floor":33},{"not_picked":["Prepared+1","Backstab"],"picked":"Backflip+1","floor":35},{"not_picked":["PiercingWail+1","Endless Agony","Slice+1"],"picked":"SKIP","floor":35},{"not_picked":["Deadly Poison+1","Prepared+1"],"picked":"Cloak And Dagger+1","floor":37},{"not_picked":["Bane","Flying Knee","Underhanded Strike"],"picked":"SKIP","floor":37},{"not_picked":["Flying Knee+1","Sucker Punch","Expertise+1"],"picked":"SKIP","floor":38},{"not_picked":["All Out Attack+1","Well Laid Plans","Night Terror+1"],"picked":"SKIP","floor":38},{"not_picked":["Envenom","Phantasmal Killer+1","Tools of the Trade"],"picked":"SKIP","floor":40},{"not_picked":["Quick Slash+1","Tactician+1"],"picked":"Terror+1","floor":41},{"not_picked":["Infinite Blades","Poisoned Stab","Escape Plan+1"],"picked":"SKIP","floor":41},{"not_picked":["Venomology+1","Glass Knife","Doppelganger+1"],"picked":"SKIP","floor":42},{"not_picked":["Dagger Spray+1","Footwork+1"],"picked":"Prepared+1","floor":44},{"not_picked":["Slice+1","Sucker Punch+1","PiercingWail+1"],"picked":"SKIP","floor":44},{"not_picked":["Phantasmal Killer+1","Corpse Explosion+1","Envenom+1"],"picked":"SKIP","floor":45},{"not_picked":["Venomology+1","Wraith Form v2+1","Glass Knife+1"],"picked":"After Image+1","floor":48},{"not_picked":["Night Terror+1","Unload+1","After Image+1","A Thousand Cuts+1"],"picked":"SKIP","floor":55}],"player_experience":2065922,"relics_obtained":[{"floor":7.0,"key":"Regal Pillow"},{"floor":9.0,"key":"Anchor"},{"floor":10.0,"key":"Oddly Smooth Stone"},{"floor":12.0,"key":"Centennial Puzzle"},{"floor":14.0,"key":"Boot"},{"floor":24.0,"key":"Ninja Scroll"},{"floor":27.0,"key":"Mercury Hourglass"},{"floor":29.0,"key":"Prayer Wheel"},{"floor":31.0,"key":"Peace Pipe"},{"floor":36,"key":"Calipers"},{"floor":40,"key":"Ornamental Fan"},{"floor":40,"key":"Kunai"},{"floor":42,"key":"Molten Egg 2"},{"floor":42,"key":"Frozen Egg 2"},{"floor":45,"key":"Mummified Hand"},{"floor":45,"key":"Question Card"},{"floor":48,"key":"Mango"},{"floor":48,"key":"Tingsha"},{"floor":55,"key":"Bronze Scales"}],"event_choices":[{"damage_healed":0.0,"max_hp_gain":0.0,"max_hp_loss":0.0,"gold_gain":0.0,"event_name":"Scrap Ooze","player_choice":"Success","floor":13.0,"gold_loss":0.0,"damage_taken":18.0,"relics_obtained":["Toxic Egg 2"]},{"damage_healed":0.0,"max_hp_gain":0.0,"max_hp_loss":0.0,"gold_gain":0.0,"event_name":"Ghosts","player_choice":"Ignored","floor":22.0,"gold_loss":0.0,"damage_taken":0.0},{"damage_healed":0,"gold_gain":0,"player_choice":"Fight","damage_taken":0,"max_hp_gain":0,"max_hp_loss":0,"event_name":"Mysterious Sphere","floor":36,"gold_loss":0},{"cards_removed":["Doubt"],"damage_healed":0,"gold_gain":0,"player_choice":"Removed Curses","damage_taken":0,"max_hp_gain":0,"max_hp_loss":0,"event_name":"Fountain of Cleansing","floor":46,"gold_loss":0}],"is_beta":false,"boss_relics":[{"not_picked":["Philosopher\u0027s Stone","White Beast Statue"],"picked":"Cursed Key"},{"not_picked":["Fusion Hammer","Tiny House"],"picked":"Black Star"}],"items_purged_floors":[19,39,54],"is_endless":false,"potions_floor_spawned":[1,3,7,12,18,24,29,33,36,37,42,44,45,55],"ascension_level":20}