{"gold_per_floor":[117,137,148,163,176,206,206,233,233,233,5,22,297,312,312,409,409,420,447,460,39,39,74,74,89,89,89,106,27,58,73,73,171,171,185,38,38],"floor_reached":37,"playtime":5111,"items_purged":["Defend_R","Strike_R"],"score":538,"play_id":"5cdbcd49-cd90-485a-a7e9-ae05d255a0f1","local_time":"20190506232007","is_ascension_mode":true,"campfire_choices":[{"floor":7.0,"key":"REST"},{"data":"True Grit","floor":10.0,"key":"SMITH"},{"data":"Bash","floor":15.0,"key":"SMITH"},{"floor":24,"key":"REST"},{"data":"Barricade","floor":27,"key":"SMITH"},{"data":"Metallicize","floor":32,"key":"SMITH"}],"neow_cost":"PERCENT_DAMAGE","seed_source_timestamp":0,"circlet_count":0,"master_deck":["Strike_R","Strike_R","Strike_R","Defend_R","Defend_R+1","Bash+1","Rage+1","Warcry","Anger","Cleave","True Grit+1","Flame Barrier","Reckless Charge","Metallicize","Shrug It Off","Iron Wave","Regret","Body Slam","Barricade+1","Cleave+1","Ghostly Armor","Clash+1","Iron Wave","Parasite","Feel No Pain","Pummel","Second Wind","Metallicize+1","Uppercut+1","Pommel Strike","Impervious"],"special_seed":0,"relics":["Black Blood","Dodecahedron","Thread and Needle","Darkstone Periapt","War Paint","Red Mask","Happy Flower","Potion Belt","Red Skull","Strawberry","Torii","Busted Crown","PreservedInsect"],"potions_floor_usage":[23,23,30,33,37],"damage_taken":[{"damage":7.0,"enemies":"Small Slimes","floor":1.0,"turns":3.0},{"damage":0.0,"enemies":"Cultist","floor":2.0,"turns":3.0},{"damage":4.0,"enemies":"2 Louse","floor":3.0,"turns":3.0},{"damage":15.0,"enemies":"Exordium Thugs","floor":4.0,"turns":5.0},{"damage":4.0,"enemies":"3 Louse","floor":5.0,"turns":3.0},{"damage":35.0,"enemies":"3 Sentries","floor":6.0,"turns":8.0},{"damage":7.0,"enemies":"Gremlin Nob","floor":8.0,"turns":3.0},{"damage":0.0,"enemies":"2 Fungi Beasts","floor":12.0,"turns":4.0},{"damage":1.0,"enemies":"Blue Slaver","floor":14.0,"turns":4.0},{"damage":43.0,"enemies":"The Guardian","floor":16.0,"turns":11.0},{"damage":0.0,"enemies":"Spheric Guardian","floor":18.0,"turns":4.0},{"damage":16.0,"enemies":"Masked Bandits","floor":19.0,"turns":7.0},{"damage":17,"enemies":"2 Thieves","floor":20,"turns":5},{"damage":71,"enemies":"Book of Stabbing","floor":23,"turns":7},{"damage":3,"enemies":"Cultist and Chosen","floor":25,"turns":7},{"damage":15,"enemies":"Shelled Parasite and Fungi","floor":28,"turns":9},{"damage":20,"enemies":"Slavers","floor":30,"turns":6},{"damage":2,"enemies":"Centurion and Healer","floor":31,"turns":6},{"damage":7,"enemies":"Champ","floor":33,"turns":13},{"damage":24,"enemies":"3 Darklings","floor":35,"turns":9},{"damage":86,"enemies":"2 Orb Walkers","floor":37,"turns":7}],"seed_played":"8668041263515555818","potions_obtained":[{"floor":2.0,"key":"Block Potion"},{"floor":5.0,"key":"Ancient Potion"},{"floor":6.0,"key":"PowerPotion"},{"floor":12.0,"key":"SteroidPotion"},{"floor":14.0,"key":"SteroidPotion"},{"floor":18.0,"key":"GamblersBrew"},{"floor":20,"key":"Energy Potion"},{"floor":23,"key":"Dexterity Potion"},{"floor":28,"key":"FearPotion"}],"is_trial":false,"path_per_floor":["M","M","M","M","M","E","R","E","T","R","$","M","?","M","R","B",null,"M","?","M","$","?","E","R","M","T","R","M","$","E","M","R","B",null,"M","$","?"],"character_chosen":"IRONCLAD","items_purchased":["War Paint","Happy Flower","Potion Belt","Iron Wave","Metallicize","PreservedInsect"],"campfire_rested":2,"item_purchase_floors":[11,21,21,21,29,36],"current_hp_per_floor":[55,61,63,54,56,27,51,50,50,50,50,56,62,67,67,30,86,86,80,73,73,79,18,45,52,59,59,54,54,44,52,52,55,99,85,85,0],"gold":38,"neow_bonus":"TRANSFORM_TWO_CARDS","is_prod":false,"is_daily":false,"chose_seed":false,"campfire_upgraded":4,"win_rate":0,"timestamp":1557195607,"path_taken":["M","M","M","M","M","E","R","E","T","R","$","M","?","M","R","BOSS","M","?","M","$","?","E","R","M","T","R","M","$","E","?","R","BOSS","M","$","?"],"build_version":"2019-01-23","purchased_purges":2,"victory":false,"max_hp_per_floor":[80,80,80,80,80,80,80,80,80,80,80,80,86,86,86,86,86,86,86,86,86,92,92,92,92,99,99,99,99,99,99,99,99,99,99,99,99],"card_choices":[{"not_picked":["Cleave","Armaments"],"picked":"Anger","floor":1.0},{"not_picked":["Heavy Blade","Thunderclap"],"picked":"Cleave","floor":2.0},{"not_picked":["Wild Strike","Power Through"],"picked":"True Grit","floor":3.0},{"not_picked":["Carnage","Rupture"],"picked":"Flame Barrier","floor":4.0},{"not_picked":["Sword Boomerang","Pummel"],"picked":"Reckless Charge","floor":5.0},{"not_picked":["Brutality","Intimidate"],"picked":"Metallicize","floor":6.0},{"not_picked":["Bloodletting","Perfected Strike"],"picked":"Shrug It Off","floor":8.0},{"not_picked":["Rampage","Warcry"],"picked":"Iron Wave","floor":12.0},{"not_picked":["Twin Strike","Thunderclap"],"picked":"Body Slam","floor":14.0},{"not_picked":["Fiend Fire","Feed"],"picked":"Barricade","floor":16.0},{"not_picked":["Shrug It Off","Carnage"],"picked":"Cleave+1","floor":18.0},{"not_picked":["Body Slam","Flex"],"picked":"Ghostly Armor","floor":19},{"not_picked":["Havoc","True Grit"],"picked":"Clash+1","floor":20},{"not_picked":["Flex","Headbutt+1"],"picked":"Feel No Pain","floor":23},{"not_picked":["True Grit","Barricade"],"picked":"Pummel","floor":25},{"not_picked":["Combust","Shockwave"],"picked":"Second Wind","floor":28},{"not_picked":["Carnage+1","Sword Boomerang"],"picked":"Uppercut+1","floor":30},{"not_picked":["Rupture","Perfected Strike+1"],"picked":"Pommel Strike","floor":31},{"not_picked":["Immolate","Fiend Fire"],"picked":"Impervious","floor":33},{"not_picked":["Clothesline+1"],"picked":"SKIP","floor":35}],"player_experience":191973,"relics_obtained":[{"floor":6.0,"key":"Dodecahedron"},{"floor":8.0,"key":"Thread and Needle"},{"floor":9.0,"key":"Darkstone Periapt"},{"floor":19,"key":"Red Mask"},{"floor":23,"key":"Red Skull"},{"floor":26,"key":"Strawberry"},{"floor":30,"key":"Torii"}],"event_choices":[{"damage_healed":0.0,"max_hp_gain":0.0,"max_hp_loss":0.0,"gold_gain":275.0,"event_name":"Golden Shrine","player_choice":"Desecrate","floor":13.0,"gold_loss":0.0,"damage_taken":0.0,"cards_obtained":["Regret"]},{"damage_healed":0.0,"max_hp_gain":0.0,"max_hp_loss":0.0,"gold_gain":0.0,"event_name":"Masked Bandits","player_choice":"Fought Bandits","floor":19.0,"gold_loss":0.0,"damage_taken":0.0},{"damage_healed":0,"gold_gain":0,"player_choice":"1 cards matched","damage_taken":0,"max_hp_gain":0,"max_hp_loss":0,"event_name":"Match and Keep!","floor":22,"gold_loss":0,"cards_obtained":["Parasite"]},{"damage_healed":0,"gold_gain":0,"player_choice":"Fight","damage_taken":0,"max_hp_gain":0,"max_hp_loss":0,"event_name":"Mysterious Sphere","floor":37,"gold_loss":0}],"is_beta":false,"boss_relics":[{"not_picked":["Fusion Hammer","White Beast Statue"],"picked":"Black Blood"},{"not_picked":["Runic Pyramid","Coffee Dripper"],"picked":"Busted Crown"}],"items_purged_floors":[11,21],"is_endless":false,"potions_floor_spawned":[2,5,6,12,14,18,20,23,28],"killed_by":"2 Orb Walkers","ascension_level":3}