{"gold_per_floor":[112,123,97,110,110,129,129,129,129,129,155,155,184,199,199,272,272,284,334,223,241,302,302,313,313,313,363,34,0,0,19,19,97,97,116,166,233,283,67,94,94,94,94,105,105,133,14,30,30,30],"floor_reached":51,"playtime":3028,"items_purged":["Strike_G"],"score":1210,"play_id":"08cbcecf-9f41-4832-8e26-c1056c40ded0","local_time":"20180922161816","is_ascension_mode":true,"campfire_choices":[{"data":"Neutralize","floor":8.0,"key":"SMITH"},{"data":"Sucker Punch","floor":10.0,"key":"SMITH"},{"floor":12.0,"key":"REST"},{"data":"Skewer","floor":15.0,"key":"SMITH"},{"data":"A Thousand Cuts","floor":23.0,"key":"SMITH"},{"data":"Cloak And Dagger","floor":25.0,"key":"SMITH"},{"floor":30.0,"key":"REST"},{"floor":32.0,"key":"REST"},{"data":"Noxious Fumes","floor":41.0,"key":"SMITH"},{"floor":45.0,"key":"REST"},{"floor":49,"key":"REST"}],"neow_cost":"NONE","seed_source_timestamp":0,"circlet_count":0,"master_deck":["Defend_G","Defend_G","Defend_G","Defend_G","Defend_G","Strike_G","Strike_G","Strike_G","Strike_G","Survivor","Neutralize+1","AscendersBane","Cloak And Dagger+1","Slice","Deflect","Poisoned Stab","Sucker Punch+1","Skewer+1","Blur+1","Venomology+1","Backflip+1","Backstab","Dodge and Roll+1","PiercingWail+1","Noxious Fumes+1","A Thousand Cuts+1","Well Laid Plans+1","Leg Sweep+1","Dagger Throw+1","Malaise+1","PiercingWail+1","Expertise+1","Leg Sweep+1","Backflip+1","Quick Slash+1","Backflip+1","Footwork","Malaise+1"],"special_seed":0,"relics":["Ring of the Snake","SsserpentHead","Toxic Egg 2","Tingsha","Anchor","Orrery","Thread and Needle","Calipers","HoveringKite","Ice Cream","Snake Skull","Ginger","Mercury Hourglass","WingedGreaves"],"potions_floor_usage":[50,50,50],"damage_taken":[{"damage":1.0,"enemies":"2 Louse","floor":1.0,"turns":3.0},{"damage":0.0,"enemies":"Jaw Worm","floor":2.0,"turns":5.0},{"damage":0.0,"enemies":"Cultist","floor":4.0,"turns":5.0},{"damage":16.0,"enemies":"Large Slime","floor":6.0,"turns":8.0},{"damage":23.0,"enemies":"3 Sentries","floor":11.0,"turns":11.0},{"damage":25.0,"enemies":"Lagavulin","floor":13.0,"turns":7.0},{"damage":15.0,"enemies":"Slime Boss","floor":16.0,"turns":8.0},{"damage":10.0,"enemies":"Spheric Guardian","floor":18.0,"turns":8.0},{"damage":6.0,"enemies":"3 Byrds","floor":21.0,"turns":5.0},{"damage":0.0,"enemies":"Centurion and Healer","floor":22.0,"turns":9.0},{"damage":17.0,"enemies":"Sentry and Sphere","floor":24.0,"turns":6.0},{"damage":6.0,"enemies":"Cultist and Chosen","floor":31.0,"turns":8.0},{"damage":41.0,"enemies":"Automaton","floor":33.0,"turns":15.0},{"damage":0.0,"enemies":"3 Shapes","floor":35.0,"turns":6.0},{"damage":3.0,"enemies":"3 Darklings","floor":37.0,"turns":6.0},{"damage":0.0,"enemies":"Mind Bloom Boss Battle","floor":38.0,"turns":6.0},{"damage":7.0,"enemies":"2 Orb Walkers","floor":40.0,"turns":6.0},{"damage":0.0,"enemies":"Sphere and 2 Shapes","floor":42.0,"turns":1.0},{"damage":21.0,"enemies":"Spire Growth","floor":44.0,"turns":6.0},{"damage":39.0,"enemies":"Giant Head","floor":46.0,"turns":10.0},{"damage":0,"enemies":"4 Shapes","floor":48,"turns":5},{"damage":14,"enemies":"Donu and Deca","floor":50,"turns":14}],"seed_played":"-2719753015108729061","potions_obtained":[{"floor":0.0,"key":"SteroidPotion"},{"floor":0.0,"key":"Weak Potion"},{"floor":13.0,"key":"SkillPotion"},{"floor":21.0,"key":"Explosive Potion"},{"floor":22.0,"key":"Regen Potion"},{"floor":31.0,"key":"Regen Potion"},{"floor":35.0,"key":"Ancient Potion"},{"floor":40.0,"key":"Weak Potion"}],"is_trial":false,"path_per_floor":["M","M","$","M","?","M","?","R","T","R","E","R","E","?","R","B",null,"M","?","$","M","M","R","M","R","T","?","$","?","R","M","R","B",null,"M","?","M","?","$","E","R","M","T","M","R","E","$","M","R","B"],"character_chosen":"THE_SILENT","items_purchased":["Deflect","Noxious Fumes","Leg Sweep+1","Calipers","Snake Skull","Leg Sweep+1","Footwork","Dexterity Potion"],"campfire_rested":5,"item_purchase_floors":[3,20,28,28,39,39,47,47],"current_hp_per_floor":[58,58,58,58,58,42,42,42,42,42,19,38,13,29,29,14,53,43,43,43,37,37,37,35,35,35,17,17,17,38,32,53,27,60,60,60,57,57,57,50,50,50,50,29,50,11,11,11,32,18],"gold":30,"neow_bonus":"THREE_SMALL_POTIONS","is_prod":false,"is_daily":false,"chose_seed":false,"campfire_upgraded":6,"win_rate":0,"timestamp":1537658296,"path_taken":["M","M","$","M","?","M","?","R","T","R","E","R","E","?","R","BOSS","M","?","$","M","?","R","M","R","T","?","?","?","R","M","R","BOSS","M","?","?","?","$","E","R","M","T","M","R","E","$","M","R","BOSS"],"build_version":"2018-09-20","purchased_purges":1,"victory":true,"max_hp_per_floor":[66,66,66,66,66,66,66,66,66,66,66,66,66,66,66,66,66,66,66,66,66,66,66,66,66,66,71,71,71,71,71,71,71,71,71,71,71,71,71,71,71,71,71,71,71,71,71,71,71,71],"card_choices":[{"not_picked":["Outmaneuver","Acrobatics"],"picked":"Cloak And Dagger","floor":1.0},{"not_picked":["Bane","Outmaneuver"],"picked":"Slice","floor":2.0},{"not_picked":["Underhanded Strike","Dodge and Roll"],"picked":"Poisoned Stab","floor":4.0},{"not_picked":["Cloak And Dagger","Blade Dance"],"picked":"Sucker Punch","floor":6.0},{"not_picked":["Choke","Acrobatics+1"],"picked":"Skewer","floor":11.0},{"not_picked":["Adrenaline+1","Dagger Spray"],"picked":"Blur+1","floor":13.0},{"not_picked":["Tools of the Trade","Phantasmal Killer+1"],"picked":"Venomology+1","floor":16.0},{"not_picked":["Dodge and Roll+1","Blade Dance+1"],"picked":"Backflip+1","floor":17.0},{"not_picked":["Finisher","Sucker Punch"],"picked":"Backstab","floor":17.0},{"not_picked":["Accuracy","Well Laid Plans"],"picked":"Dodge and Roll+1","floor":17.0},{"not_picked":["Slice","Deflect+1"],"picked":"PiercingWail+1","floor":18.0},{"not_picked":["All Out Attack","Eviscerate+1"],"picked":"A Thousand Cuts","floor":21.0},{"not_picked":["Slice","Bane"],"picked":"Well Laid Plans+1","floor":22.0},{"not_picked":["Deadly Poison+1","Poisoned Stab","Underhanded Strike"],"picked":"SKIP","floor":24.0},{"not_picked":["Bane","Deflect+1"],"picked":"Dagger Throw+1","floor":31.0},{"not_picked":["After Image","Unload"],"picked":"Malaise+1","floor":33.0},{"not_picked":["Deadly Poison+1","Dagger Throw"],"picked":"PiercingWail+1","floor":35.0},{"not_picked":["Outmaneuver+1","Accuracy+1"],"picked":"Expertise+1","floor":37.0},{"not_picked":["Flying Knee","Prepared+1"],"picked":"Backflip+1","floor":40.0},{"not_picked":["Dodge and Roll+1","Blade Dance+1"],"picked":"Quick Slash+1","floor":44.0},{"not_picked":["Outmaneuver+1","Deflect+1"],"picked":"Backflip+1","floor":46.0},{"not_picked":["Heel Hook","Outmaneuver+1"],"picked":"Malaise+1","floor":48}],"player_experience":1192874,"relics_obtained":[{"floor":9.0,"key":"Toxic Egg 2"},{"floor":11.0,"key":"Tingsha"},{"floor":13.0,"key":"Anchor"},{"floor":26.0,"key":"Thread and Needle"},{"floor":38.0,"key":"Ice Cream"},{"floor":40.0,"key":"Ginger"},{"floor":43.0,"key":"Mercury Hourglass"},{"floor":46.0,"key":"WingedGreaves"}],"event_choices":[{"event_name":"Golden Idol","player_choice":"Ignored","floor":5.0,"damage_taken":0.0},{"event_name":"FaceTrader","player_choice":"Trade","floor":7.0,"damage_taken":0.0},{"event_name":"The Cleric","player_choice":"Healed","floor":14.0,"damage_taken":0.0},{"event_name":"The Mausoleum","player_choice":"No","floor":19.0,"damage_taken":0.0},{"event_name":"Forgotten Altar","player_choice":"Shed Blood","floor":27.0,"damage_taken":0.0},{"event_name":"Masked Bandits","player_choice":"Paid Fearfully","floor":29.0,"damage_taken":0.0},{"event_name":"Tomb of Lord Red Mask","player_choice":"Ignored","floor":36.0,"damage_taken":0.0},{"event_name":"MindBloom","player_choice":"Fight","floor":38.0,"damage_taken":0.0}],"is_beta":false,"boss_relics":[{"not_picked":["Philosopher\u0027s Stone","Ring of the Serpent"],"picked":"Orrery"},{"not_picked":["White Beast Statue","WristBlade"],"picked":"HoveringKite"}],"items_purged_floors":[20],"is_endless":false,"potions_floor_spawned":[1,13,21,22,31,35,38,40,48],"ascension_level":15}