{"path_per_floor":["M","?","M","?","M","R","M","?","T","M","$","M","E","M","R"],"character_chosen":"THE_SILENT","items_purchased":["Whetstone"],"gold_per_floor":[111,211,226,301,315,315,331,331,331,351,122,135,165,176,176,176],"floor_reached":16,"campfire_rested":1,"playtime":804,"item_purchase_floors":[11],"current_hp_per_floor":[35,35,35,24,22,22,21,21,21,20,20,20,16,11,32,0],"items_purged":["Strike_G"],"gold":176,"score":104,"play_id":"fee252c9-e542-4d9c-bf90-7e4402092bb4","local_time":"20180529202445","is_prod":false,"is_daily":false,"chose_seed":false,"is_ascension_mode":false,"campfire_upgraded":1,"win_rate":0,"timestamp":1527650685,"campfire_choices":[{"data":"Glass Knife","floor":6,"key":"SMITH"},{"floor":15,"key":"REST"}],"path_taken":["M","?","M","?","M","R","?","?","T","M","$","M","E","M","R","BOSS"],"build_version":"2018-05-24","seed_source_timestamp":28113507837469,"purchased_purges":1,"victory":false,"master_deck":["Defend_G","Defend_G","Defend_G","Defend_G","Defend_G","Strike_G","Strike_G+1","Strike_G","Survivor","Neutralize+1","Glass Knife+1","Backstab","Sucker Punch","Cloak And Dagger","Blur","Outmaneuver","Dodge and Roll","Deflect"],"max_hp_per_floor":[70,70,70,70,70,70,70,70,70,70,70,70,70,70,70,70],"relics":["Ring of the Snake","Darkstone Periapt","Whetstone","Blue Candle"],"card_choices":[{"not_picked":["Tactician","Grand Finale"],"picked":"Glass Knife","floor":0},{"not_picked":["Poisoned Stab","Slice"],"picked":"Backstab","floor":1},{"not_picked":["Caltrops","Prepared"],"picked":"Sucker Punch","floor":3},{"not_picked":["Outmaneuver","Dagger Throw"],"picked":"Cloak And Dagger","floor":5},{"not_picked":["Predator","Eviscerate"],"picked":"Blur","floor":7},{"not_picked":["Bane","Expertise","Poisoned Stab"],"picked":"SKIP","floor":10},{"not_picked":["Flechettes","Bane"],"picked":"Outmaneuver","floor":12},{"not_picked":["Slice","Flechettes"],"picked":"Dodge and Roll","floor":13},{"not_picked":["Distraction","Acrobatics"],"picked":"Deflect","floor":14}],"player_experience":376934,"potions_floor_usage":[16],"damage_taken":[{"damage":0,"enemies":"2 Louse","floor":1,"turns":2},{"damage":0,"enemies":"Cultist","floor":3,"turns":2},{"damage":2,"enemies":"Small Slimes","floor":5,"turns":2},{"damage":1,"enemies":"3 Louse","floor":7,"turns":3},{"damage":1,"enemies":"Blue Slaver","floor":10,"turns":2},{"damage":0,"enemies":"Large Slime","floor":12,"turns":3},{"damage":4,"enemies":"3 Sentries","floor":13,"turns":9},{"damage":5,"enemies":"Lots of Slimes","floor":14,"turns":5},{"damage":32,"enemies":"Slime Boss","floor":16,"turns":7}],"relics_obtained":[{"floor":9,"key":"Darkstone Periapt"},{"floor":13,"key":"Blue Candle"}],"event_choices":[{"event_name":"Wheel of Change","player_choice":"Gold","floor":2,"damage_taken":0},{"event_name":"World of Goop","player_choice":"Gather Gold","floor":4,"damage_taken":0},{"event_name":"Bonfire Elementals","player_choice":"BASIC","floor":8,"damage_taken":0}],"boss_relics":[],"items_purged_floors":[11],"potions_floor_spawned":[5,10],"seed_played":"133236314957860643","killed_by":"Slime Boss","ascension_level":0,"potions_obtained":[{"floor":5,"key":"AttackPotion"},{"floor":10,"key":"Dexterity Potion"}],"is_trial":false}