{"gold_per_floor":[111,121,121,121,396,429,429,453,453,503,503,28,23,64,64,159,159,177,177,210,46,71,111,111,146,146,190,190,211,211,236,236,325,325,339,21,36,105,129,173,173,216,239,277,300,323,343,356,356,356,356,356,356,31,72,72],"floor_reached":57,"playtime":3215,"items_purged":["Strike_G","Outmaneuver","All Out Attack+1"],"score":3516,"play_id":"f04e0a32-6f39-4c40-9191-2cc54aebf92c","local_time":"20190407222510","is_ascension_mode":true,"campfire_choices":[{"data":"All Out Attack","floor":7.0,"key":"SMITH"},{"floor":15.0,"key":"REST"},{"floor":24.0,"key":"REST"},{"data":"Adrenaline","floor":30.0,"key":"SMITH"},{"data":"Well Laid Plans","floor":32.0,"key":"SMITH"},{"data":"Catalyst","floor":41.0,"key":"SMITH"},{"floor":49.0,"key":"RECALL"},{"data":"Noxious Fumes","floor":53,"key":"SMITH"}],"neow_cost":"NONE","seed_source_timestamp":35597514689000,"circlet_count":0,"master_deck":["AscendersBane","Survivor","Neutralize","Footwork","Acrobatics+1","Infinite Blades","Well Laid Plans+1","Adrenaline+1","Concentrate","Corpse Explosion","Catalyst+1","Acrobatics","Underhanded Strike","Night Terror+1","Noxious Fumes+1","Expertise","Ghostly","Ghostly","Ghostly","Blade Dance","After Image","Tactician+1","Blur"],"special_seed":0,"relics":["Ring of the Snake","NeowsBlessing","Golden Idol","Singing Bowl","Bottled Tornado","Regal Pillow","Dead Branch","Ornamental Fan","Pandora\u0027s Box","Red Mask","War Paint","Bronze Scales","Omamori","Unceasing Top","Pocketwatch","Black Star","Medical Kit","Gambling Chip","Snake Skull","Mummified Hand","PreservedInsect","Mercury Hourglass","Centennial Puzzle","Smiling Mask","Mango","Meat on the Bone","Bottled Lightning","Torii","Pantograph"],"potions_floor_usage":[51,51],"damage_taken":[{"damage":0.0,"enemies":"2 Louse","floor":1.0,"turns":1.0},{"damage":0.0,"enemies":"Small Slimes","floor":2.0,"turns":1.0},{"damage":0.0,"enemies":"3 Sentries","floor":6.0,"turns":1.0},{"damage":0.0,"enemies":"Cultist","floor":8.0,"turns":3.0},{"damage":5.0,"enemies":"Exordium Thugs","floor":13.0,"turns":5.0},{"damage":24.0,"enemies":"Gremlin Nob","floor":14.0,"turns":4.0},{"damage":7.0,"enemies":"The Guardian","floor":16.0,"turns":15.0},{"damage":0.0,"enemies":"3 Byrds","floor":18.0,"turns":2.0},{"damage":8.0,"enemies":"Masked Bandits","floor":20.0,"turns":3.0},{"damage":2.0,"enemies":"2 Thieves","floor":22.0,"turns":3.0},{"damage":11.0,"enemies":"Book of Stabbing","floor":23.0,"turns":8.0},{"damage":3.0,"enemies":"Slavers","floor":25.0,"turns":2.0},{"damage":5.0,"enemies":"Book of Stabbing","floor":27.0,"turns":5.0},{"damage":0.0,"enemies":"Snake Plant","floor":29.0,"turns":4.0},{"damage":1.0,"enemies":"Centurion and Healer","floor":31.0,"turns":2.0},{"damage":0.0,"enemies":"Collector","floor":33.0,"turns":6.0},{"damage":0.0,"enemies":"Orb Walker","floor":35.0,"turns":4.0},{"damage":0.0,"enemies":"3 Shapes","floor":37.0,"turns":2.0},{"damage":2.0,"enemies":"2 Orb Walkers","floor":38.0,"turns":4.0},{"damage":0.0,"enemies":"Giant Head","floor":40.0,"turns":8.0},{"damage":5.0,"enemies":"Reptomancer","floor":42.0,"turns":2.0},{"damage":0.0,"enemies":"Giant Head","floor":44.0,"turns":2.0},{"damage":0.0,"enemies":"Sphere and 2 Shapes","floor":45.0,"turns":3.0},{"damage":0.0,"enemies":"Maw","floor":46.0,"turns":2.0},{"damage":0.0,"enemies":"Transient","floor":47.0,"turns":3.0},{"damage":7.0,"enemies":"Sphere and 2 Shapes","floor":48.0,"turns":3.0},{"damage":0.0,"enemies":"Time Eater","floor":50.0,"turns":2.0},{"damage":0,"enemies":"Awakened One","floor":51,"turns":8},{"damage":0,"enemies":"Shield and Spear","floor":55,"turns":3},{"damage":56,"enemies":"The Heart","floor":56,"turns":7}],"seed_played":"-6343479460348339971","potions_obtained":[{"floor":1.0,"key":"GamblersBrew"},{"floor":6.0,"key":"SkillPotion"},{"floor":16.0,"key":"Swift Potion"},{"floor":18.0,"key":"Ancient Potion"},{"floor":22.0,"key":"Fruit Juice"},{"floor":25.0,"key":"Energy Potion"},{"floor":31.0,"key":"Dexterity Potion"},{"floor":33.0,"key":"Dexterity Potion"},{"floor":45.0,"key":"GamblersBrew"}],"is_trial":false,"path_per_floor":["M","M","?","?","?","E","R","M","T","T","?","$","M","E","R","B",null,"M","?","?","$","M","E","R","E","T","E","T","M","R","M","R","B",null,"M","$","M","?","T","E","R","E","T","E","M","M","M","M","R","B","B",null,"R","$","E","B",null],"character_chosen":"THE_SILENT","items_purchased":["Dead Branch","Infinite Blades","War Paint","Medical Kit","Bottled Lightning"],"campfire_rested":2,"item_purchase_floors":[12,12,21,36,54],"current_hp_per_floor":[59,59,39,39,39,39,39,39,39,39,39,39,36,12,45,38,56,58,32,24,24,29,20,41,40,40,37,37,39,39,40,40,40,47,49,49,51,51,51,53,53,48,48,64,66,68,70,63,63,63,63,75,75,75,77,37],"gold":72,"neow_bonus":"THREE_ENEMY_KILL","is_prod":false,"is_daily":false,"chose_seed":false,"campfire_upgraded":5,"win_rate":0,"timestamp":1554647110,"path_taken":["M","M","?","?","?","E","R","?","T","?","?","$","?","E","R","BOSS","M","?","?","$","M","E","R","E","T","E","?","M","R","M","R","BOSS","M","$","M","?","?","E","R","E","T","E","M","?","M","M","R","BOSS","BOSS","R","$","E","BOSS"],"build_version":"2019-04-04","purchased_purges":3,"victory":true,"max_hp_per_floor":[66,66,66,60,60,60,60,60,60,60,60,60,62,62,62,62,62,64,32,32,32,39,41,41,43,43,45,45,47,47,49,49,49,49,51,51,53,55,55,57,57,57,57,73,75,77,79,79,79,79,79,79,79,79,81,81],"card_choices":[{"not_picked":["Cloak And Dagger","Outmaneuver"],"picked":"All Out Attack","floor":1.0},{"not_picked":["Flying Knee","Blade Dance","Bane"],"picked":"SKIP","floor":2.0},{"not_picked":["Bullet Time","Well Laid Plans"],"picked":"Footwork","floor":6.0},{"not_picked":["Sucker Punch","Setup"],"picked":"Acrobatics","floor":8.0},{"not_picked":["Deadly Poison","Dagger Spray","Infinite Blades"],"picked":"Singing Bowl","floor":13.0},{"not_picked":["Poisoned Stab","Die Die Die"],"picked":"Well Laid Plans","floor":14.0},{"not_picked":["Wraith Form v2","Die Die Die"],"picked":"Adrenaline","floor":16.0},{"not_picked":["Flying Knee","Terror","Bane"],"picked":"Singing Bowl","floor":18.0},{"not_picked":["Choke","Prepared"],"picked":"Blade Dance","floor":20.0},{"not_picked":["Flying Knee","Dodge and Roll","Prepared"],"picked":"Singing Bowl","floor":22.0},{"not_picked":["Phantasmal Killer","Outmaneuver","Setup"],"picked":"Singing Bowl","floor":23.0},{"not_picked":["Deadly Poison","Dagger Throw","Bane"],"picked":"Singing Bowl","floor":25.0},{"not_picked":["Dodge and Roll","Well Laid Plans","Prepared"],"picked":"Singing Bowl","floor":27.0},{"not_picked":["Catalyst","Acrobatics","Doppelganger"],"picked":"Singing Bowl","floor":29.0},{"not_picked":["Heel Hook","Outmaneuver","Quick Slash"],"picked":"Singing Bowl","floor":31.0},{"not_picked":["Envenom","Unload"],"picked":"After Image","floor":33.0},{"not_picked":["Quick Slash+1","Dagger Throw","PiercingWail"],"picked":"Singing Bowl","floor":35.0},{"not_picked":["Bane","Outmaneuver","Flechettes"],"picked":"Singing Bowl","floor":37.0},{"not_picked":["Finisher","Prepared","Backstab"],"picked":"Singing Bowl","floor":38.0},{"not_picked":["Escape Plan","PiercingWail","Distraction"],"picked":"Singing Bowl","floor":40.0},{"not_picked":["Deadly Poison","Wraith Form v2"],"picked":"Tactician+1","floor":42.0},{"not_picked":["Deflect","Dagger Spray","Prepared"],"picked":"Singing Bowl","floor":44.0},{"not_picked":["Backstab","Heel Hook","Skewer"],"picked":"Singing Bowl","floor":45.0},{"not_picked":["Dagger Throw+1","Prepared+1","Slice+1"],"picked":"Singing Bowl","floor":46.0},{"not_picked":["Acrobatics","Accuracy","Tools of the Trade"],"picked":"Singing Bowl","floor":47.0},{"not_picked":["Noxious Fumes","Heel Hook"],"picked":"Blur","floor":48.0},{"not_picked":["Slice+1","Underhanded Strike+1","Infinite Blades+1"],"picked":"Singing Bowl","floor":55}],"player_experience":1351421,"relics_obtained":[{"floor":6.0,"key":"Singing Bowl"},{"floor":9.0,"key":"Bottled Tornado"},{"floor":10.0,"key":"Regal Pillow"},{"floor":14.0,"key":"Ornamental Fan"},{"floor":20.0,"key":"Red Mask"},{"floor":23.0,"key":"Bronze Scales"},{"floor":25.0,"key":"Omamori"},{"floor":26.0,"key":"Unceasing Top"},{"floor":27.0,"key":"Pocketwatch"},{"floor":38.0,"key":"Gambling Chip"},{"floor":39.0,"key":"Snake Skull"},{"floor":40.0,"key":"Mummified Hand"},{"floor":40.0,"key":"PreservedInsect"},{"floor":42.0,"key":"Mercury Hourglass"},{"floor":42.0,"key":"Centennial Puzzle"},{"floor":43.0,"key":"Smiling Mask"},{"floor":44.0,"key":"Mango"},{"floor":44.0,"key":"Meat on the Bone"},{"floor":55,"key":"Torii"},{"floor":55,"key":"Pantograph"}],"event_choices":[{"damage_healed":0.0,"max_hp_gain":0.0,"max_hp_loss":0.0,"gold_gain":0.0,"event_name":"Shining Light","player_choice":"Entered Light","floor":3.0,"gold_loss":0.0,"damage_taken":20.0,"cards_upgraded":["Defend_G","Defend_G"]},{"damage_healed":0.0,"max_hp_gain":0.0,"max_hp_loss":6.0,"gold_gain":0.0,"event_name":"Golden Idol","player_choice":"Lose Max HP","floor":4.0,"gold_loss":0.0,"damage_taken":0.0,"relics_obtained":["Golden Idol"]},{"damage_healed":0.0,"max_hp_gain":0.0,"max_hp_loss":0.0,"gold_gain":275.0,"event_name":"Golden Shrine","player_choice":"Desecrate","floor":5.0,"gold_loss":0.0,"damage_taken":0.0,"cards_obtained":["Regret"]},{"cards_removed":["Regret"],"damage_healed":0.0,"max_hp_gain":0.0,"max_hp_loss":0.0,"gold_gain":0.0,"event_name":"Purifier","player_choice":"Purged","floor":11.0,"gold_loss":0.0,"damage_taken":0.0},{"damage_healed":0.0,"max_hp_gain":0.0,"max_hp_loss":32.0,"gold_gain":0.0,"event_name":"Ghosts","player_choice":"Became a Ghost","floor":19.0,"gold_loss":0.0,"damage_taken":0.0,"cards_obtained":["Ghostly","Ghostly","Ghostly"]},{"damage_healed":0.0,"max_hp_gain":0.0,"max_hp_loss":0.0,"gold_gain":0.0,"event_name":"Masked Bandits","player_choice":"Fought Bandits","floor":20.0,"gold_loss":0.0,"damage_taken":0.0},{"damage_healed":0.0,"max_hp_gain":0.0,"max_hp_loss":0.0,"gold_gain":0.0,"event_name":"Mysterious Sphere","player_choice":"Fight","floor":38.0,"gold_loss":0.0,"damage_taken":0.0}],"is_beta":true,"boss_relics":[{"not_picked":["Calling Bell","Sozu"],"picked":"Pandora\u0027s Box"},{"not_picked":["Orrery","Velvet Choker"],"picked":"Black Star"}],"items_purged_floors":[12,36,54],"is_endless":false,"potions_floor_spawned":[1,6,16,18,22,25,31,33,35,40,45,46,47],"ascension_level":20}