{"gold_per_floor":[210,210,12,12,12,12,47,47,47,47,88,112,112,112,112,211,211,225,246,270,295,313,313,313,313,338,43,86,86,104,137,137,233,233,252,252,265,265],"floor_reached":38,"playtime":1534,"items_purged":["Injury"],"score":840,"play_id":"8a32c367-2cea-4402-9923-e2c4a3ef3827","local_time":"25620211212239","is_ascension_mode":true,"campfire_choices":[{"data":"Armaments","floor":6.0,"key":"SMITH"},{"data":"Whirlwind","floor":8.0,"key":"SMITH"},{"floor":10.0,"key":"REST"},{"data":"Metallicize","floor":13.0,"key":"SMITH"},{"data":"Defend_R","floor":15.0,"key":"SMITH"},{"floor":23.0,"key":"REST"},{"floor":25.0,"key":"REST"},{"floor":29.0,"key":"REST"},{"floor":32,"key":"REST"}],"neow_cost":"NONE","seed_source_timestamp":13306479592703,"circlet_count":0,"master_deck":["AscendersBane","Strike_R","Strike_R","Strike_R","Strike_R","Strike_R","Defend_R","Defend_R","Defend_R","Defend_R+1","Bash+1","Uppercut+1","Armaments+1","Whirlwind+1","Warcry+1","Metallicize+1","Offering+1","Twin Strike+1","Battle Trance+1","Sentinel+1","Flame Barrier+1","PulseMagic+1","strawberrySpire:Urgency+1","Shrug It Off+1","Fiend Fire","Apotheosis+1"],"special_seed":0,"relics":["Burning Blood","Toxic Egg 2","Golden Idol","Red Skull","Blood Vial","ReplayTheSpireMod:TigerMarble","strawberrySpire:BonfireDress","halation:StarCompass","aspiration:FutureDiary","PreservedInsect","PrismaticShard","Omamori","Pen Nib","Cursed Key"],"potions_floor_usage":[33,33,38],"damage_taken":[{"damage":16.0,"enemies":"2 Louse","floor":1.0,"turns":3.0},{"damage":6.0,"enemies":"Gremlin Nob","floor":7.0,"turns":4.0},{"damage":34.0,"enemies":"Lagavulin","floor":11.0,"turns":6.0},{"damage":6.0,"enemies":"Jaw Worm","floor":12.0,"turns":5.0},{"damage":14.0,"enemies":"The Guardian","floor":16.0,"turns":11.0},{"damage":29.0,"enemies":"Shell Parasite","floor":18.0,"turns":10.0},{"damage":6.0,"enemies":"Chosen","floor":19.0,"turns":3.0},{"damage":15.0,"enemies":"Snecko","floor":20.0,"turns":5.0},{"damage":18.0,"enemies":"Snake Plant","floor":21.0,"turns":4.0},{"damage":8.0,"enemies":"Centurion and Healer","floor":22.0,"turns":4.0},{"damage":45.0,"enemies":"Slavers","floor":28.0,"turns":5.0},{"damage":20.0,"enemies":"Snecko","floor":30.0,"turns":7.0},{"damage":21.0,"enemies":"conspire:Head Lice","floor":31.0,"turns":3.0},{"damage":45,"enemies":"Collector","floor":33,"turns":8},{"damage":1,"enemies":"Orb Walker","floor":35,"turns":3},{"damage":17,"enemies":"3 Shapes","floor":37,"turns":4},{"damage":67,"enemies":"Maw","floor":38,"turns":7}],"seed_played":"-1998698185651508453","potions_obtained":[{"floor":11.0,"key":"Toxic Potion"},{"floor":18.0,"key":"SpeedPotion"},{"floor":22.0,"key":"Languid Potion"},{"floor":33,"key":"Elixir"}],"is_trial":false,"path_per_floor":["M","?","$","?","?","R","E","R","T","R","E","M","R","?","R","B",null,"M","M","M","M","M","R","?","R","T","$","E","R","M","E","R","B",null,"M","?","M","M"],"character_chosen":"IRONCLAD","items_purchased":["Armaments","Whirlwind","SkillPotion","PrismaticShard"],"campfire_rested":5,"item_purchase_floors":[3,3,3,27],"current_hp_per_floor":[58,58,58,58,58,58,58,58,58,68,40,42,42,42,42,36,60,39,41,34,24,24,44,44,64,64,64,27,47,42,29,49,12,54,61,61,52,0],"gold":265,"neow_bonus":"UPGRADE_CARD","is_prod":false,"is_daily":false,"chose_seed":false,"campfire_upgraded":4,"win_rate":0,"timestamp":1549894959,"path_taken":["M","?","$","?","?","R","E","R","T","R","E","M","R","?","R","BOSS","M","M","?","M","M","R","?","R","T","$","E","R","M","E","R","BOSS","M","?","M","?"],"build_version":"2019-01-23","purchased_purges":1,"victory":false,"max_hp_per_floor":[75,75,75,75,68,68,68,68,68,68,68,68,68,68,68,68,68,68,68,68,68,68,68,68,68,68,68,68,68,68,68,68,68,68,68,68,68,68],"card_choices":[{"not_picked":["Body Slam","Shrug It Off"],"picked":"Uppercut","floor":1.0},{"not_picked":["Pommel Strike","ReplayTheSpireMod:LeadingStrike"],"picked":"Warcry+1","floor":7.0},{"not_picked":["hubris:SharpeningStone+1","ReplayTheSpireMod:Corrosion Curse+1"],"picked":"Metallicize","floor":11.0},{"not_picked":["Thunderclap","strawberrySpire:Aggression+1","Carnage"],"picked":"SKIP","floor":12.0},{"not_picked":["Thunderclap","strawberrySpire:Aggression+1","Carnage"],"picked":"SKIP","floor":12.0},{"not_picked":["conspire:Purge+1","Limit Break+1"],"picked":"Offering+1","floor":16.0},{"not_picked":["Run Through","strawberrySpire:DebrisPile+1"],"picked":"Twin Strike+1","floor":18.0},{"not_picked":["strawberrySpire:ZonePlayer","Wild Strike+1"],"picked":"Battle Trance+1","floor":19.0},{"not_picked":["strawberrySpire:Spite","Reckless Charge"],"picked":"Sentinel+1","floor":20.0},{"not_picked":["conspire:Charge","Body Slam+1","Replay:Undeath\u0027s Touch"],"picked":"SKIP","floor":21.0},{"not_picked":["Power Through+1","Armaments+1"],"picked":"Flame Barrier+1","floor":22.0},{"not_picked":["Reboot+1","Muse+1"],"picked":"PulseMagic+1","floor":28.0},{"not_picked":["ReplayTheSpireMod:Strike From Hell","Dagger Spray"],"picked":"strawberrySpire:Urgency+1","floor":30.0},{"not_picked":["Komachi:EndlessWay","PulseMagic+1"],"picked":"Shrug It Off+1","floor":31.0},{"not_picked":["Searching+1","Fragmentalize"],"picked":"Fiend Fire","floor":33},{"not_picked":["Unstable Ward+1","Dagger Throw","DemonLordCradle"],"picked":"SKIP","floor":35},{"not_picked":["Replace+1","Final of Final","Komachi:SinnerSpirit+1"],"picked":"SKIP","floor":37}],"player_experience":369497,"relics_obtained":[{"floor":7.0,"key":"Red Skull"},{"floor":9.0,"key":"Blood Vial"},{"floor":11.0,"key":"ReplayTheSpireMod:TigerMarble"},{"floor":26.0,"key":"PreservedInsect"},{"floor":28.0,"key":"Omamori"},{"floor":31.0,"key":"Pen Nib"}],"event_choices":[{"damage_healed":0.0,"max_hp_gain":0.0,"max_hp_loss":0.0,"gold_gain":0.0,"event_name":"Living Wall","player_choice":"Grow","floor":2.0,"gold_loss":0.0,"damage_taken":0.0,"cards_upgraded":["Uppercut"]},{"damage_healed":0.0,"max_hp_gain":0.0,"max_hp_loss":7.0,"gold_gain":0.0,"event_name":"Golden Idol","player_choice":"Lose Max HP","floor":5.0,"gold_loss":0.0,"damage_taken":0.0,"relics_obtained":["Golden Idol"]},{"damage_healed":0.0,"max_hp_gain":0.0,"max_hp_loss":0.0,"gold_gain":0.0,"event_name":"Ghosts","player_choice":"Ignored","floor":24.0,"gold_loss":0.0,"damage_taken":0.0}],"is_beta":false,"boss_relics":[{"not_picked":["hubris:Backtick","Eternal Feather"],"picked":"aspiration:FutureDiary"},{"not_picked":["conspire:SeveredTorchhead","aspiration:PoetsPen_weak"],"picked":"Cursed Key"}],"items_purged_floors":[27],"is_endless":false,"potions_floor_spawned":[11,18,22,33],"killed_by":"Maw","ascension_level":20}