{"gold_per_floor":[114,125,142,160,160,160,185,204,204,220,249,249,171,182,182,254,254,266,266,71,71,71,71,89,89,89,89],"floor_reached":27,"playtime":1737,"items_purged":[],"score":390,"play_id":"7aa13864-901c-4f12-8863-24155745bd72","local_time":"20180728073957","is_ascension_mode":true,"campfire_choices":[{"data":"Zap","floor":6,"key":"SMITH"},{"floor":12,"key":"REST"},{"data":"Dualcast","floor":15,"key":"SMITH"},{"data":"Go for the Eyes","floor":25,"key":"SMITH"}],"neow_cost":"NONE","seed_source_timestamp":499937237487,"circlet_count":0,"master_deck":["Strike_B","Strike_B","Strike_B","Strike_B","Defend_B","Defend_B","Defend_B","Zap+1","Dualcast+1","AscendersBane","Conserve Battery","Leap","Sweeping Beam","Go for the Eyes+1","Rebound","Cold Snap","Barrage","Reboot","Skim","Streamline","Writhe"],"relics":["Cracked Core","Blue Candle","Question Card","Strawberry","Cursed Key","NlothsMask","HandDrill"],"potions_floor_usage":[4,11,16,16,27,27],"damage_taken":[{"damage":2,"enemies":"Jaw Worm","floor":1,"turns":3},{"damage":4,"enemies":"Small Slimes","floor":2,"turns":4},{"damage":6,"enemies":"Cultist","floor":3,"turns":4},{"damage":8,"enemies":"Exordium Wildlife","floor":4,"turns":3},{"damage":16,"enemies":"3 Sentries","floor":7,"turns":7},{"damage":0,"enemies":"Blue Slaver","floor":8,"turns":3},{"damage":0,"enemies":"Looter","floor":10,"turns":4},{"damage":15,"enemies":"Lagavulin","floor":11,"turns":7},{"damage":17,"enemies":"Exordium Thugs","floor":14,"turns":4},{"damage":26,"enemies":"Hexaghost","floor":16,"turns":15},{"damage":28,"enemies":"Shell Parasite","floor":18,"turns":7},{"damage":13,"enemies":"Chosen","floor":24,"turns":4},{"damage":22,"enemies":"Slavers","floor":27,"turns":3}],"seed_played":"-1790328956969976191","potions_obtained":[{"floor":10,"key":"Fire Potion"},{"floor":11,"key":"Weak Potion"},{"floor":16,"key":"FearPotion"},{"floor":18,"key":"Block Potion"}],"is_trial":false,"path_per_floor":["M","M","M","M","?","R","E","M","T","M","E","R","$","M","R","B",null,"M","?","$","?","?","?","M","R","T"],"character_chosen":"DEFECT","items_purchased":["Regen Potion","HandDrill"],"campfire_rested":1,"item_purchase_floors":[13,20],"current_hp_per_floor":[62,58,52,44,44,44,28,28,28,28,20,43,43,26,26,15,62,34,34,34,34,34,34,21,21,21,0],"gold":89,"neow_bonus":"THREE_SMALL_POTIONS","is_prod":false,"is_daily":false,"chose_seed":false,"campfire_upgraded":3,"win_rate":0,"timestamp":1532788797,"path_taken":["M","M","M","M","?","R","E","M","T","M","E","R","$","M","R","BOSS","M","?","$","?","?","?","M","R","T","E"],"build_version":"2018-07-26","purchased_purges":0,"victory":false,"max_hp_per_floor":[71,71,71,71,71,71,71,71,71,71,78,78,78,78,78,78,78,78,78,78,78,78,78,78,78,78,78],"card_choices":[{"not_picked":["Steam","Hologram"],"picked":"Conserve Battery","floor":1},{"not_picked":["Hologram","Melter"],"picked":"Leap","floor":2},{"not_picked":["Steam","Darkness","Stack"],"picked":"SKIP","floor":3},{"not_picked":["Leap","Force Field"],"picked":"Sweeping Beam","floor":4},{"not_picked":["Doom and Gloom","Sweeping Beam"],"picked":"Go for the Eyes","floor":7},{"not_picked":["Beam Cell","Gash","Chaos"],"picked":"SKIP","floor":8},{"not_picked":["Leap","Biased Cognition","Heatsinks"],"picked":"Rebound","floor":10},{"not_picked":["Compile Driver","Reboot","Gash"],"picked":"Cold Snap","floor":11},{"not_picked":["Self Repair","Redo","Darkness"],"picked":"Barrage","floor":14},{"not_picked":["Rainbow","Thunder Strike","Multi-Cast"],"picked":"Reboot","floor":16},{"not_picked":["Heatsinks","Sweeping Beam","Compile Driver"],"picked":"Skim","floor":18},{"not_picked":["Skim","Steam","Gash"],"picked":"Streamline","floor":24}],"player_experience":918081,"relics_obtained":[{"floor":7,"key":"Blue Candle"},{"floor":9,"key":"Question Card"},{"floor":11,"key":"Strawberry"}],"event_choices":[{"event_name":"Golden Idol","player_choice":"Ignored","floor":5,"damage_taken":0},{"event_name":"FaceTrader","player_choice":"Trade","floor":19,"damage_taken":0},{"event_name":"Ghosts","player_choice":"Ignored","floor":21,"damage_taken":0},{"event_name":"The Lab","player_choice":"Got Potions","floor":22,"damage_taken":0},{"event_name":"Purifier","player_choice":"One Purge","floor":23,"damage_taken":0}],"is_beta":false,"boss_relics":[{"not_picked":["Inserter","Empty Cage"],"picked":"Cursed Key"}],"items_purged_floors":[],"is_endless":false,"potions_floor_spawned":[2,10,11,16,18],"killed_by":"Slavers","ascension_level":15}