{"gold_per_floor":[212,224,299,299,323,323,138,151,151,3,19,49,49,83,83,181,181,201,235,235,250,261,296,296,326,326,326,326,326,344,360,360,360],"floor_reached":33,"playtime":2989,"items_purged":[],"score":322,"play_id":"ac34072b-d9fd-41c9-8b24-438840410316","local_time":"20181106192741","is_ascension_mode":true,"campfire_choices":[{"data":"Cleave","floor":6,"key":"SMITH"},{"data":"Mayhem","floor":13,"key":"SMITH"},{"floor":15,"key":"REST"},{"data":"Flame Barrier","floor":24,"key":"SMITH"},{"floor":29,"key":"REST"},{"floor":32,"key":"REST"}],"neow_cost":"NONE","seed_source_timestamp":2009885266466510,"circlet_count":0,"master_deck":["Strike_R","Strike_R","Strike_R+1","Strike_R","Strike_R+1","Defend_R","Defend_R","Defend_R","Defend_R","Bash","Cleave+1","Iron Wave","Mayhem+1","Flame Barrier+1","Heavy Blade","Whirlwind","Shrug It Off","Double Tap","Iron Wave+1","Evolve","Clothesline","Double Tap","Perfected Strike+1","J.A.X.","Wild Strike+1","Armaments+1"],"relics":["Black Blood","Strawberry","Du-Vu Doll","Lantern","Whetstone","Thread and Needle","Red Mask","StoneCalendar","Bottled Flame","Kunai"],"potions_floor_usage":[12,14,16,19,21,25,33],"damage_taken":[{"damage":6,"enemies":"Small Slimes","floor":1,"turns":4},{"damage":12,"enemies":"Jaw Worm","floor":2,"turns":2},{"damage":0,"enemies":"2 Louse","floor":8,"turns":2},{"damage":0,"enemies":"Large Slime","floor":11,"turns":5},{"damage":26,"enemies":"3 Sentries","floor":12,"turns":6},{"damage":31,"enemies":"Lagavulin","floor":14,"turns":5},{"damage":30,"enemies":"The Guardian","floor":16,"turns":11},{"damage":6,"enemies":"Spheric Guardian","floor":18,"turns":5},{"damage":8,"enemies":"Masked Bandits","floor":19,"turns":3},{"damage":0,"enemies":"Chosen","floor":21,"turns":5},{"damage":18,"enemies":"Snake Plant","floor":22,"turns":5},{"damage":14,"enemies":"Book of Stabbing","floor":23,"turns":6},{"damage":70,"enemies":"Gremlin Leader","floor":25,"turns":7},{"damage":24,"enemies":"Shelled Parasite and Fungi","floor":30,"turns":6},{"damage":9,"enemies":"Centurion and Healer","floor":31,"turns":6},{"damage":63,"enemies":"Automaton","floor":33,"turns":12}],"seed_played":"-5085967496169797488","potions_obtained":[{"floor":8,"key":"Regen Potion"},{"floor":12,"key":"SkillPotion"},{"floor":14,"key":"Fire Potion"},{"floor":16,"key":"Fire Potion"},{"floor":19,"key":"Block Potion"},{"floor":23,"key":"Poison Potion"},{"floor":31,"key":"SpeedPotion"}],"is_trial":false,"path_per_floor":["M","M","?","?","T","R","$","M","T","$","M","E","R","E","R","B",null,"M","?","$","M","M","E","R","E","T","?","?","R","M","M","R","B"],"character_chosen":"IRONCLAD","items_purchased":["Mayhem","Lantern"],"campfire_rested":3,"item_purchase_floors":[7,10],"current_hp_per_floor":[80,74,63,68,75,75,75,81,81,81,87,81,81,56,83,59,92,92,92,92,92,84,80,80,20,20,20,20,47,33,34,61,0],"gold":360,"neow_bonus":"HUNDRED_GOLD","is_prod":false,"is_daily":false,"chose_seed":false,"campfire_upgraded":3,"win_rate":0,"timestamp":1541550461,"path_taken":["M","M","?","?","?","R","$","M","T","$","M","E","R","E","R","BOSS","M","?","?","M","?","E","R","E","T","?","?","R","M","M","R","BOSS"],"build_version":"2018-11-01","purchased_purges":0,"victory":false,"max_hp_per_floor":[80,80,80,85,92,92,92,92,92,92,92,92,92,92,92,92,92,92,92,92,92,92,92,92,92,92,92,92,92,92,92,92,92],"card_choices":[{"not_picked":["Power Through","Dropkick"],"picked":"Cleave","floor":1},{"not_picked":["Twin Strike","Battle Trance"],"picked":"Iron Wave","floor":2},{"not_picked":["Uppercut","Cleave"],"picked":"Flame Barrier","floor":8},{"not_picked":["Searing Blow","Cleave"],"picked":"Heavy Blade","floor":11},{"not_picked":["Impervious","Fire Breathing"],"picked":"Whirlwind","floor":12},{"not_picked":["Bloodletting","Twin Strike"],"picked":"Shrug It Off","floor":14},{"not_picked":["Brutality","Feed"],"picked":"Double Tap","floor":16},{"not_picked":["Reckless Charge","Searing Blow"],"picked":"Iron Wave+1","floor":18},{"not_picked":["Sword Boomerang","Carnage"],"picked":"Evolve","floor":19},{"not_picked":["Sword Boomerang+1","Warcry"],"picked":"Clothesline","floor":21},{"not_picked":["Feed","Wild Strike","Body Slam"],"picked":"SKIP","floor":22},{"not_picked":["Armaments","Anger"],"picked":"Double Tap","floor":23},{"not_picked":["Evolve+1","Iron Wave"],"picked":"Perfected Strike+1","floor":25},{"not_picked":["Uppercut","Sever Soul"],"picked":"Wild Strike+1","floor":30},{"not_picked":["Combust","Pommel Strike"],"picked":"Armaments+1","floor":31}],"player_experience":100021,"relics_obtained":[{"floor":5,"key":"Strawberry"},{"floor":9,"key":"Du-Vu Doll"},{"floor":12,"key":"Whetstone"},{"floor":14,"key":"Thread and Needle"},{"floor":19,"key":"Red Mask"},{"floor":23,"key":"StoneCalendar"},{"floor":25,"key":"Bottled Flame"},{"floor":26,"key":"Kunai"}],"event_choices":[{"damage_healed":0,"gold_gain":75,"player_choice":"Gather Gold","damage_taken":11,"max_hp_gain":0,"max_hp_loss":0,"event_name":"World of Goop","floor":3,"gold_loss":0},{"damage_healed":0,"gold_gain":0,"player_choice":"Donut","damage_taken":0,"max_hp_gain":5,"max_hp_loss":0,"event_name":"Big Fish","floor":4,"gold_loss":0},{"damage_healed":0,"gold_gain":0,"player_choice":"Fought Bandits","damage_taken":0,"max_hp_gain":0,"max_hp_loss":0,"event_name":"Masked Bandits","floor":19,"gold_loss":0},{"damage_healed":0,"gold_gain":0,"player_choice":"Ignored","damage_taken":0,"max_hp_gain":0,"max_hp_loss":0,"event_name":"Vampires","floor":27,"gold_loss":0},{"damage_healed":0,"gold_gain":0,"player_choice":"Obtain J.A.X.","damage_taken":0,"max_hp_gain":0,"max_hp_loss":0,"event_name":"Drug Dealer","floor":28,"gold_loss":0,"cards_obtained":["J.A.X."]}],"is_beta":false,"boss_relics":[{"not_picked":["Philosopher\u0027s Stone","Snecko Eye"],"picked":"Black Blood"}],"items_purged_floors":[],"is_endless":false,"potions_floor_spawned":[8,12,14,16,19,23,31],"killed_by":"Automaton","ascension_level":2}