{"gold_per_floor":[214,226,245,245,210,235,235,246,246,246,262,296,306,306,306,379,379,396,321,334,347,374,374,28,54,54,1,17,51,61,26,26,26],"floor_reached":33,"playtime":1809,"items_purged":["Strike_G"],"score":520,"play_id":"9345e094-0dcb-4849-aab0-b176bb593cc3","local_time":"20181203124124","is_ascension_mode":true,"campfire_choices":[{"data":"Neutralize","floor":7,"key":"SMITH"},{"data":"Dodge and Roll","floor":10,"key":"SMITH"},{"data":"Deadly Poison","floor":15,"key":"SMITH"},{"floor":23,"key":"REST"},{"floor":32,"key":"REST"}],"neow_cost":"NONE","seed_source_timestamp":17047253822036,"circlet_count":0,"master_deck":["AscendersBane","Defend_G","Defend_G","Defend_G","Defend_G","Defend_G","Strike_G","Strike_G","Strike_G","Survivor","Neutralize+1","Flying Knee","Finisher","Dodge and Roll+1","Dagger Spray","Deadly Poison+1","After Image","Adrenaline","PiercingWail","Dagger Throw","Caltrops","Die Die Die","Backflip","PiercingWail","Flechettes+1","Backstab"],"relics":["Ring of the Snake","Smiling Mask","Ancient Tea Set","Question Card","Runic Dome","Red Mask","Dead Branch","Omamori","Torii","The Specimen"],"potions_floor_usage":[6,13,16,22,22,29,30],"damage_taken":[{"damage":2,"enemies":"Cultist","floor":1,"turns":5},{"damage":0,"enemies":"2 Louse","floor":2,"turns":3},{"damage":4,"enemies":"Small Slimes","floor":3,"turns":5},{"damage":22,"enemies":"3 Sentries","floor":6,"turns":8},{"damage":1,"enemies":"3 Louse","floor":8,"turns":3},{"damage":0,"enemies":"Exordium Wildlife","floor":11,"turns":6},{"damage":31,"enemies":"Lagavulin","floor":12,"turns":9},{"damage":0,"enemies":"Blue Slaver","floor":13,"turns":4},{"damage":20,"enemies":"The Guardian","floor":16,"turns":16},{"damage":14,"enemies":"Shell Parasite","floor":18,"turns":7},{"damage":11,"enemies":"Chosen","floor":20,"turns":6},{"damage":5,"enemies":"Snecko","floor":21,"turns":7},{"damage":14,"enemies":"Masked Bandits","floor":22,"turns":7},{"damage":19,"enemies":"Slavers","floor":25,"turns":7},{"damage":1,"enemies":"Centurion and Healer","floor":28,"turns":6},{"damage":11,"enemies":"Book of Stabbing","floor":29,"turns":5},{"damage":1,"enemies":"Snake Plant","floor":30,"turns":4},{"damage":44,"enemies":"Champ","floor":33,"turns":14}],"seed_played":"-7419726762593749480","potions_obtained":[{"floor":1,"key":"Fruit Juice"},{"floor":3,"key":"Explosive Potion"},{"floor":12,"key":"EssenceOfSteel"},{"floor":13,"key":"Dexterity Potion"},{"floor":21,"key":"Poison Potion"},{"floor":28,"key":"Block Potion"},{"floor":29,"key":"Poison Potion"}],"is_trial":false,"path_per_floor":["M","M","M","?","?","E","R","M","T","R","M","E","M","?","R","B",null,"M","?","M","M","?","R","$","E","T","$","M","E","M","$","R","B"],"character_chosen":"THE_SILENT","items_purchased":["Dead Branch","Backflip","Backstab"],"campfire_rested":2,"item_purchase_floors":[24,27,31],"current_hp_per_floor":[57,57,53,58,71,49,49,48,48,48,48,17,22,22,22,2,58,44,44,33,28,14,36,36,17,17,17,16,5,4,4,26,0],"gold":26,"neow_bonus":"HUNDRED_GOLD","is_prod":false,"is_daily":false,"chose_seed":false,"campfire_upgraded":3,"win_rate":0,"timestamp":1543869684,"path_taken":["M","M","M","?","?","E","R","M","T","R","M","E","M","?","R","BOSS","M","?","M","M","?","R","$","E","T","?","M","E","M","$","R","BOSS"],"build_version":"2018-11-15","purchased_purges":1,"victory":false,"max_hp_per_floor":[66,66,66,71,71,71,71,71,71,71,71,71,76,76,76,76,76,76,76,76,76,76,76,76,76,76,76,76,76,76,76,76,76],"card_choices":[{"not_picked":["Catalyst","Bane"],"picked":"Flying Knee","floor":1},{"not_picked":["Outmaneuver","Bane"],"picked":"Finisher","floor":2},{"not_picked":["Reflex","Acrobatics"],"picked":"Dodge and Roll","floor":3},{"not_picked":["Dodge and Roll","Prepared","Riddle With Holes"],"picked":"SKIP","floor":6},{"not_picked":["Outmaneuver","All Out Attack"],"picked":"Dagger Spray","floor":11},{"not_picked":["Concentrate","Unload"],"picked":"Deadly Poison","floor":12},{"not_picked":["Prepared","Outmaneuver","Acrobatics"],"picked":"After Image","floor":13},{"not_picked":["Night Terror","Grand Finale","Storm of Steel"],"picked":"Adrenaline","floor":16},{"not_picked":["Tactician","Dagger Throw","Underhanded Strike"],"picked":"PiercingWail","floor":18},{"not_picked":["Flying Knee","Slice+1","Concentrate","Sucker Punch"],"picked":"SKIP","floor":20},{"not_picked":["Poisoned Stab","Blade Dance","Flying Knee"],"picked":"Dagger Throw","floor":21},{"not_picked":["Outmaneuver","Flechettes","Riddle With Holes+1"],"picked":"Caltrops","floor":22},{"not_picked":["All Out Attack","Flying Knee","Outmaneuver"],"picked":"Die Die Die","floor":25},{"not_picked":["Bane","Deflect","Slice"],"picked":"PiercingWail","floor":28},{"not_picked":["Bane","Prepared","Flying Knee"],"picked":"Flechettes+1","floor":29},{"not_picked":["Expertise","Quick Slash","Dagger Spray+1","Outmaneuver"],"picked":"SKIP","floor":30}],"player_experience":1715336,"relics_obtained":[{"floor":6,"key":"Smiling Mask"},{"floor":9,"key":"Ancient Tea Set"},{"floor":12,"key":"Question Card"},{"floor":22,"key":"Red Mask"},{"floor":25,"key":"Omamori"},{"floor":26,"key":"Torii"},{"floor":29,"key":"The Specimen"}],"event_choices":[{"damage_healed":0,"gold_gain":0,"player_choice":"Donut","damage_taken":0,"max_hp_gain":5,"max_hp_loss":0,"event_name":"Big Fish","floor":4,"gold_loss":0},{"damage_healed":17,"gold_gain":0,"player_choice":"Healed","damage_taken":0,"max_hp_gain":0,"max_hp_loss":0,"event_name":"The Cleric","floor":5,"gold_loss":35},{"damage_healed":0,"gold_gain":0,"player_choice":"Ignored","damage_taken":0,"max_hp_gain":0,"max_hp_loss":0,"event_name":"Liars Game","floor":14,"gold_loss":0},{"cards_removed":["Strike_G"],"damage_healed":0,"gold_gain":0,"player_choice":"Gave Gold","damage_taken":0,"max_hp_gain":0,"max_hp_loss":0,"event_name":"Beggar","floor":19,"gold_loss":75},{"damage_healed":0,"gold_gain":0,"player_choice":"Fought Bandits","damage_taken":0,"max_hp_gain":0,"max_hp_loss":0,"event_name":"Masked Bandits","floor":22,"gold_loss":0}],"is_beta":false,"boss_relics":[{"not_picked":["Snecko Eye","Velvet Choker"],"picked":"Runic Dome"}],"items_purged_floors":[24],"is_endless":false,"potions_floor_spawned":[1,3,12,13,21,28,29],"killed_by":"Champ","ascension_level":15}