{"gold_per_floor":[112,127,127,141,151,151,184,184,184,203,216,19,39,71,71,170,170,182,182,182,201,57,57,87,87,87,106,14,14,39,39,39,39],"floor_reached":33,"playtime":981,"items_purged":["Seeing Red"],"score":371,"play_id":"df250501-e68a-4ff0-b02e-a886191fd5b3","local_time":"25610722122645","is_ascension_mode":true,"campfire_choices":[{"data":"Armaments","floor":6,"key":"SMITH"},{"data":"Cleave","floor":8,"key":"SMITH"},{"floor":15,"key":"REST"},{"floor":23,"key":"REST"},{"data":"Flex","floor":32,"key":"SMITH"}],"neow_cost":"","seed_source_timestamp":9057563480031,"circlet_count":0,"master_deck":["Strike_R","Strike_R","Strike_R","Defend_R","Defend_R","Defend_R","Defend_R","Bash","Armaments+1","Clash","Heavy Blade","Cleave+1","Twin Strike+1","Bandage Up","Metallicize","Flex+1","Wild Strike+1","Feed+1","Uppercut+1","Iron Wave+1","Ghostly Armor+1","Flex+1","Dramatic Entrance+1","Bludgeon+1"],"relics":["Burning Blood","Blue Candle","Molten Egg 2","Mercury Hourglass","Black Star","Regal Pillow","Centennial Puzzle","Happy Flower","Gremlin Horn","Ornamental Fan","Mummified Hand"],"potions_floor_usage":[7,10,13,16,25,33,33],"damage_taken":[{"damage":12,"enemies":"2 Louse","floor":1,"turns":3},{"damage":4,"enemies":"Small Slimes","floor":2,"turns":3},{"damage":9,"enemies":"Jaw Worm","floor":4,"turns":5},{"damage":10,"enemies":"3 Louse","floor":5,"turns":4},{"damage":32,"enemies":"Gremlin Nob","floor":7,"turns":4},{"damage":19,"enemies":"Exordium Thugs","floor":10,"turns":5},{"damage":5,"enemies":"Gremlin Gang","floor":11,"turns":3},{"damage":0,"enemies":"Exordium Wildlife","floor":13,"turns":3},{"damage":7,"enemies":"3 Sentries","floor":14,"turns":6},{"damage":39,"enemies":"The Guardian","floor":16,"turns":9},{"damage":27,"enemies":"Spheric Guardian","floor":18,"turns":4},{"damage":30,"enemies":"3 Byrds","floor":21,"turns":4},{"damage":51,"enemies":"Slavers","floor":24,"turns":5},{"damage":0,"enemies":"Snecko","floor":25,"turns":3},{"damage":9,"enemies":"3 Cultists","floor":27,"turns":3},{"damage":18,"enemies":"Gremlin Leader","floor":30,"turns":5},{"damage":73,"enemies":"Champ","floor":33,"turns":7}],"seed_played":"3296489535420414271","potions_obtained":[{"floor":2,"key":"LiquidBronze"},{"floor":7,"key":"Fire Potion"},{"floor":10,"key":"Strength Potion"},{"floor":11,"key":"Ancient Potion"},{"floor":14,"key":"LiquidBronze"},{"floor":21,"key":"SmokeBomb"},{"floor":30,"key":"EssenceOfSteel"}],"is_trial":false,"path_per_floor":["M","M","?","M","M","R","E","R","T","M","M","$","M","E","R","B",null,"M","?","?","M","$","R","E","M","T","M","$","?","E","?","R"],"character_chosen":"IRONCLAD","items_purchased":["Bandage Up","Metallicize","Regal Pillow","Dramatic Entrance+1"],"campfire_rested":2,"item_purchase_floors":[12,12,22,28],"current_hp_per_floor":[74,76,76,73,69,69,43,43,43,30,31,31,37,40,64,35,69,52,52,52,32,32,71,34,40,40,45,45,74,66,66,66,0],"gold":39,"neow_bonus":"","is_prod":false,"is_daily":false,"chose_seed":false,"campfire_upgraded":3,"win_rate":0,"timestamp":1532237205,"path_taken":["M","M","?","M","M","R","E","R","T","M","M","$","M","E","R","BOSS","M","?","?","M","$","R","E","M","T","?","$","?","E","?","R","BOSS"],"build_version":"2018-07-19v2","purchased_purges":1,"victory":false,"max_hp_per_floor":[80,80,80,80,80,80,80,80,80,80,80,80,80,80,80,80,80,80,80,80,80,80,80,84,84,84,88,88,88,88,88,88,88],"card_choices":[{"not_picked":["True Grit","Rage"],"picked":"Armaments","floor":1},{"not_picked":["Searing Blow","Feel No Pain","Warcry"],"picked":"SKIP","floor":2},{"not_picked":["Twin Strike","Havoc"],"picked":"Clash","floor":4},{"not_picked":["Entrench","Armaments"],"picked":"Heavy Blade","floor":5},{"not_picked":["Wild Strike","Perfected Strike"],"picked":"Cleave","floor":7},{"not_picked":["Spot Weakness","Heavy Blade+1"],"picked":"Twin Strike+1","floor":10},{"not_picked":["Flame Barrier","Perfected Strike+1"],"picked":"Seeing Red","floor":11},{"not_picked":["Reckless Charge+1","Headbutt+1"],"picked":"Flex","floor":13},{"not_picked":["Evolve","Intimidate"],"picked":"Wild Strike+1","floor":14},{"not_picked":["Demon Form","Impervious"],"picked":"Feed+1","floor":16},{"not_picked":["Sentinel","Clash+1"],"picked":"Uppercut+1","floor":18},{"not_picked":["Sword Boomerang+1","Rampage+1"],"picked":"Iron Wave+1","floor":21},{"not_picked":["Heavy Blade+1","Second Wind+1"],"picked":"Ghostly Armor+1","floor":24},{"not_picked":["Sword Boomerang+1","Perfected Strike+1"],"picked":"Flex+1","floor":27},{"not_picked":["Perfected Strike+1","Fire Breathing"],"picked":"Bludgeon+1","floor":30}],"player_experience":111433,"relics_obtained":[{"floor":7,"key":"Blue Candle"},{"floor":9,"key":"Molten Egg 2"},{"floor":14,"key":"Mercury Hourglass"},{"floor":24,"key":"Centennial Puzzle"},{"floor":24,"key":"Happy Flower"},{"floor":26,"key":"Gremlin Horn"},{"floor":30,"key":"Ornamental Fan"},{"floor":30,"key":"Mummified Hand"}],"event_choices":[{"event_name":"Living Wall","player_choice":"Forget","floor":3,"damage_taken":0},{"event_name":"Purifier","player_choice":"One Purge","floor":19,"damage_taken":0},{"event_name":"Vampires","player_choice":"Ignored","floor":20,"damage_taken":0},{"event_name":"The Library","player_choice":"Heal","floor":29,"damage_taken":0},{"event_name":"Addict","player_choice":"Ignored","floor":31,"damage_taken":0}],"is_beta":false,"boss_relics":[{"not_picked":["Mark of Pain","Lizard Tail"],"picked":"Black Star"}],"items_purged_floors":[12],"is_endless":false,"potions_floor_spawned":[2,7,10,11,14,21,30],"killed_by":"Champ","ascension_level":5}