{"gold_per_floor":[114,125,137,34,34,65,65,101,181,212,227,260,260,260,260,356,356,371,371,26,26,42,83,0,0,53,76,76,94,94,118,118,208,208,228,77,96,96,96,129,143,143,143,143,187,187,210,224,224,224,224,224,224,5,44,44],"floor_reached":57,"playtime":4095,"items_purged":["Writhe","Strike_B"],"score":3016,"play_id":"9469d9ea-9d25-4f46-aa1a-9a5dd0138ffb","local_time":"20190407130613","is_ascension_mode":true,"campfire_choices":[{"data":"Streamline","floor":7.0,"key":"SMITH"},{"data":"Discovery","floor":13.0,"key":"SMITH"},{"data":"Zap","floor":15.0,"key":"SMITH"},{"data":"Chaos","floor":25.0,"key":"SMITH"},{"data":"Seek","floor":28.0,"key":"SMITH"},{"data":"Dualcast","floor":30.0,"key":"SMITH"},{"data":"Hologram","floor":32.0,"key":"SMITH"},{"data":"Defragment","floor":42.0,"key":"SMITH"},{"floor":49.0,"key":"RECALL"},{"data":"Reboot","floor":53.0,"key":"SMITH"}],"neow_cost":"NONE","seed_source_timestamp":197561041600,"circlet_count":0,"master_deck":["AscendersBane","Strike_B","Strike_B","Strike_B","Defend_B","Defend_B","Defend_B","Defend_B","Zap+1","Dualcast+1","Streamline+1","Rebound","Discovery+1","All For One","FTL","Echo Form","Core Surge","Coolheaded+1","Go for the Eyes","Chaos+1","Glacier","Seek+1","Injury","Undo","Hologram+1","Reboot+1","Double Energy+1","Defragment+1","Capacitor","Amplify","Madness","Madness","Turbo+1","Parasite"],"special_seed":0,"relics":["Coffee Dripper","Golden Idol","Incense Burner","PreservedInsect","Matryoshka","Bottled Lightning","Potion Belt","Cursed Key","Membership Card","Meat on the Bone","Nunchaku","Tiny Chest","Anchor","Runic Pyramid","Pen Nib","Letter Opener","Vajra","Blue Candle","Mercury Hourglass"],"potions_floor_usage":[56],"damage_taken":[{"damage":0.0,"enemies":"Cultist","floor":1.0,"turns":3.0},{"damage":0.0,"enemies":"2 Louse","floor":2.0,"turns":3.0},{"damage":2.0,"enemies":"Jaw Worm","floor":3.0,"turns":2.0},{"damage":36.0,"enemies":"Gremlin Nob","floor":6.0,"turns":4.0},{"damage":0.0,"enemies":"Lagavulin","floor":8.0,"turns":7.0},{"damage":1.0,"enemies":"Gremlin Nob","floor":10.0,"turns":3.0},{"damage":1.0,"enemies":"Looter","floor":11.0,"turns":2.0},{"damage":0.0,"enemies":"Lagavulin","floor":12.0,"turns":5.0},{"damage":0.0,"enemies":"Large Slime","floor":14.0,"turns":2.0},{"damage":13.0,"enemies":"Hexaghost","floor":16.0,"turns":8.0},{"damage":0.0,"enemies":"3 Byrds","floor":18.0,"turns":2.0},{"damage":14.0,"enemies":"Shell Parasite","floor":22.0,"turns":4.0},{"damage":25.0,"enemies":"Slavers","floor":23.0,"turns":3.0},{"damage":7.0,"enemies":"Sentry and Sphere","floor":29.0,"turns":6.0},{"damage":0.0,"enemies":"Snecko","floor":31.0,"turns":5.0},{"damage":19.0,"enemies":"Automaton","floor":33.0,"turns":10.0},{"damage":0.0,"enemies":"3 Darklings","floor":35.0,"turns":6.0},{"damage":0.0,"enemies":"Orb Walker","floor":37.0,"turns":4.0},{"damage":7.0,"enemies":"Reptomancer","floor":40.0,"turns":7.0},{"damage":2.0,"enemies":"Jaw Worm Horde","floor":41.0,"turns":3.0},{"damage":0.0,"enemies":"Giant Head","floor":45.0,"turns":9.0},{"damage":0.0,"enemies":"Spire Growth","floor":47.0,"turns":6.0},{"damage":1.0,"enemies":"Writhing Mass","floor":48.0,"turns":7.0},{"damage":0.0,"enemies":"Awakened One","floor":50.0,"turns":13.0},{"damage":0.0,"enemies":"Donu and Deca","floor":51.0,"turns":12.0},{"damage":4.0,"enemies":"Shield and Spear","floor":55.0,"turns":5.0},{"damage":40,"enemies":"The Heart","floor":56,"turns":6}],"seed_played":"6434101807089492455","potions_obtained":[{"floor":2.0,"key":"SkillPotion"},{"floor":3.0,"key":"SmokeBomb"},{"floor":10.0,"key":"Dexterity Potion"},{"floor":23.0,"key":"FearPotion"},{"floor":31.0,"key":"PowerPotion"},{"floor":37.0,"key":"FocusPotion"},{"floor":41.0,"key":"FearPotion"}],"is_trial":false,"path_per_floor":["M","M","M","$","?","E","R","E","T","E","M","E","R","M","R","B",null,"M","?","$","?","M","E","$","R","T","T","R","M","R","M","R","B",null,"M","$","M","?","T","E","M","R","T","?","E","?","M","M","R","B","B",null,"R","$","E","B",null],"character_chosen":"DEFECT","items_purchased":["Discovery","Membership Card","Meat on the Bone","Glacier","Seek","Pen Nib","SkillPotion","Blue Candle","Energy Potion"],"campfire_rested":0,"item_purchase_floors":[4,20,20,24,24,36,36,54,54],"current_hp_per_floor":[64,64,62,62,62,26,26,26,26,25,24,24,24,24,24,11,51,51,51,51,51,37,24,24,24,24,24,24,29,29,41,41,34,57,57,57,57,57,57,50,48,48,48,48,48,36,36,35,35,35,35,57,57,57,53,25],"gold":44,"neow_bonus":"BOSS_RELIC","is_prod":false,"is_daily":false,"chose_seed":false,"campfire_upgraded":9,"win_rate":0,"timestamp":1554613573,"path_taken":["M","M","M","$","?","E","R","E","T","E","M","E","R","M","R","BOSS","M","?","$","?","M","E","?","R","T","?","R","M","R","M","R","BOSS","M","$","M","?","?","E","M","R","T","?","E","?","M","M","R","BOSS","BOSS","R","$","E","BOSS"],"build_version":"2019-01-23","purchased_purges":2,"victory":true,"max_hp_per_floor":[71,71,71,71,64,64,64,64,64,64,64,64,64,64,64,64,64,64,64,64,64,64,64,64,64,64,64,64,64,64,64,64,64,64,64,64,64,64,64,64,64,64,64,64,64,64,64,64,64,64,64,64,64,64,64,64],"card_choices":[{"not_picked":["Ball Lightning","Gash"],"picked":"Streamline","floor":1.0},{"not_picked":["Conserve Battery","Go for the Eyes"],"picked":"Rebound","floor":2.0},{"not_picked":["Go for the Eyes","Leap"],"picked":"BootSequence","floor":3.0},{"not_picked":["Cold Snap","Steam"],"picked":"All For One","floor":6.0},{"not_picked":["Leap","Conserve Battery"],"picked":"FTL","floor":8.0},{"not_picked":["Go for the Eyes","Barrage"],"picked":"Echo Form","floor":10.0},{"not_picked":["Tempest","Redo","Compile Driver"],"picked":"SKIP","floor":11.0},{"not_picked":["FTL","Loop","Barrage"],"picked":"SKIP","floor":12.0},{"not_picked":["FTL","Loop","Barrage"],"picked":"SKIP","floor":12.0},{"not_picked":["Amplify","Echo Form"],"picked":"Core Surge","floor":16.0},{"not_picked":["Lockon+1","Conserve Battery+1"],"picked":"Coolheaded+1","floor":18.0},{"not_picked":["Leap","Loop"],"picked":"Go for the Eyes","floor":22.0},{"not_picked":["Capacitor","Blizzard+1"],"picked":"Chaos","floor":23.0},{"not_picked":["Go for the Eyes","Conserve Battery"],"picked":"Undo","floor":29.0},{"not_picked":["Loop","Cold Snap"],"picked":"Hologram","floor":31.0},{"not_picked":["Seek","Thunder Strike"],"picked":"Reboot","floor":33.0},{"not_picked":["Gash","Lockon"],"picked":"Double Energy+1","floor":35.0},{"not_picked":["Barrage","Steam"],"picked":"Defragment","floor":37.0},{"not_picked":["Leap","Undo+1"],"picked":"Capacitor","floor":40.0},{"not_picked":["Fusion","Streamline"],"picked":"Amplify","floor":41.0},{"not_picked":["Ball Lightning","Sweeping Beam","Steam"],"picked":"SKIP","floor":45.0},{"not_picked":["Tempest","Redo"],"picked":"Turbo+1","floor":47.0},{"not_picked":["Beam Cell+1","Genetic Algorithm","Turbo+1"],"picked":"SKIP","floor":48.0},{"not_picked":["Sunder","Chill+1","Redo"],"picked":"SKIP","floor":55.0}],"player_experience":2950052,"relics_obtained":[{"floor":6.0,"key":"Incense Burner"},{"floor":8.0,"key":"PreservedInsect"},{"floor":9.0,"key":"Matryoshka"},{"floor":10.0,"key":"Bottled Lightning"},{"floor":12.0,"key":"Potion Belt"},{"floor":23.0,"key":"Nunchaku"},{"floor":26.0,"key":"Tiny Chest"},{"floor":26.0,"key":"Anchor"},{"floor":40.0,"key":"Letter Opener"},{"floor":45.0,"key":"Vajra"},{"floor":55.0,"key":"Mercury Hourglass"}],"event_choices":[{"damage_healed":0.0,"max_hp_gain":0.0,"max_hp_loss":7.0,"gold_gain":0.0,"event_name":"Golden Idol","player_choice":"Lose Max HP","floor":5.0,"gold_loss":0.0,"damage_taken":0.0,"relics_obtained":["Golden Idol"]},{"damage_healed":0.0,"max_hp_gain":0.0,"max_hp_loss":0.0,"gold_gain":0.0,"event_name":"The Mausoleum","player_choice":"Ignored","floor":19.0,"gold_loss":0.0,"damage_taken":0.0},{"damage_healed":0.0,"max_hp_gain":0.0,"max_hp_loss":0.0,"gold_gain":0.0,"event_name":"Beggar","player_choice":"Ignored","floor":21.0,"gold_loss":0.0,"damage_taken":0.0},{"damage_healed":0.0,"max_hp_gain":0.0,"max_hp_loss":0.0,"gold_gain":0.0,"event_name":"Tomb of Lord Red Mask","player_choice":"Ignored","floor":38.0,"gold_loss":0.0,"damage_taken":0.0},{"cards_removed":["BootSequence"],"damage_healed":0.0,"max_hp_gain":0.0,"max_hp_loss":0.0,"gold_gain":0.0,"event_name":"Falling","player_choice":"Removed Skill","floor":44.0,"gold_loss":0.0,"damage_taken":0.0},{"damage_healed":0.0,"max_hp_gain":0.0,"max_hp_loss":0.0,"gold_gain":0.0,"event_name":"Winding Halls","player_choice":"Embrace Madness","floor":46.0,"gold_loss":0.0,"damage_taken":12.0,"cards_obtained":["Madness","Madness"]}],"is_beta":false,"boss_relics":[{"not_picked":["Fusion Hammer","Philosopher\u0027s Stone"],"picked":"Cursed Key"},{"not_picked":["Inserter","Busted Crown"],"picked":"Runic Pyramid"}],"items_purged_floors":[36,54],"is_endless":false,"potions_floor_spawned":[2,3,10,11,14,23,31,37,41],"ascension_level":20}