{"gold_per_floor":[118,138,157,168,89,124,124,124,151,180,180,199,124,143,143,215,215,234,251,251,86,86,114,114,139,139,173,173,184,199,210,210,210],"floor_reached":33,"playtime":1986,"items_purged":["Strike_G"],"score":642,"play_id":"f0a7f351-24f6-4980-a50a-2cd8e20c777b","local_time":"20180823174633","is_ascension_mode":true,"campfire_choices":[{"data":"Neutralize","floor":7.0,"key":"SMITH"},{"data":"Terror","floor":11.0,"key":"SMITH"},{"data":"Leg Sweep","floor":15.0,"key":"SMITH"},{"floor":24.0,"key":"REST"},{"floor":28.0,"key":"REST"},{"floor":32.0,"key":"REST"}],"neow_cost":"NONE","seed_source_timestamp":21861625985907,"circlet_count":0,"master_deck":["Defend_G","Defend_G","Defend_G","Defend_G","Defend_G","Strike_G","Strike_G","Strike_G","Survivor","Neutralize+1","AscendersBane","Dagger Throw","Quick Slash","Infinite Blades","Leg Sweep+1","Terror+1","Well Laid Plans","Deflect","Adrenaline","Acrobatics","Discovery","Footwork"],"special_seed":0,"relics":["Ring of the Snake","Omamori","Blood Vial","Bronze Scales","Busted Crown","Ancient Tea Set","The Courier","Letter Opener","Happy Flower"],"potions_floor_usage":[33],"damage_taken":[{"damage":6.0,"enemies":"Cultist","floor":1.0,"turns":4.0},{"damage":0.0,"enemies":"Small Slimes","floor":2.0,"turns":4.0},{"damage":2.0,"enemies":"Jaw Worm","floor":3.0,"turns":4.0},{"damage":4.0,"enemies":"Red Slaver","floor":4.0,"turns":5.0},{"damage":17.0,"enemies":"Gremlin Nob","floor":6.0,"turns":5.0},{"damage":7.0,"enemies":"Lagavulin","floor":10.0,"turns":6.0},{"damage":0.0,"enemies":"3 Louse","floor":12.0,"turns":4.0},{"damage":6.0,"enemies":"Exordium Wildlife","floor":14.0,"turns":4.0},{"damage":0.0,"enemies":"The Guardian","floor":16.0,"turns":10.0},{"damage":16.0,"enemies":"Spheric Guardian","floor":18.0,"turns":4.0},{"damage":5.0,"enemies":"2 Thieves","floor":19.0,"turns":5.0},{"damage":10.0,"enemies":"Slavers","floor":23.0,"turns":8.0},{"damage":11.0,"enemies":"Gremlin Leader","floor":25.0,"turns":8.0},{"damage":17.0,"enemies":"Slavers","floor":27.0,"turns":6.0},{"damage":12.0,"enemies":"Snake Plant","floor":29.0,"turns":5.0},{"damage":10.0,"enemies":"Sentry and Sphere","floor":30.0,"turns":7.0},{"damage":9.0,"enemies":"3 Cultists","floor":31.0,"turns":3.0},{"damage":41,"enemies":"Automaton","floor":33,"turns":12}],"seed_played":"2623283058353375433","potions_obtained":[{"floor":3.0,"key":"Explosive Potion"},{"floor":4.0,"key":"Poison Potion"},{"floor":6.0,"key":"FearPotion"},{"floor":14.0,"key":"Strength Potion"},{"floor":16.0,"key":"Strength Potion"},{"floor":27.0,"key":"PowerPotion"}],"is_trial":false,"path_per_floor":["M","M","M","M","$","E","R","?","T","E","R","M","?","M","R","B",null,"M","M","?","$","?","E","R","E","T","E","R","M","M","M","R"],"character_chosen":"THE_SILENT","items_purchased":["Terror","Discovery"],"campfire_rested":3,"item_purchase_floors":[5,21],"current_hp_per_floor":[53,53,51,47,47,30,30,30,30,25,25,27,27,23,23,25,56,42,39,39,39,39,31,50,41,41,26,45,35,27,20,39,0],"gold":210,"neow_bonus":"THREE_CARDS","is_prod":false,"is_daily":false,"chose_seed":false,"campfire_upgraded":3,"win_rate":0,"timestamp":1535071593,"path_taken":["M","M","?","M","?","E","R","?","T","E","R","M","?","M","R","BOSS","M","M","?","$","?","E","R","E","T","E","R","M","?","M","R","BOSS"],"build_version":"2018-08-16","purchased_purges":1,"victory":false,"max_hp_per_floor":[66,66,66,66,66,66,66,66,66,66,66,66,66,66,66,66,66,66,66,66,66,66,66,66,66,66,66,66,66,66,66,66,66],"card_choices":[{"not_picked":["Poisoned Stab","Endless Agony"],"picked":"Dagger Throw","floor":0.0},{"not_picked":["Prepared","Blade Dance"],"picked":"Quick Slash","floor":1.0},{"not_picked":["Endless Agony","Dodge and Roll","PiercingWail"],"picked":"SKIP","floor":2.0},{"not_picked":["Doppelganger","Slice"],"picked":"Infinite Blades","floor":3.0},{"not_picked":["Crippling Poison","Slice"],"picked":"Leg Sweep","floor":4.0},{"not_picked":["Expertise","PiercingWail"],"picked":"Well Laid Plans","floor":6.0},{"not_picked":["Predator","Sucker Punch","Slice"],"picked":"SKIP","floor":10.0},{"not_picked":["Quick Slash","Bane","Underhanded Strike"],"picked":"SKIP","floor":12.0},{"not_picked":["Predator","Noxious Fumes"],"picked":"Deflect","floor":14.0},{"not_picked":["Tools of the Trade","Bullet Time"],"picked":"Adrenaline","floor":16.0},{"not_picked":[],"picked":"Acrobatics","floor":18.0},{"not_picked":["Deflect"],"picked":"SKIP","floor":19.0},{"not_picked":["Outmaneuver"],"picked":"SKIP","floor":23.0},{"not_picked":["Eviscerate"],"picked":"SKIP","floor":25.0},{"not_picked":["Flying Knee"],"picked":"SKIP","floor":27.0},{"not_picked":[],"picked":"Footwork","floor":29.0},{"not_picked":["Expertise"],"picked":"SKIP","floor":30.0},{"not_picked":["Deadly Poison"],"picked":"SKIP","floor":31.0}],"player_experience":1021467,"relics_obtained":[{"floor":6.0,"key":"Omamori"},{"floor":9.0,"key":"Blood Vial"},{"floor":10.0,"key":"Bronze Scales"},{"floor":23.0,"key":"Ancient Tea Set"},{"floor":25.0,"key":"The Courier"},{"floor":26.0,"key":"Letter Opener"},{"floor":27.0,"key":"Happy Flower"}],"event_choices":[{"event_name":"Shining Light","player_choice":"Ignored","floor":8.0,"damage_taken":0.0},{"event_name":"The Cleric","player_choice":"Card Removal","floor":13.0,"damage_taken":0.0},{"event_name":"Match and Keep!","player_choice":"0 cards matched","floor":20.0,"damage_taken":0.0},{"event_name":"Cursed Tome","player_choice":"Ignored","floor":22.0,"damage_taken":0.0}],"is_beta":false,"boss_relics":[{"not_picked":["Pandora\u0027s Box","Ring of the Serpent"],"picked":"Busted Crown"}],"items_purged_floors":[21],"is_endless":false,"potions_floor_spawned":[3,4,6,14,16,23,27,29,30,31],"killed_by":"Automaton","ascension_level":15}