{"gold_per_floor":[110,125,145,66,81,81,81,81,81,115,115,130,130,145,145,242,242,259,259,259,259,275,275,291,291,341,355,325,337,337,350,350,451,451,471,471,491,504,504],"floor_reached":39,"playtime":1355,"items_purged":[],"score":385,"play_id":"9fcc329d-5165-47d8-a2c2-74dda478d3f0","local_time":"20181216125535","is_ascension_mode":false,"campfire_choices":[{"data":"Armaments","floor":6,"key":"SMITH"},{"data":"Bash","floor":8,"key":"SMITH"},{"data":"Clothesline","floor":11,"key":"SMITH"},{"data":"Shrug It Off","floor":15,"key":"SMITH"},{"data":"Disarm","floor":23,"key":"SMITH"},{"data":"Defend_R","floor":25,"key":"SMITH"},{"data":"Defend_R","floor":30,"key":"SMITH"},{"floor":32,"key":"REST"}],"neow_cost":"NONE","seed_source_timestamp":15252784825174,"circlet_count":0,"master_deck":["Strike_R","Strike_R","Strike_R","Strike_R","Strike_R","Defend_R","Defend_R","Defend_R+1","Defend_R+1","Bash+1","Twin Strike","Armaments+1","Hemokinesis+1","Battle Trance","Clothesline+1","Shrug It Off+1","Pommel Strike","Inflame+1","Disarm+1","Thunderclap","Havoc+1","Armaments+1"],"relics":["Busted Crown"],"potions_floor_usage":[10,14,16,24,33,33,33,39,39,39],"damage_taken":[{"damage":5,"enemies":"Small Slimes","floor":1,"turns":3},{"damage":0,"enemies":"Cultist","floor":2,"turns":4},{"damage":2,"enemies":"2 Louse","floor":3,"turns":2},{"damage":2,"enemies":"Red Slaver","floor":5,"turns":3},{"damage":8,"enemies":"3 Sentries","floor":10,"turns":4},{"damage":4,"enemies":"2 Fungi Beasts","floor":12,"turns":3},{"damage":2,"enemies":"Lots of Slimes","floor":14,"turns":3},{"damage":5,"enemies":"Hexaghost","floor":16,"turns":8},{"damage":2,"enemies":"Chosen","floor":18,"turns":4},{"damage":20,"enemies":"3 Byrds","floor":22,"turns":6},{"damage":6,"enemies":"Cultist and Chosen","floor":24,"turns":6},{"damage":9,"enemies":"Centurion and Healer","floor":27,"turns":6},{"damage":2,"enemies":"Snake Plant","floor":29,"turns":4},{"damage":11,"enemies":"Shelled Parasite and Fungi","floor":31,"turns":5},{"damage":68,"enemies":"Automaton","floor":33,"turns":11},{"damage":6,"enemies":"Orb Walker","floor":35,"turns":4},{"damage":28,"enemies":"3 Darklings","floor":37,"turns":7},{"damage":26,"enemies":"Jaw Worm Horde","floor":38,"turns":5},{"damage":26,"enemies":"Sphere and 2 Shapes","floor":39,"turns":3}],"seed_played":"-5446870483534738718","potions_obtained":[{"floor":2,"key":"FearPotion"},{"floor":5,"key":"AttackPotion"},{"floor":10,"key":"SkillPotion"},{"floor":18,"key":"Regen Potion"},{"floor":24,"key":"Explosive Potion"},{"floor":28,"key":"Energy Potion"},{"floor":28,"key":"Poison Potion"},{"floor":33,"key":"LiquidBronze"},{"floor":38,"key":"EntropicBrew"}],"is_trial":false,"path_per_floor":["M","M","M","$","M","R","?","R","T","E","R","M","T","M","R","B",null,"M","$","?","?","M","R","M","R","T","M","?","M","R","M","R","B",null,"M","T","M","M","M"],"character_chosen":"IRONCLAD","items_purchased":["Battle Trance"],"campfire_rested":1,"item_purchase_floors":[4],"current_hp_per_floor":[75,75,73,73,71,71,71,71,71,63,63,59,59,57,57,52,80,78,78,78,78,58,58,67,67,67,58,58,56,56,45,69,1,80,74,74,46,20,0],"gold":504,"neow_bonus":"BOSS_RELIC","is_prod":false,"is_daily":false,"chose_seed":false,"campfire_upgraded":7,"win_rate":0,"timestamp":1544993735,"path_taken":["M","M","M","$","M","R","?","R","T","E","R","?","?","M","R","BOSS","M","$","?","?","M","R","?","R","T","M","?","M","R","?","R","BOSS","M","?","M","M","?"],"build_version":"2018-12-13","purchased_purges":0,"victory":false,"max_hp_per_floor":[80,80,80,80,80,80,80,80,80,80,80,80,80,80,80,80,80,80,80,80,80,80,80,80,80,80,80,80,80,80,80,80,80,80,80,80,80,80,80],"card_choices":[{"not_picked":[],"picked":"Twin Strike","floor":1},{"not_picked":[],"picked":"Armaments","floor":2},{"not_picked":[],"picked":"Hemokinesis","floor":3},{"not_picked":[],"picked":"Clothesline","floor":5},{"not_picked":["Blood for Blood"],"picked":"SKIP","floor":10},{"not_picked":[],"picked":"Shrug It Off","floor":12},{"not_picked":[],"picked":"Pommel Strike","floor":14},{"not_picked":[],"picked":"Inflame","floor":18},{"not_picked":[],"picked":"Thunderclap","floor":22},{"not_picked":["Burning Pact"],"picked":"SKIP","floor":24},{"not_picked":["Burning Pact"],"picked":"SKIP","floor":24},{"not_picked":[],"picked":"Havoc+1","floor":27},{"not_picked":["Clothesline+1"],"picked":"SKIP","floor":29},{"not_picked":["Twin Strike"],"picked":"SKIP","floor":31},{"not_picked":["Warcry"],"picked":"SKIP","floor":35},{"not_picked":[],"picked":"Armaments+1","floor":37},{"not_picked":["Sentinel"],"picked":"SKIP","floor":38}],"player_experience":1826017,"relics_obtained":[],"event_choices":[{"damage_healed":0,"gold_gain":0,"player_choice":"Upgraded","damage_taken":0,"max_hp_gain":0,"max_hp_loss":0,"event_name":"Upgrade Shrine","floor":7,"gold_loss":0,"cards_upgraded":["Hemokinesis"]},{"damage_healed":0,"gold_gain":0,"player_choice":"Read","damage_taken":0,"max_hp_gain":0,"max_hp_loss":0,"event_name":"The Library","floor":20,"gold_loss":0,"cards_obtained":["Disarm"]},{"damage_healed":0,"gold_gain":0,"player_choice":"Upgraded","damage_taken":0,"max_hp_gain":0,"max_hp_loss":0,"event_name":"Upgrade Shrine","floor":21,"gold_loss":0,"cards_upgraded":["Inflame"]},{"damage_healed":0,"gold_gain":0,"player_choice":"Bought 2 Potions","damage_taken":0,"max_hp_gain":0,"max_hp_loss":0,"event_name":"The Woman in Blue","floor":28,"gold_loss":0}],"is_beta":false,"boss_relics":[{"not_picked":["Philosopher\u0027s Stone","Pandora\u0027s Box","White Beast Statue"]},{"not_picked":["Snecko Eye","Fusion Hammer","Velvet Choker"]}],"items_purged_floors":[],"is_endless":false,"potions_floor_spawned":[2,5,10,18,24,31,33,38],"killed_by":"Sphere and 2 Shapes","ascension_level":0}