{"gold_per_floor":[111,111,111,127,142,142,153,169,169,169],"floor_reached":10,"playtime":316,"items_purged":[],"score":105,"play_id":"49efa646-231f-40ea-aad5-bfe6e31a0f0d","local_time":"20181209151917","is_ascension_mode":true,"campfire_choices":[{"data":"Defragment","floor":6,"key":"SMITH"}],"neow_cost":"NONE","seed_source_timestamp":119254740790816,"circlet_count":0,"master_deck":["AscendersBane","Strike_B","Strike_B+1","Strike_B","Defend_B","Defend_B","Defend_B","Defend_B","Zap","Dualcast","Undo+1","Defragment+1","BootSequence","FTL"],"special_seed":0,"relics":["Cracked Core","Dream Catcher"],"potions_floor_usage":[8,10],"damage_taken":[{"damage":4.0,"enemies":"Jaw Worm","floor":1.0,"turns":4.0},{"damage":2,"enemies":"2 Louse","floor":4,"turns":3},{"damage":0,"enemies":"Cultist","floor":5,"turns":5},{"damage":5,"enemies":"2 Fungi Beasts","floor":7,"turns":4},{"damage":18,"enemies":"Exordium Thugs","floor":8,"turns":5},{"damage":20,"enemies":"Lagavulin","floor":10,"turns":5}],"seed_played":"-4410166174800741931","potions_obtained":[{"floor":1.0,"key":"FocusPotion"},{"floor":5,"key":"Block Potion"}],"is_trial":false,"path_per_floor":["M","?","?","M","M","R","M","M","T","E"],"character_chosen":"DEFECT","items_purchased":[],"campfire_rested":0,"item_purchase_floors":[],"current_hp_per_floor":[60,39,28,26,26,26,21,3,3,0],"gold":169,"neow_bonus":"REMOVE_CARD","is_prod":false,"is_daily":false,"chose_seed":false,"campfire_upgraded":1,"win_rate":0,"timestamp":1544397557,"path_taken":["M","?","?","M","M","R","M","M","T","E"],"build_version":"2018-12-06","purchased_purges":0,"victory":false,"max_hp_per_floor":[71,71,71,71,71,71,71,71,71,71],"card_choices":[{"not_picked":["Aggregate","Barrage"],"picked":"Undo","floor":1.0},{"not_picked":["Steam","Hologram"],"picked":"Defragment","floor":4},{"not_picked":["Auto Shields","Hologram","Barrage"],"picked":"SKIP","floor":5},{"not_picked":["Hologram","White Noise"],"picked":"BootSequence","floor":7},{"not_picked":["Heatsinks","Undo"],"picked":"FTL","floor":8}],"player_experience":1765306,"relics_obtained":[],"event_choices":[{"damage_healed":0,"gold_gain":0,"player_choice":"Entered Light","damage_taken":21,"max_hp_gain":0,"max_hp_loss":0,"event_name":"Shining Light","floor":2,"gold_loss":0,"cards_upgraded":["Strike_B","Undo"]},{"damage_healed":0,"gold_gain":0,"player_choice":"Success","damage_taken":11,"relics_obtained":["Dream Catcher"],"max_hp_gain":0,"max_hp_loss":0,"event_name":"Scrap Ooze","floor":3,"gold_loss":0}],"is_beta":false,"boss_relics":[],"items_purged_floors":[],"is_endless":false,"potions_floor_spawned":[1,5],"killed_by":"Lagavulin","ascension_level":15}