{"gold_per_floor":[113,128,203,223,223,223,27,38,65,65,131,131,150,175,175,301,301,315,350,61,61,77,77],"floor_reached":23,"playtime":579,"items_purged":[],"score":284,"play_id":"4eaef0be-5fe2-46c1-940e-7a788e5d1d26","local_time":"25620220203117","is_ascension_mode":true,"campfire_choices":[{"data":"Zap","floor":6.0,"key":"SMITH"},{"data":"Sunder","floor":12.0,"key":"SMITH"},{"data":"Scrape","floor":15.0,"key":"SMITH"}],"neow_cost":"PERCENT_DAMAGE","seed_source_timestamp":16408949352741,"circlet_count":0,"master_deck":["AscendersBane","Strike_B","Strike_B","Defend_B","Defend_B","Defend_B","Zap+1","Dualcast","Jack Of All Trades","Swift Strike","Hello World","Self Repair","Go for the Eyes","Sunder+1","Coolheaded","Scrape+1","All For One","Core Surge+1","Core Surge+1","Undo+1","FTL","Streamline+1","Hyperbeam","Auto Shields","Discovery","RitualDagger","Hologram"],"special_seed":0,"relics":["Cracked Core","Pen Nib","Tiny Chest","Vajra","Golden Idol","Astrolabe"],"potions_floor_usage":[23,23],"damage_taken":[{"damage":2.0,"enemies":"Jaw Worm","floor":1.0,"turns":3.0},{"damage":10.0,"enemies":"2 Louse","floor":2.0,"turns":3.0},{"damage":0.0,"enemies":"Small Slimes","floor":4.0,"turns":2.0},{"damage":10.0,"enemies":"2 Fungi Beasts","floor":8.0,"turns":3.0},{"damage":0.0,"enemies":"Large Slime","floor":13.0,"turns":3.0},{"damage":0.0,"enemies":"3 Louse","floor":14.0,"turns":3.0},{"damage":19.0,"enemies":"Slime Boss","floor":16.0,"turns":8.0},{"damage":12,"enemies":"Shell Parasite","floor":18,"turns":3},{"damage":5,"enemies":"Chosen","floor":19,"turns":3},{"damage":0,"enemies":"Snecko","floor":22,"turns":3},{"damage":46,"enemies":"Book of Stabbing","floor":23,"turns":5}],"seed_played":"3337504049078372040","potions_obtained":[{"floor":1.0,"key":"FearPotion"},{"floor":2.0,"key":"Poison Potion"},{"floor":16.0,"key":"Strength Potion"},{"floor":18,"key":"SteroidPotion"}],"is_trial":false,"path_per_floor":["M","M","?","M","?","R","$","M","T","?","?","R","M","M","R","B",null,"M","M","$","?","M","E"],"character_chosen":"DEFECT","items_purchased":["Tiny Chest","Sunder","Hyperbeam","Auto Shields","Discovery"],"campfire_rested":0,"item_purchase_floors":[7,7,20,20,20],"current_hp_per_floor":[48,38,27,34,31,31,31,28,28,28,28,28,35,42,42,30,59,47,42,42,36,43,0],"gold":77,"neow_bonus":"RANDOM_COLORLESS_2","is_prod":false,"is_daily":false,"chose_seed":false,"campfire_upgraded":3,"win_rate":0,"timestamp":1550669477,"path_taken":["M","M","?","M","?","R","$","M","T","?","?","R","M","M","R","BOSS","M","M","$","?","M","E"],"build_version":"2019-01-23","purchased_purges":0,"victory":false,"max_hp_per_floor":[75,75,75,75,75,75,75,75,75,69,69,69,69,69,69,69,69,69,69,69,69,69,69],"card_choices":[{"not_picked":["Redo","Turbo"],"picked":"Hello World","floor":1.0},{"not_picked":["Streamline","Redo"],"picked":"Self Repair","floor":2.0},{"not_picked":["Steam","Heatsinks"],"picked":"Go for the Eyes","floor":4.0},{"not_picked":["Rip and Tear","Barrage","Stack"],"picked":"SKIP","floor":8.0},{"not_picked":["Storm","Multi-Cast"],"picked":"Coolheaded","floor":13.0},{"not_picked":["Hologram","Ball Lightning"],"picked":"Scrape","floor":14.0},{"not_picked":["Seek","Creative AI"],"picked":"All For One","floor":16.0},{"not_picked":["Consume+1","Redo"],"picked":"FTL","floor":18},{"not_picked":["Leap","Ball Lightning"],"picked":"Streamline+1","floor":19},{"not_picked":["Streamline","Rebound"],"picked":"Hologram","floor":22}],"player_experience":258512,"relics_obtained":[{"floor":9.0,"key":"Vajra"}],"event_choices":[{"damage_healed":0.0,"max_hp_gain":0.0,"max_hp_loss":0.0,"gold_gain":75.0,"event_name":"World of Goop","player_choice":"Gather Gold","floor":3.0,"gold_loss":0.0,"damage_taken":11.0},{"damage_healed":0.0,"max_hp_gain":0.0,"max_hp_loss":0.0,"gold_gain":0.0,"event_name":"Scrap Ooze","player_choice":"Success","floor":5.0,"gold_loss":0.0,"damage_taken":3.0,"relics_obtained":["Pen Nib"]},{"damage_healed":0.0,"max_hp_gain":0.0,"max_hp_loss":6.0,"gold_gain":0.0,"event_name":"Golden Idol","player_choice":"Lose Max HP","floor":10.0,"gold_loss":0.0,"damage_taken":0.0,"relics_obtained":["Golden Idol"]},{"damage_healed":0.0,"max_hp_gain":0.0,"max_hp_loss":0.0,"gold_gain":66.0,"event_name":"Golden Wing","player_choice":"Gained Gold","floor":11.0,"gold_loss":0.0,"damage_taken":0.0},{"damage_healed":0,"gold_gain":0,"player_choice":"Joined the Cult","damage_taken":6,"max_hp_gain":0,"max_hp_loss":0,"event_name":"Nest","floor":21,"gold_loss":0,"cards_obtained":["RitualDagger"]}],"is_beta":false,"boss_relics":[{"not_picked":["Inserter","Empty Cage"],"picked":"Astrolabe"}],"items_purged_floors":[],"is_endless":false,"potions_floor_spawned":[1,2,4,16,18],"killed_by":"Book of Stabbing","ascension_level":11}