{"gold_per_floor":[113,38,38,38,56,84,98,98],"floor_reached":8,"playtime":250,"items_purged":["Strike_B"],"score":112,"play_id":"7ab1a3dd-8f07-416e-ac52-c1bdd0fc62c8","local_time":"20190314001529","is_ascension_mode":true,"campfire_choices":[],"neow_cost":"TEN_PERCENT_HP_LOSS","seed_source_timestamp":22825876507300,"circlet_count":0,"master_deck":["AscendersBane","Strike_B","Strike_B","Defend_B","Defend_B","Defend_B","Defend_B","Zap+1","Dualcast","Core Surge","Beam Cell","Biased Cognition","Turbo","Recycle"],"special_seed":0,"relics":["Cracked Core","Calipers"],"potions_floor_usage":[],"damage_taken":[{"damage":0.0,"enemies":"2 Louse","floor":1.0,"turns":3.0},{"damage":2.0,"enemies":"Jaw Worm","floor":5.0,"turns":3.0},{"damage":20.0,"enemies":"Lagavulin","floor":6.0,"turns":5.0},{"damage":0.0,"enemies":"Cultist","floor":7.0,"turns":3.0},{"damage":32,"enemies":"Gremlin Nob","floor":8,"turns":4}],"seed_played":"5251366318498884433","potions_obtained":[{"floor":7.0,"key":"Dexterity Potion"}],"is_trial":false,"path_per_floor":["M","$","?","?","M","E","M","E"],"character_chosen":"DEFECT","items_purchased":[],"campfire_rested":0,"item_purchase_floors":[],"current_hp_per_floor":[64,64,57,57,55,35,35,3],"gold":98,"neow_bonus":"THREE_RARE_CARDS","is_prod":false,"is_daily":false,"chose_seed":true,"campfire_upgraded":0,"win_rate":0,"timestamp":1552493729,"path_taken":["M","$","?","?","M","E","?","E"],"build_version":"2019-01-23","purchased_purges":1,"victory":false,"max_hp_per_floor":[64,64,64,64,64,64,64,64],"card_choices":[{"not_picked":["Reboot","Fission"],"picked":"Core Surge","floor":0.0},{"not_picked":["Go for the Eyes","Gash"],"picked":"Beam Cell","floor":1.0},{"not_picked":["Stack","Go for the Eyes"],"picked":"Biased Cognition","floor":5.0},{"not_picked":["Fusion","Steam"],"picked":"Turbo","floor":6.0},{"not_picked":["Redo","Skim"],"picked":"Recycle","floor":7.0}],"player_experience":2819084,"relics_obtained":[{"floor":6.0,"key":"Calipers"}],"event_choices":[{"cards_removed":["Strike_B"],"damage_healed":0.0,"max_hp_gain":0.0,"max_hp_loss":0.0,"gold_gain":0.0,"event_name":"Golden Wing","player_choice":"Card Removal","floor":3.0,"gold_loss":0.0,"damage_taken":7.0},{"damage_healed":0.0,"max_hp_gain":0.0,"max_hp_loss":0.0,"gold_gain":0.0,"event_name":"Upgrade Shrine","player_choice":"Upgraded","floor":4.0,"gold_loss":0.0,"damage_taken":0.0,"cards_upgraded":["Zap"]}],"is_beta":false,"boss_relics":[],"items_purged_floors":[2],"is_endless":false,"potions_floor_spawned":[7],"killed_by":"Gremlin Nob","ascension_level":20}