{"gold_per_floor":[112,20,20,40,215,247,258,258,258,271,271,283,311,323,335,448,460,485,43,43,43,43,47,47,47,93,93,108,124,124,24,24,124,124,143,243,243,257,257],"floor_reached":39,"playtime":2740,"items_purged":["Doubt","Strike_G"],"score":503,"play_id":"d4fc0494-e0f9-4f23-a4ce-c35de75356fa","local_time":"20190411133725","is_ascension_mode":true,"campfire_choices":[{"floor":11.0,"key":"REST"},{"floor":15.0,"key":"REST"},{"floor":24.0,"key":"REST"},{"floor":27.0,"key":"REST"},{"data":"Catalyst","floor":32.0,"key":"SMITH"}],"neow_cost":"NONE","seed_source_timestamp":6908516165555,"circlet_count":0,"master_deck":["Defend_G","Defend_G","Defend_G","Defend_G","Defend_G","Strike_G","Strike_G","Strike_G","Strike_G","Survivor","Neutralize","Dagger Spray","Jack Of All Trades","Catalyst+1","Poisoned Stab","Deadly Poison","Bane","Crippling Poison","Leg Sweep","Catalyst+1","Envenom","Bane+1","Noxious Fumes","Dash","Deadly Poison","Deadly Poison+1","Envenom","Backflip+1","Poisoned Stab+1"],"special_seed":0,"relics":["Ring of the Serpent","NeowsBlessing","Prayer Wheel","Paper Crane","Shuriken","MawBank","Mango","The Specimen","MutagenicStrength","PreservedInsect","Lizard Tail","Calipers"],"potions_floor_usage":[],"damage_taken":[{"damage":0.0,"enemies":"Cultist","floor":1.0,"turns":1.0},{"damage":0.0,"enemies":"Small Slimes","floor":4.0,"turns":1.0},{"damage":0.0,"enemies":"Lagavulin","floor":6.0,"turns":1.0},{"damage":0.0,"enemies":"2 Louse","floor":7.0,"turns":2.0},{"damage":11.0,"enemies":"Looter","floor":10.0,"turns":4.0},{"damage":0.0,"enemies":"Large Slime","floor":12.0,"turns":3.0},{"damage":21.0,"enemies":"3 Sentries","floor":13.0,"turns":12.0},{"damage":23.0,"enemies":"Slime Boss","floor":16.0,"turns":9.0},{"damage":24.0,"enemies":"Shell Parasite","floor":18.0,"turns":9.0},{"damage":10.0,"enemies":"Colosseum Slavers","floor":22.0,"turns":3.0},{"damage":16.0,"enemies":"2 Thieves","floor":23.0,"turns":5.0},{"damage":12.0,"enemies":"Snake Plant","floor":28.0,"turns":3.0},{"damage":25.0,"enemies":"Shelled Parasite and Fungi","floor":29.0,"turns":6.0},{"damage":31.0,"enemies":"Champ","floor":33.0,"turns":7.0},{"damage":39.0,"enemies":"3 Darklings","floor":35.0,"turns":6.0},{"damage":9.0,"enemies":"Mind Bloom Boss Battle","floor":36.0,"turns":6.0},{"damage":12.0,"enemies":"Orb Walker","floor":38.0,"turns":4.0},{"damage":72,"enemies":"Spire Growth","floor":39,"turns":6}],"seed_played":"-574813512958565550","potions_obtained":[{"floor":4.0,"key":"Energy Potion"},{"floor":6.0,"key":"PowerPotion"},{"floor":10.0,"key":"Weak Potion"},{"floor":29.0,"key":"Ancient Potion"},{"floor":33.0,"key":"SkillPotion"},{"floor":35.0,"key":"Energy Potion"},{"floor":38.0,"key":"Explosive Potion"}],"is_trial":false,"path_per_floor":["M","$","$","M","?","E","M","?","T","M","R","M","E","?","R","B",null,"M","$","?","?","?","M","R","$","T","R","M","M","?","$","R","B",null,"M","?","?","M","M"],"character_chosen":"THE_SILENT","items_purchased":["Jack Of All Trades","The Specimen","Noxious Fumes"],"campfire_rested":4,"item_purchase_floors":[2,19,19],"current_hp_per_floor":[70,70,70,70,70,70,70,58,58,47,68,68,47,61,84,61,84,60,60,60,60,50,34,59,59,59,84,72,47,75,75,75,44,84,45,36,36,24,0],"gold":257,"neow_bonus":"THREE_ENEMY_KILL","is_prod":false,"is_daily":false,"chose_seed":false,"campfire_upgraded":1,"win_rate":0,"timestamp":1554986245,"path_taken":["M","?","$","M","?","E","M","?","T","M","R","M","E","?","R","BOSS","M","$","?","?","?","M","R","?","T","R","?","M","?","?","R","BOSS","M","?","?","M","?"],"build_version":"2019-01-23","purchased_purges":2,"victory":false,"max_hp_per_floor":[70,70,70,70,70,70,70,70,70,70,70,70,70,84,84,84,84,84,84,84,84,84,84,84,84,84,84,84,84,84,84,84,84,84,84,84,84,84,84],"card_choices":[{"not_picked":["Sucker Punch","Slice"],"picked":"Dagger Spray","floor":1.0},{"not_picked":["Underhanded Strike","Flying Knee"],"picked":"Catalyst","floor":4.0},{"not_picked":["Blade Dance","Blur"],"picked":"Poisoned Stab","floor":6.0},{"not_picked":["Dagger Spray","Bane"],"picked":"Deadly Poison","floor":7.0},{"not_picked":["Concentrate","Prepared","Dagger Throw"],"picked":"SKIP","floor":7.0},{"not_picked":["Slice","Acrobatics"],"picked":"Bane","floor":10.0},{"not_picked":["Burst","Deadly Poison"],"picked":"Crippling Poison","floor":10.0},{"not_picked":["Eviscerate","Expertise"],"picked":"Leg Sweep","floor":12.0},{"not_picked":["Backflip","Tactician","Acrobatics"],"picked":"SKIP","floor":12.0},{"not_picked":["Calculated Gamble","Sucker Punch"],"picked":"Catalyst","floor":13.0},{"not_picked":["Malaise","Glass Knife"],"picked":"Envenom","floor":16.0},{"not_picked":["Setup","Blade Dance"],"picked":"Bane+1","floor":18.0},{"not_picked":["Dagger Throw","Blade Dance","Dagger Spray"],"picked":"SKIP","floor":18.0},{"not_picked":["Bullet Time","Underhanded Strike"],"picked":"Dash","floor":23.0},{"not_picked":["Concentrate","Finisher","Dagger Spray+1"],"picked":"SKIP","floor":23.0},{"not_picked":["Endless Agony","Outmaneuver","Prepared"],"picked":"SKIP","floor":28.0},{"not_picked":["Outmaneuver","Eviscerate+1","Well Laid Plans+1"],"picked":"SKIP","floor":28.0},{"not_picked":["Backflip","Reflex"],"picked":"Deadly Poison","floor":29.0},{"not_picked":["Prepared+1","Outmaneuver"],"picked":"Deadly Poison+1","floor":29.0},{"not_picked":["Adrenaline","A Thousand Cuts"],"picked":"Envenom","floor":33.0},{"not_picked":["PiercingWail+1","Riddle With Holes"],"picked":"Backflip+1","floor":35.0},{"not_picked":["PiercingWail","Dagger Spray+1","Heel Hook+1"],"picked":"SKIP","floor":35.0},{"not_picked":["Quick Slash","Dagger Spray+1"],"picked":"Poisoned Stab+1","floor":38.0},{"not_picked":["Acrobatics","Flechettes","Expertise"],"picked":"SKIP","floor":38.0}],"player_experience":571823,"relics_obtained":[{"floor":6.0,"key":"Prayer Wheel"},{"floor":9.0,"key":"Shuriken"},{"floor":13.0,"key":"MawBank"},{"floor":26.0,"key":"PreservedInsect"},{"floor":36.0,"key":"Calipers"}],"event_choices":[{"damage_healed":0.0,"max_hp_gain":0.0,"max_hp_loss":0.0,"gold_gain":175.0,"event_name":"Liars Game","player_choice":"AGREE","floor":5.0,"gold_loss":0.0,"damage_taken":0.0,"cards_obtained":["Doubt"]},{"damage_healed":0.0,"max_hp_gain":0.0,"max_hp_loss":0.0,"gold_gain":0.0,"event_name":"Scrap Ooze","player_choice":"Success","floor":8.0,"gold_loss":0.0,"damage_taken":12.0,"relics_obtained":["Paper Crane"]},{"damage_healed":0.0,"max_hp_gain":0.0,"max_hp_loss":0.0,"gold_gain":0.0,"event_name":"Dead Adventurer","player_choice":"Searched \u00271\u0027 times","floor":14.0,"gold_loss":0.0,"damage_taken":0.0,"relics_obtained":["Mango"]},{"damage_healed":0.0,"max_hp_gain":0.0,"max_hp_loss":0.0,"gold_gain":0.0,"event_name":"Drug Dealer","player_choice":"Inject Mutagens","floor":20.0,"gold_loss":0.0,"damage_taken":0.0,"relics_obtained":["MutagenicStrength"]},{"damage_healed":0.0,"max_hp_gain":0.0,"max_hp_loss":0.0,"gold_gain":0.0,"event_name":"Vampires","player_choice":"Ignored","floor":21.0,"gold_loss":0.0,"damage_taken":0.0},{"damage_healed":0.0,"max_hp_gain":0.0,"max_hp_loss":0.0,"gold_gain":0.0,"event_name":"Colosseum","player_choice":"Fight","floor":22.0,"gold_loss":0.0,"damage_taken":0.0},{"damage_healed":0.0,"max_hp_gain":0.0,"max_hp_loss":0.0,"gold_gain":0.0,"event_name":"Colosseum","player_choice":"Fled From Nobs","floor":22.0,"gold_loss":0.0,"damage_taken":0.0},{"damage_healed":28.0,"max_hp_gain":0.0,"max_hp_loss":0.0,"gold_gain":0.0,"event_name":"The Library","player_choice":"Heal","floor":30.0,"gold_loss":0.0,"damage_taken":0.0},{"damage_healed":0.0,"max_hp_gain":0.0,"max_hp_loss":0.0,"gold_gain":0.0,"event_name":"MindBloom","player_choice":"Fight","floor":36.0,"gold_loss":0.0,"damage_taken":0.0},{"damage_healed":0.0,"max_hp_gain":0.0,"max_hp_loss":0.0,"gold_gain":0.0,"event_name":"Upgrade Shrine","player_choice":"Upgraded","floor":37.0,"gold_loss":0.0,"damage_taken":0.0,"cards_upgraded":["Catalyst"]}],"is_beta":false,"boss_relics":[{"not_picked":["Runic Dome","Orrery"],"picked":"Ring of the Serpent"},{"not_picked":["Busted Crown","Pandora\u0027s Box"],"picked":"Lizard Tail"}],"items_purged_floors":[19,31],"is_endless":false,"potions_floor_spawned":[4,6,10,12,22,29,33,35,38],"killed_by":"Spire Growth","ascension_level":3}