{"gold_per_floor":[119,134,134,134,149,184,184,196,220,220,70,70,87,116,116,221,221,232,242,259,277,1,1,34,34,57,57,57,73,23,39,39,139,139,158,86,97,0,11,11,336,336,336,42,71,35,54,68,68,68],"floor_reached":51,"playtime":4188,"items_purged":["Pain","Defend_B","Decay"],"score":1372,"play_id":"f56f101a-d7aa-4a15-8b7d-847c313b04c7","local_time":"20181228045907","is_ascension_mode":true,"campfire_choices":[{"floor":7.0,"key":"REST"},{"floor":12.0,"key":"REST"},{"data":"Redo","floor":15.0,"key":"SMITH"},{"floor":23.0,"key":"REST"},{"data":"Dualcast","floor":25.0,"key":"SMITH"},{"floor":32.0,"key":"REST"},{"data":"Thunder Strike","floor":40.0,"key":"SMITH"},{"data":"Ghostly","floor":49,"key":"SMITH"}],"neow_cost":"NONE","seed_source_timestamp":53297956134814,"circlet_count":0,"master_deck":["AscendersBane","Strike_B","Strike_B","Strike_B+1","Defend_B","Defend_B+1","Defend_B","Zap+1","Dualcast+1","Sunder+1","Redo+1","Conserve Battery","Steam","Glacier","Auto Shields","Scrape+1","Biased Cognition","Rebound+1","Chill","Go for the Eyes+1","Hologram","Defragment","Darkness","Gash+1","Ghostly+1","Ghostly","Ghostly","Ghostly","Ghostly","Melter+1","Echo Form","Thunder Strike+1","Stack+1","Loop","Redo+1","Hologram+1","Redo+1","Scrape+1","Capacitor","Heatsinks+1"],"special_seed":0,"relics":["Cracked Core","NeowsBlessing","Pen Nib","Bag of Preparation","Happy Flower","Omamori","Calling Bell","Smiling Mask","Gremlin Horn","Thread and Needle","Dream Catcher","Ice Cream","Whetstone","Enchiridion","Cursed Key","Red Mask","Old Coin","FossilizedHelix","Pear","Ancient Tea Set"],"potions_floor_usage":[47,50,50],"damage_taken":[{"damage":0.0,"enemies":"Cultist","floor":1.0,"turns":1.0},{"damage":0.0,"enemies":"Jaw Worm","floor":2.0,"turns":1.0},{"damage":0.0,"enemies":"Small Slimes","floor":5.0,"turns":1.0},{"damage":41.0,"enemies":"Lagavulin","floor":6.0,"turns":8.0},{"damage":6.0,"enemies":"Red Slaver","floor":8.0,"turns":3.0},{"damage":0.0,"enemies":"Gremlin Gang","floor":13.0,"turns":5.0},{"damage":0.0,"enemies":"3 Sentries","floor":14.0,"turns":4.0},{"damage":16.0,"enemies":"The Guardian","floor":16.0,"turns":15.0},{"damage":7.0,"enemies":"2 Thieves","floor":18.0,"turns":4.0},{"damage":8.0,"enemies":"Shell Parasite","floor":19.0,"turns":6.0},{"damage":4.0,"enemies":"Snecko","floor":20.0,"turns":4.0},{"damage":21.0,"enemies":"Centurion and Healer","floor":21.0,"turns":12.0},{"damage":0.0,"enemies":"Slavers","floor":24.0,"turns":9.0},{"damage":0.0,"enemies":"Snake Plant","floor":29.0,"turns":5.0},{"damage":12.0,"enemies":"Snecko","floor":31.0,"turns":6.0},{"damage":0.0,"enemies":"Champ","floor":33.0,"turns":12.0},{"damage":0.0,"enemies":"3 Darklings","floor":35.0,"turns":6.0},{"damage":0.0,"enemies":"Orb Walker","floor":37.0,"turns":3.0},{"damage":0.0,"enemies":"4 Shapes","floor":39.0,"turns":7.0},{"damage":0.0,"enemies":"Reptomancer","floor":41.0,"turns":6.0},{"damage":0.0,"enemies":"Nemesis","floor":45.0,"turns":5.0},{"damage":0,"enemies":"Spire Growth","floor":47,"turns":6},{"damage":0,"enemies":"Maw","floor":48,"turns":8},{"damage":15,"enemies":"Donu and Deca","floor":50,"turns":11}],"seed_played":"-5141457011425525972","potions_obtained":[{"floor":1.0,"key":"Weak Potion"},{"floor":5.0,"key":"SneckoOil"},{"floor":13.0,"key":"Explosive Potion"},{"floor":16.0,"key":"LiquidBronze"},{"floor":19.0,"key":"FocusPotion"},{"floor":21.0,"key":"Poison Potion"},{"floor":24.0,"key":"FocusPotion"},{"floor":33.0,"key":"Fire Potion"},{"floor":41.0,"key":"Fire Potion"},{"floor":45.0,"key":"Block Potion"},{"floor":47,"key":"FocusPotion"}],"is_trial":false,"path_per_floor":["M","M","?","?","M","E","R","M","T","?","$","R","M","E","R","B",null,"M","M","M","M","$","R","E","R","T","?","?","M","$","M","R","B",null,"M","$","M","?","M","R","E","?","T","$","E","$","M","R","B",null],"character_chosen":"DEFECT","items_purchased":["Happy Flower","Dream Catcher","Defragment","Loop","Pear","Capacitor"],"campfire_rested":4,"item_purchase_floors":[11,22,22,36,44,46],"current_hp_per_floor":[68,68,61,46,46,5,27,21,21,21,21,43,43,43,43,27,63,56,48,44,23,23,45,45,45,45,29,29,29,29,17,28,28,35,35,35,35,35,35,35,35,35,35,45,45,45,45,45,45,30],"gold":68,"neow_bonus":"THREE_ENEMY_KILL","is_prod":false,"is_daily":false,"chose_seed":false,"campfire_upgraded":4,"win_rate":0,"timestamp":1545969547,"path_taken":["M","?","?","?","M","E","R","M","T","?","$","R","?","E","R","BOSS","M","?","M","M","$","R","E","R","T","?","?","M","$","M","R","BOSS","M","$","M","?","M","R","E","?","T","$","E","$","M","M","R","BOSS"],"build_version":"2018-12-25","purchased_purges":3,"victory":true,"max_hp_per_floor":[75,75,75,75,75,75,75,75,75,75,75,75,75,75,75,75,75,75,75,75,75,75,75,75,75,75,75,37,37,37,37,37,37,37,37,37,37,37,37,37,37,35,35,45,45,45,45,45,45,45],"card_choices":[{"not_picked":["FTL","Compile Driver"],"picked":"Sunder","floor":1.0},{"not_picked":["Compile Driver","Redo","Sweeping Beam"],"picked":"SKIP","floor":2.0},{"not_picked":["Compile Driver","Sweeping Beam"],"picked":"Redo","floor":2.0},{"not_picked":["Cold Snap","Compile Driver"],"picked":"Conserve Battery","floor":5.0},{"not_picked":["Steam Power","Skim"],"picked":"Steam","floor":6.0},{"not_picked":["Stack","Fusion"],"picked":"Glacier","floor":8.0},{"not_picked":["Redo","Cold Snap"],"picked":"Auto Shields","floor":13.0},{"not_picked":["Compile Driver","Leap"],"picked":"Scrape","floor":14.0},{"not_picked":["Fission","Rainbow"],"picked":"Biased Cognition","floor":16.0},{"not_picked":["Conserve Battery","Lockon"],"picked":"Rebound+1","floor":18.0},{"not_picked":["Redo","Rebound"],"picked":"Chill","floor":19.0},{"not_picked":["Sweeping Beam","Darkness"],"picked":"Go for the Eyes+1","floor":20.0},{"not_picked":["Coolheaded+1","Static Discharge"],"picked":"Hologram","floor":21.0},{"not_picked":["Chill","Rebound"],"picked":"Darkness","floor":23.0},{"not_picked":["Glacier","Sweeping Beam"],"picked":"Gash+1","floor":24.0},{"not_picked":["Redo","Heatsinks","Conserve Battery"],"picked":"SKIP","floor":29.0},{"not_picked":["Chaos","Barrage"],"picked":"Melter+1","floor":31.0},{"not_picked":["Sweeping Beam","Sunder"],"picked":"Echo Form","floor":32.0},{"not_picked":["Meteor Strike","Creative AI"],"picked":"Thunder Strike","floor":33.0},{"not_picked":["Leap","Coolheaded"],"picked":"Stack+1","floor":35.0},{"not_picked":["Chill","Compile Driver+1"],"picked":"Redo+1","floor":37.0},{"not_picked":["Reprogram+1","BootSequence+1"],"picked":"Hologram+1","floor":39.0},{"not_picked":["Aggregate+1","Cold Snap+1"],"picked":"Redo+1","floor":41.0},{"not_picked":["Heatsinks+1","Capacitor+1"],"picked":"Scrape+1","floor":45.0},{"not_picked":["Turbo+1","Barrage","Hologram"],"picked":"SKIP","floor":47},{"not_picked":["Redo","Steam Power"],"picked":"Heatsinks+1","floor":48}],"player_experience":323902,"relics_obtained":[{"floor":6.0,"key":"Pen Nib"},{"floor":9.0,"key":"Bag of Preparation"},{"floor":14.0,"key":"Omamori"},{"floor":17.0,"key":"Smiling Mask"},{"floor":17.0,"key":"Gremlin Horn"},{"floor":17.0,"key":"Thread and Needle"},{"floor":24.0,"key":"Ice Cream"},{"floor":26.0,"key":"Whetstone"},{"floor":27.0,"key":"Enchiridion"},{"floor":41.0,"key":"Old Coin"},{"floor":43.0,"key":"FossilizedHelix"},{"floor":45.0,"key":"Ancient Tea Set"}],"event_choices":[{"cards_removed":["Strike_B"],"damage_healed":0.0,"max_hp_gain":0.0,"max_hp_loss":0.0,"gold_gain":0.0,"event_name":"Golden Wing","player_choice":"Card Removal","floor":3.0,"gold_loss":0.0,"damage_taken":7.0},{"damage_healed":0.0,"max_hp_gain":0.0,"max_hp_loss":0.0,"gold_gain":0.0,"event_name":"Shining Light","player_choice":"Entered Light","floor":4.0,"gold_loss":0.0,"damage_taken":15.0,"cards_upgraded":["Defend_B","Strike_B"]},{"damage_healed":0.0,"max_hp_gain":0.0,"max_hp_loss":0.0,"gold_gain":0.0,"event_name":"Upgrade Shrine","player_choice":"Upgraded","floor":10.0,"gold_loss":0.0,"damage_taken":0.0,"cards_upgraded":["Zap"]},{"damage_healed":0.0,"max_hp_gain":0.0,"max_hp_loss":0.0,"gold_gain":0.0,"event_name":"Cursed Tome","player_choice":"Obtained Book","floor":27.0,"gold_loss":0.0,"damage_taken":16.0},{"damage_healed":0.0,"max_hp_gain":0.0,"max_hp_loss":38.0,"gold_gain":0.0,"event_name":"Ghosts","player_choice":"Became a Ghost","floor":28.0,"gold_loss":0.0,"damage_taken":0.0,"cards_obtained":["Ghostly","Ghostly","Ghostly","Ghostly","Ghostly"]},{"damage_healed":0.0,"max_hp_gain":0.0,"max_hp_loss":0.0,"gold_gain":0.0,"event_name":"Tomb of Lord Red Mask","player_choice":"Paid","floor":38.0,"gold_loss":97.0,"damage_taken":0.0,"relics_obtained":["Red Mask"]},{"damage_healed":0.0,"max_hp_gain":0.0,"max_hp_loss":2.0,"gold_gain":0.0,"event_name":"Winding Halls","player_choice":"Max HP","floor":42.0,"gold_loss":0.0,"damage_taken":0.0}],"is_beta":true,"boss_relics":[{"not_picked":["Empty Cage","Nuclear Battery"],"picked":"Calling Bell"},{"not_picked":["Snecko Eye","Pandora\u0027s Box"],"picked":"Cursed Key"}],"items_purged_floors":[22,30,44],"is_endless":false,"potions_floor_spawned":[1,5,13,16,19,21,24,33,41,45,47],"ascension_level":11}