{"gold_per_floor":[119,119,137,147,13,13,42,42,67,99,440,452,464,551,563,653,665,697,709,646,658,681,44,44,78,78,21,35,35,35,52,52,129,129,145,145,161,178,194,225,325,325,397,22,33,68,68,97,97,97,97,97,97,17,17],"floor_reached":55,"playtime":3191,"items_purged":["Strike_B"],"score":2487,"play_id":"5517ee6b-1b08-4373-a0ba-5638128acc52","local_time":"20190107162556","is_ascension_mode":true,"campfire_choices":[{"data":"Sunder","floor":6.0,"key":"SMITH"},{"data":"Defragment","floor":8.0,"key":"SMITH"},{"data":"Dualcast","floor":15.0,"key":"SMITH"},{"data":"White Noise","floor":24.0,"key":"SMITH"},{"floor":29.0,"key":"REST"},{"data":"Recycle","floor":32.0,"key":"SMITH"},{"data":"Turbo","floor":42.0,"key":"SMITH"},{"data":"Coolheaded","floor":47.0,"key":"SMITH"},{"floor":49.0,"key":"RECALL"},{"data":"Multi-Cast","floor":53.0,"key":"SMITH"}],"neow_cost":"NONE","seed_source_timestamp":0,"circlet_count":0,"master_deck":["AscendersBane","Strike_B","Defend_B","Defend_B","Defend_B","Defend_B","Zap","Dualcast+1","White Noise+1","Defragment+1","Sunder+1","Coolheaded+1","Rip and Tear","Meteor Strike","Electrodynamics","Glacier+1","Madness","Beam Cell+1","Self Repair","Recycle+1","Turbo+1","Creative AI","Rainbow","Core Surge","Conserve Battery+1","Go for the Eyes+1","Multi-Cast+1","Chill"],"special_seed":0,"relics":["Cracked Core","Art of War","MawBank","Old Coin","Runic Dome","Nloth\u0027s Gift","Dead Branch","ClockworkSouvenir","Gambling Chip","Ice Cream","Inserter","Regal Pillow","Thread and Needle","Calipers","Ginger","Anchor"],"potions_floor_usage":[],"damage_taken":[{"damage":0.0,"enemies":"Jaw Worm","floor":1.0,"turns":1.0},{"damage":0.0,"enemies":"Cultist","floor":3.0,"turns":1.0},{"damage":0.0,"enemies":"Small Slimes","floor":4.0,"turns":1.0},{"damage":28.0,"enemies":"3 Sentries","floor":7.0,"turns":9.0},{"damage":7.0,"enemies":"Blue Slaver","floor":10.0,"turns":3.0},{"damage":6.0,"enemies":"Lagavulin","floor":11.0,"turns":7.0},{"damage":0.0,"enemies":"Slime Boss","floor":16.0,"turns":6.0},{"damage":9.0,"enemies":"2 Thieves","floor":18.0,"turns":3.0},{"damage":2.0,"enemies":"Spheric Guardian","floor":22.0,"turns":5.0},{"damage":34.0,"enemies":"Slavers","floor":25.0,"turns":2.0},{"damage":0.0,"enemies":"Centurion and Healer","floor":28.0,"turns":5.0},{"damage":2.0,"enemies":"Cultist and Chosen","floor":31.0,"turns":4.0},{"damage":0.0,"enemies":"Champ","floor":33.0,"turns":9.0},{"damage":0.0,"enemies":"3 Shapes","floor":35.0,"turns":4.0},{"damage":29.0,"enemies":"3 Darklings","floor":37.0,"turns":4.0},{"damage":0.0,"enemies":"Transient","floor":38.0,"turns":6.0},{"damage":0.0,"enemies":"Maw","floor":39.0,"turns":8.0},{"damage":30.0,"enemies":"Nemesis","floor":40.0,"turns":7.0},{"damage":10.0,"enemies":"Mind Bloom Boss Battle","floor":41.0,"turns":8.0},{"damage":12.0,"enemies":"Jaw Worm Horde","floor":45.0,"turns":2.0},{"damage":0.0,"enemies":"Reptomancer","floor":46.0,"turns":4.0},{"damage":0.0,"enemies":"Giant Head","floor":48.0,"turns":10.0},{"damage":0.0,"enemies":"Awakened One","floor":50.0,"turns":27.0},{"damage":0.0,"enemies":"Time Eater","floor":51.0,"turns":10.0},{"damage":72,"enemies":"Shield and Spear","floor":55,"turns":2}],"seed_played":"-4816391406544501287","potions_obtained":[{"floor":4.0,"key":"Poison Potion"},{"floor":10.0,"key":"SkillPotion"},{"floor":16.0,"key":"Swift Potion"},{"floor":25.0,"key":"SkillPotion"},{"floor":28.0,"key":"SkillPotion"},{"floor":31.0,"key":"EssenceOfSteel"},{"floor":33.0,"key":"Regen Potion"},{"floor":35.0,"key":"FocusPotion"},{"floor":38.0,"key":"PowerPotion"},{"floor":45.0,"key":"Explosive Potion"},{"floor":46.0,"key":"Weak Potion"}],"is_trial":false,"path_per_floor":["M","?","M","M","$","R","E","R","T","M","E","?","?","?","R","B",null,"M","?","?","?","M","$","R","E","T","$","M","R","?","M","R","B",null,"M","?","M","M","M","E","?","R","T","$","M","E","R","E","R","B","B",null,"R","$","E"],"character_chosen":"DEFECT","items_purchased":["Coolheaded","Dead Branch","ClockworkSouvenir","Madness","Block Potion","Calipers","SkillPotion","Chill"],"campfire_rested":1,"item_purchase_floors":[5,23,23,23,27,44,44,54],"current_hp_per_floor":[64,54,54,54,54,54,26,26,26,19,13,13,13,2,2,2,54,45,45,45,45,43,43,43,9,9,9,9,30,30,35,35,42,64,71,71,49,63,70,54,51,51,51,51,39,53,53,53,53,67,71,71,71,71,0],"gold":17,"neow_bonus":"THREE_ENEMY_KILL","is_prod":false,"is_daily":false,"chose_seed":false,"campfire_upgraded":8,"win_rate":0,"timestamp":1546849556,"path_taken":["M","?","?","M","$","R","E","R","T","M","E","?","?","?","R","BOSS","M","?","?","?","?","$","R","E","T","$","M","R","?","M","R","BOSS","M","?","M","M","?","E","?","R","T","$","M","E","R","E","R","BOSS","BOSS","R","$","E"],"build_version":"2019-01-03v4","purchased_purges":1,"victory":false,"max_hp_per_floor":[71,71,71,71,71,71,71,71,71,71,71,71,71,71,71,71,71,71,71,71,71,71,71,71,71,71,71,71,71,71,71,71,71,71,71,71,71,71,71,71,71,71,71,71,71,71,71,71,71,71,71,71,71,71,71],"card_choices":[{"not_picked":["Turbo","Redo"],"picked":"White Noise","floor":1.0},{"not_picked":["Stack","Rebound"],"picked":"Defragment","floor":3.0},{"not_picked":["Hello World","Go for the Eyes"],"picked":"Sunder","floor":4.0},{"not_picked":["Fusion","Steam","All For One"],"picked":"SKIP","floor":7.0},{"not_picked":["Fusion","Steam","All For One"],"picked":"SKIP","floor":7.0},{"not_picked":["Go for the Eyes","Gash"],"picked":"Rip and Tear","floor":10.0},{"not_picked":["Tempest","Streamline"],"picked":"Meteor Strike","floor":11.0},{"not_picked":["Multi-Cast","Echo Form"],"picked":"Electrodynamics","floor":16.0},{"not_picked":["Steam Power","Turbo"],"picked":"Glacier+1","floor":18.0},{"not_picked":["Gash","Streamline","Reprogram"],"picked":"SKIP","floor":22.0},{"not_picked":["Reprogram+1","Rebound+1"],"picked":"Beam Cell+1","floor":25.0},{"not_picked":["Redo","Turbo"],"picked":"Self Repair","floor":28.0},{"not_picked":["Compile Driver","Gash"],"picked":"Turbo","floor":31.0},{"not_picked":["Rainbow","Machine Learning"],"picked":"Creative AI","floor":33.0},{"not_picked":["Barrage","Streamline","FTL"],"picked":"SKIP","floor":35.0},{"not_picked":["Steam","Conserve Battery"],"picked":"Rainbow","floor":37.0},{"not_picked":["Rebound","Stack+1"],"picked":"Core Surge","floor":38.0},{"not_picked":["Coolheaded+1","Streamline","Steam"],"picked":"SKIP","floor":39.0},{"not_picked":["Go for the Eyes","Barrage"],"picked":"Conserve Battery+1","floor":40.0},{"not_picked":["Stack","Coolheaded"],"picked":"Go for the Eyes+1","floor":45.0},{"not_picked":["Darkness","Doom and Gloom"],"picked":"Multi-Cast","floor":46.0},{"not_picked":["Barrage","Buffer","Lockon"],"picked":"SKIP","floor":48.0},{"not_picked":["Barrage","Buffer","Lockon"],"picked":"SKIP","floor":48.0}],"player_experience":2494935,"relics_obtained":[{"floor":7.0,"key":"Art of War"},{"floor":9.0,"key":"MawBank"},{"floor":11.0,"key":"Old Coin"},{"floor":25.0,"key":"Gambling Chip"},{"floor":26.0,"key":"Ice Cream"},{"floor":40.0,"key":"Regal Pillow"},{"floor":41.0,"key":"Thread and Needle"},{"floor":46.0,"key":"Ginger"},{"floor":48.0,"key":"Anchor"}],"event_choices":[{"damage_healed":0.0,"max_hp_gain":0.0,"max_hp_loss":0.0,"gold_gain":0.0,"event_name":"Wheel of Change","player_choice":"Damaged","floor":2.0,"gold_loss":0.0,"damage_taken":10.0},{"damage_healed":0.0,"max_hp_gain":0.0,"max_hp_loss":0.0,"gold_gain":0.0,"event_name":"Liars Game","player_choice":"Ignored","floor":12.0,"gold_loss":0.0,"damage_taken":0.0},{"damage_healed":0.0,"max_hp_gain":0.0,"max_hp_loss":0.0,"gold_gain":0.0,"event_name":"Scrap Ooze","player_choice":"Fled","floor":13.0,"gold_loss":0.0,"damage_taken":0.0},{"damage_healed":0.0,"max_hp_gain":0.0,"max_hp_loss":0.0,"gold_gain":75.0,"event_name":"World of Goop","player_choice":"Gather Gold","floor":14.0,"gold_loss":0.0,"damage_taken":11.0},{"damage_healed":0.0,"max_hp_gain":0.0,"max_hp_loss":0.0,"gold_gain":0.0,"event_name":"The Mausoleum","player_choice":"Ignored","floor":19.0,"gold_loss":0.0,"damage_taken":0.0},{"cards_removed":["Strike_B"],"damage_healed":0.0,"max_hp_gain":0.0,"max_hp_loss":0.0,"gold_gain":0.0,"event_name":"Beggar","player_choice":"Gave Gold","floor":20.0,"gold_loss":75.0,"damage_taken":0.0},{"damage_healed":0.0,"max_hp_gain":0.0,"max_hp_loss":0.0,"gold_gain":0.0,"event_name":"N\u0027loth","player_choice":"Traded Relic","floor":21.0,"relics_lost":["NeowsBlessing"],"gold_loss":0.0,"damage_taken":0.0,"relics_obtained":["Nloth\u0027s Gift"]},{"damage_healed":0.0,"max_hp_gain":0.0,"max_hp_loss":0.0,"gold_gain":0.0,"event_name":"The Library","player_choice":"Read","floor":30.0,"gold_loss":0.0,"damage_taken":0.0,"cards_obtained":["Recycle"]},{"cards_removed":["Strike_B"],"damage_healed":0.0,"max_hp_gain":0.0,"max_hp_loss":0.0,"gold_gain":0.0,"event_name":"Bonfire Elementals","player_choice":"Offered Basic","floor":36.0,"gold_loss":0.0,"damage_taken":0.0},{"damage_healed":0.0,"max_hp_gain":0.0,"max_hp_loss":0.0,"gold_gain":0.0,"event_name":"MindBloom","player_choice":"Fight","floor":41.0,"gold_loss":0.0,"damage_taken":0.0}],"is_beta":false,"boss_relics":[{"not_picked":["White Beast Statue","Coffee Dripper"],"picked":"Runic Dome"},{"not_picked":["Orrery","Sozu"],"picked":"Inserter"}],"items_purged_floors":[5],"is_endless":false,"potions_floor_spawned":[4,10,16,25,28,31,33,35,38,45,46],"killed_by":"Shield and Spear","ascension_level":20}