{"gold_per_floor":[214,137,152,171,184,184,211,211,257,288,300,312,324,355,367,450,462,493,517,543,555,291,291,306,306],"floor_reached":25,"playtime":746,"items_purged":["Strike_B"],"score":359,"play_id":"e7807d33-2e9b-4907-a76b-8b099f4ef895","local_time":"20190206203219","is_ascension_mode":true,"campfire_choices":[{"data":"Zap","floor":6.0,"key":"SMITH"},{"floor":8.0,"key":"REST"},{"data":"Loop","floor":11.0,"key":"SMITH"},{"floor":15.0,"key":"REST"}],"neow_cost":"NONE","seed_source_timestamp":47218581585213,"circlet_count":0,"master_deck":["AscendersBane","Strike_B","Strike_B","Strike_B","Defend_B","Defend_B","Defend_B","Defend_B","Zap+1","Dualcast+1","Loop+1","Doom and Gloom","Compile Driver","Cold Snap","Leap","Echo Form","Chill","Cold Snap","Rainbow","FTL"],"special_seed":0,"relics":["Cracked Core","Ornamental Fan","MawBank","Dream Catcher","Philosopher\u0027s Stone","ClockworkSouvenir"],"potions_floor_usage":[24],"damage_taken":[{"damage":0.0,"enemies":"2 Louse","floor":1.0,"turns":2.0},{"damage":1.0,"enemies":"Cultist","floor":3.0,"turns":3.0},{"damage":2.0,"enemies":"Jaw Worm","floor":4.0,"turns":3.0},{"damage":12.0,"enemies":"Gremlin Gang","floor":5.0,"turns":4.0},{"damage":30.0,"enemies":"Gremlin Nob","floor":7.0,"turns":4.0},{"damage":8.0,"enemies":"Exordium Thugs","floor":10.0,"turns":3.0},{"damage":16.0,"enemies":"Lots of Slimes","floor":14.0,"turns":4.0},{"damage":26.0,"enemies":"Hexaghost","floor":16.0,"turns":9.0},{"damage":8.0,"enemies":"Spheric Guardian","floor":18.0,"turns":4.0},{"damage":6.0,"enemies":"3 Byrds","floor":19.0,"turns":2.0},{"damage":24.0,"enemies":"Shelled Parasite and Fungi","floor":20.0,"turns":7.0},{"damage":2,"enemies":"Snecko","floor":24,"turns":4},{"damage":29,"enemies":"Snake Plant","floor":25,"turns":3}],"seed_played":"-6104896348255547600","potions_obtained":[{"floor":1.0,"key":"SteroidPotion"},{"floor":4.0,"key":"FearPotion"},{"floor":14.0,"key":"Explosive Potion"},{"floor":16.0,"key":"Explosive Potion"},{"floor":20.0,"key":"Weak Potion"},{"floor":24,"key":"LiquidBronze"}],"is_trial":false,"path_per_floor":["M","$","M","M","M","R","E","R","T","M","R","?","?","M","R","B",null,"M","M","M","?","$","?","M","M"],"character_chosen":"DEFECT","items_purchased":["Doom and Gloom","ClockworkSouvenir"],"campfire_rested":2,"item_purchase_floors":[2,22],"current_hp_per_floor":[64,64,63,61,49,49,19,40,40,32,32,27,27,11,32,6,55,47,41,17,31,31,31,29,0],"gold":306,"neow_bonus":"HUNDRED_GOLD","is_prod":false,"is_daily":false,"chose_seed":false,"campfire_upgraded":2,"win_rate":0,"timestamp":1549513939,"path_taken":["M","$","M","M","M","R","E","R","T","M","R","?","?","M","R","BOSS","M","?","M","?","$","?","M","M"],"build_version":"2019-01-23","purchased_purges":1,"victory":false,"max_hp_per_floor":[71,71,71,71,71,71,71,71,71,71,71,71,71,71,71,71,71,71,71,71,71,71,71,71,71],"card_choices":[{"not_picked":["Turbo","Darkness"],"picked":"Loop","floor":1.0},{"not_picked":["Steam","Hologram"],"picked":"Compile Driver","floor":3.0},{"not_picked":["Coolheaded","Chaos"],"picked":"Cold Snap","floor":4.0},{"not_picked":["White Noise","Scrape"],"picked":"Leap","floor":5.0},{"not_picked":["Double Energy","Hologram"],"picked":"Echo Form","floor":7.0},{"not_picked":["Steam","Conserve Battery"],"picked":"Chill","floor":10.0},{"not_picked":["Redo","Compile Driver"],"picked":"Cold Snap","floor":14.0},{"not_picked":["Machine Learning","Core Surge"],"picked":"Rainbow","floor":16.0},{"not_picked":["Rip and Tear","Barrage+1","Beam Cell"],"picked":"SKIP","floor":18.0},{"not_picked":["Stack","Redo+1","Rebound"],"picked":"SKIP","floor":19.0},{"not_picked":["Storm","Consume"],"picked":"FTL","floor":20.0},{"not_picked":["Steam Power","Beam Cell","Hologram"],"picked":"SKIP","floor":24}],"player_experience":2172638,"relics_obtained":[{"floor":7.0,"key":"Ornamental Fan"},{"floor":9.0,"key":"MawBank"}],"event_choices":[{"damage_healed":0.0,"max_hp_gain":0.0,"max_hp_loss":0.0,"gold_gain":0.0,"event_name":"Scrap Ooze","player_choice":"Success","floor":12.0,"gold_loss":0.0,"damage_taken":5.0,"relics_obtained":["Dream Catcher"]},{"damage_healed":0.0,"max_hp_gain":0.0,"max_hp_loss":0.0,"gold_gain":0.0,"event_name":"Upgrade Shrine","player_choice":"Upgraded","floor":13.0,"gold_loss":0.0,"damage_taken":0.0,"cards_upgraded":["Dualcast"]},{"damage_healed":14,"gold_gain":0,"player_choice":"Heal","damage_taken":0,"max_hp_gain":0,"max_hp_loss":0,"event_name":"The Library","floor":21,"gold_loss":0},{"damage_healed":0,"gold_gain":0,"player_choice":"Ignored","damage_taken":0,"max_hp_gain":0,"max_hp_loss":0,"event_name":"The Mausoleum","floor":23,"gold_loss":0}],"is_beta":false,"boss_relics":[{"not_picked":["Calling Bell","Empty Cage"],"picked":"Philosopher\u0027s Stone"}],"items_purged_floors":[22],"is_endless":false,"potions_floor_spawned":[1,4,14,16,20,24],"killed_by":"Snake Plant","ascension_level":15}