{"gold_per_floor":[20,39,54,74,74,113,128,128],"floor_reached":8,"playtime":357,"items_purged":[],"score":111,"play_id":"e2084165-3a2d-40fd-ab5d-001813004714","local_time":"20190223231951","is_ascension_mode":true,"campfire_choices":[],"neow_cost":"NO_GOLD","seed_source_timestamp":680808443669073,"circlet_count":0,"master_deck":["AscendersBane","Defend_G","Defend_G","Defend_G","Defend_G","Defend_G","Strike_G","Strike_G","Strike_G","Strike_G","Strike_G","Survivor","Neutralize","Corpse Explosion","Bouncing Flask","Dagger Throw","Dodge and Roll","Deadly Poison","Deadly Poison"],"relics":["Ring of the Snake","Golden Idol","Dodecahedron"],"potions_floor_usage":[6,8],"damage_taken":[{"damage":4,"enemies":"Jaw Worm","floor":1,"turns":4},{"damage":4,"enemies":"Small Slimes","floor":2,"turns":3},{"damage":4,"enemies":"2 Louse","floor":3,"turns":2},{"damage":7,"enemies":"Blue Slaver","floor":4,"turns":5},{"damage":21,"enemies":"Lagavulin","floor":6,"turns":6},{"damage":6,"enemies":"Looter","floor":7,"turns":3},{"damage":25,"enemies":"Exordium Thugs","floor":8,"turns":1}],"seed_played":"7703563668257221309","potions_obtained":[{"floor":1,"key":"Block Potion"},{"floor":3,"key":"Swift Potion"}],"is_trial":false,"path_per_floor":["M","M","M","M","?","E","M","M"],"character_chosen":"THE_SILENT","items_purchased":[],"campfire_rested":0,"item_purchase_floors":[],"current_hp_per_floor":[55,51,47,40,40,19,13,0],"gold":128,"neow_bonus":"THREE_RARE_CARDS","is_prod":false,"is_daily":false,"chose_seed":false,"campfire_upgraded":0,"win_rate":0,"timestamp":1550960391,"path_taken":["M","M","M","M","?","E","M","M"],"build_version":"2019-01-23","purchased_purges":0,"victory":false,"max_hp_per_floor":[66,66,66,66,60,60,60,60],"card_choices":[{"not_picked":["Night Terror","Venomology"],"picked":"Corpse Explosion","floor":0},{"not_picked":["Reflex","Bane"],"picked":"Bouncing Flask","floor":1},{"not_picked":["Flying Knee","Riddle With Holes"],"picked":"Dagger Throw","floor":2},{"not_picked":["Dash","Riddle With Holes"],"picked":"Dodge and Roll","floor":3},{"not_picked":["Dagger Throw","Backflip","Deflect"],"picked":"SKIP","floor":4},{"not_picked":["Well Laid Plans","Bane"],"picked":"Deadly Poison","floor":6},{"not_picked":["Bane","Phantasmal Killer"],"picked":"Deadly Poison","floor":7}],"player_experience":507863,"relics_obtained":[{"floor":6,"key":"Dodecahedron"}],"event_choices":[{"damage_healed":0,"gold_gain":0,"player_choice":"Lose Max HP","damage_taken":0,"relics_obtained":["Golden Idol"],"max_hp_gain":0,"max_hp_loss":6,"event_name":"Golden Idol","floor":5,"gold_loss":0}],"is_beta":false,"boss_relics":[],"items_purged_floors":[],"is_endless":false,"potions_floor_spawned":[1,3],"killed_by":"Exordium Thugs","ascension_level":17}