{"gold_per_floor":[116,130,55,70,70,70,105,120,120,146,161,192,210,59,59,160,160,177,188,208,96,110,110,122,141,141,141,167,92,122,142,142,142],"floor_reached":33,"playtime":1435,"items_purged":["Strike_G"],"score":367,"play_id":"643a2e46-e520-4566-9d1e-9c45aea6174f","local_time":"25610803230454","is_ascension_mode":true,"campfire_choices":[{"data":"1","floor":6.0,"key":"LIFT"},{"floor":15.0,"key":"REST"},{"floor":23.0,"key":"REST"},{"floor":27.0,"key":"REST"},{"floor":32.0,"key":"REST"}],"neow_cost":"NONE","seed_source_timestamp":10213614927431,"circlet_count":0,"master_deck":["Defend_G","Defend_G","Defend_G","Defend_G","Defend_G","Strike_G","Strike_G","Strike_G","Strike_G","Survivor","Neutralize","Predator","Blade Dance","Outmaneuver","Flying Knee","Finisher","Flying Knee","Blade Dance","Underhanded Strike","Envenom","Poisoned Stab","After Image","Riddle With Holes+1","Quick Slash+1","Outmaneuver","Leg Sweep","Dodge and Roll+1","Well Laid Plans","Finisher+1","Blade Dance","Catalyst","Dash","Backflip","Cloak And Dagger+1","Calculated Gamble+1","Setup","Blur+1"],"special_seed":0,"relics":["Ring of the Snake","NeowsBlessing","Girya","Smiling Mask","Prayer Wheel","Blue Candle","Snake Skull","Bag of Preparation","WristBlade","Shuriken","Meat on the Bone","Anchor"],"potions_floor_usage":[33,33],"damage_taken":[{"damage":0.0,"enemies":"Cultist","floor":1.0,"turns":1.0},{"damage":0.0,"enemies":"Jaw Worm","floor":2.0,"turns":1.0},{"damage":0.0,"enemies":"Small Slimes","floor":4.0,"turns":1.0},{"damage":13.0,"enemies":"Gremlin Nob","floor":7.0,"turns":4.0},{"damage":10.0,"enemies":"2 Fungi Beasts","floor":8.0,"turns":2.0},{"damage":17.0,"enemies":"3 Sentries","floor":10.0,"turns":6.0},{"damage":3.0,"enemies":"Exordium Wildlife","floor":11.0,"turns":4.0},{"damage":11.0,"enemies":"Lagavulin","floor":12.0,"turns":5.0},{"damage":0.0,"enemies":"Lots of Slimes","floor":13.0,"turns":1.0},{"damage":31.0,"enemies":"Hexaghost","floor":16.0,"turns":8.0},{"damage":3.0,"enemies":"3 Byrds","floor":18.0,"turns":5.0},{"damage":8.0,"enemies":"Chosen","floor":19.0,"turns":3.0},{"damage":33.0,"enemies":"Slaver and Parasite","floor":20.0,"turns":6.0},{"damage":0.0,"enemies":"Snecko","floor":22.0,"turns":3.0},{"damage":21.0,"enemies":"Chosen and Byrds","floor":24.0,"turns":5.0},{"damage":4.0,"enemies":"Cultist and Chosen","floor":25.0,"turns":4.0},{"damage":36.0,"enemies":"Slavers","floor":28.0,"turns":3.0},{"damage":14.0,"enemies":"Gremlin Leader","floor":30.0,"turns":7.0},{"damage":4.0,"enemies":"Snake Plant","floor":31.0,"turns":5.0},{"damage":27,"enemies":"Automaton","floor":33,"turns":6}],"seed_played":"5862553227914734479","potions_obtained":[{"floor":2.0,"key":"Swift Potion"},{"floor":4.0,"key":"Block Potion"},{"floor":11.0,"key":"Block Potion"},{"floor":12.0,"key":"Explosive Potion"},{"floor":16.0,"key":"GamblersBrew"},{"floor":18.0,"key":"EssenceOfSteel"},{"floor":24.0,"key":"Strength Potion"},{"floor":25.0,"key":"Regen Potion"},{"floor":31.0,"key":"Swift Potion"}],"is_trial":false,"path_per_floor":["M","M","$","M","?","R","E","M","T","E","M","E","M","$","R","B",null,"M","M","M","$","M","R","M","M","T","R","E","?","E","M","R"],"character_chosen":"THE_SILENT","items_purchased":["Bag of Preparation","Regen Potion","Well Laid Plans"],"campfire_rested":4,"item_purchase_floors":[14,21,21],"current_hp_per_floor":[70,70,70,70,67,67,54,44,44,27,24,13,13,13,34,3,70,67,59,26,26,35,56,35,31,31,52,25,25,23,31,52,25],"gold":142,"neow_bonus":"THREE_ENEMY_KILL","is_prod":false,"is_daily":false,"chose_seed":false,"campfire_upgraded":0,"win_rate":0,"timestamp":1533312294,"path_taken":["M","?","$","?","?","R","E","M","T","E","M","E","M","?","R","BOSS","M","M","M","$","M","R","M","?","T","R","E","?","E","M","R","BOSS"],"build_version":"2018-08-02","purchased_purges":1,"victory":false,"max_hp_per_floor":[70,70,70,70,70,70,70,70,70,70,70,70,70,70,70,70,70,70,70,70,70,70,70,70,70,70,70,70,70,70,70,70,70],"card_choices":[{"not_picked":["Slice","Sucker Punch"],"picked":"Predator","floor":1.0},{"not_picked":["Underhanded Strike","Quick Slash"],"picked":"Blade Dance","floor":2.0},{"not_picked":["Unload","Cloak And Dagger"],"picked":"Outmaneuver","floor":4.0},{"not_picked":["PiercingWail","Deflect"],"picked":"Flying Knee","floor":7.0},{"not_picked":["Dash","Poisoned Stab"],"picked":"Finisher","floor":8.0},{"not_picked":["Calculated Gamble","Outmaneuver"],"picked":"Flying Knee","floor":10.0},{"not_picked":["Escape Plan","Dagger Spray"],"picked":"Blade Dance","floor":11.0},{"not_picked":["Heel Hook","Poisoned Stab"],"picked":"Underhanded Strike","floor":11.0},{"not_picked":["Predator","Reflex","Prepared"],"picked":"SKIP","floor":12.0},{"not_picked":["Quick Slash","Catalyst"],"picked":"Envenom","floor":13.0},{"not_picked":["Dodge and Roll","Slice"],"picked":"Poisoned Stab","floor":13.0},{"not_picked":["Adrenaline","Glass Knife"],"picked":"After Image","floor":16.0},{"not_picked":["Slice","Accuracy"],"picked":"Riddle With Holes+1","floor":18.0},{"not_picked":["Outmaneuver","Accuracy"],"picked":"Prepared","floor":18.0},{"not_picked":["Crippling Poison","Acrobatics"],"picked":"Quick Slash+1","floor":19.0},{"not_picked":["Heel Hook","Deadly Poison"],"picked":"Outmaneuver","floor":19.0},{"not_picked":["PiercingWail","Distraction"],"picked":"Leg Sweep","floor":20.0},{"not_picked":["Leg Sweep","Heel Hook"],"picked":"Dodge and Roll+1","floor":20.0},{"not_picked":["Dagger Throw","Bane+1"],"picked":"Finisher+1","floor":22.0},{"not_picked":["Dodge and Roll","Deflect"],"picked":"Blade Dance","floor":22.0},{"not_picked":["Calculated Gamble","Skewer"],"picked":"Catalyst","floor":24.0},{"not_picked":["Expertise","Leg Sweep"],"picked":"Dash","floor":24.0},{"not_picked":["Poisoned Stab","Grand Finale"],"picked":"Backflip","floor":25.0},{"not_picked":["Predator","PiercingWail+1"],"picked":"Cloak And Dagger+1","floor":25.0},{"not_picked":["Predator","Deadly Poison"],"picked":"Calculated Gamble+1","floor":28.0},{"not_picked":["Backflip","Dagger Throw","Finisher+1"],"picked":"SKIP","floor":30.0},{"not_picked":["Underhanded Strike","Crippling Poison"],"picked":"Setup","floor":31.0},{"not_picked":["Deadly Poison","Setup+1"],"picked":"Blur+1","floor":31.0}],"player_experience":187986,"relics_obtained":[{"floor":7.0,"key":"Smiling Mask"},{"floor":9.0,"key":"Prayer Wheel"},{"floor":10.0,"key":"Blue Candle"},{"floor":12.0,"key":"Snake Skull"},{"floor":26.0,"key":"Shuriken"},{"floor":28.0,"key":"Meat on the Bone"},{"floor":30.0,"key":"Anchor"}],"event_choices":[{"event_name":"Scrap Ooze","player_choice":"success","floor":5.0,"damage_taken":3.0},{"event_name":"Beggar","player_choice":"Gave Gold","floor":29.0,"damage_taken":0.0}],"is_beta":false,"boss_relics":[{"not_picked":["Cursed Key","Ring of the Serpent"],"picked":"WristBlade"}],"items_purged_floors":[3],"is_endless":false,"potions_floor_spawned":[2,4,11,12,16,18,24,25,31],"killed_by":"Automaton","ascension_level":2}