{"gold_per_floor":[113,124,74,88,58,58,78,109,134,145,160,9,9,9,9,9],"floor_reached":16,"playtime":612,"items_purged":[],"score":102,"play_id":"4fd36881-c44b-4d07-a483-36ef8437332c","local_time":"20181018141757","is_ascension_mode":false,"campfire_choices":[{"data":"Fusion","floor":6.0,"key":"SMITH"},{"data":"Hologram","floor":15,"key":"SMITH"}],"neow_cost":"NONE","seed_source_timestamp":23763026641426,"circlet_count":0,"master_deck":["Strike_B","Strike_B","Strike_B","Strike_B","Defend_B+1","Defend_B","Defend_B","Zap+1","Dualcast","Glacier","Hologram+1","Fusion+1","Hologram","Capacitor","Barrage","Electrodynamics","Echo Form","Parasite"],"special_seed":0,"relics":["Cracked Core","Juzu Bracelet","War Paint"],"potions_floor_usage":[],"damage_taken":[{"damage":1.0,"enemies":"2 Louse","floor":1.0,"turns":2.0},{"damage":1.0,"enemies":"Jaw Worm","floor":2.0,"turns":4.0},{"damage":6.0,"enemies":"Cultist","floor":4.0,"turns":4.0},{"damage":1.0,"enemies":"Looter","floor":5.0,"turns":4.0},{"damage":10.0,"enemies":"Exordium Wildlife","floor":7.0,"turns":8.0},{"damage":44.0,"enemies":"Gremlin Nob","floor":8.0,"turns":6.0},{"damage":13.0,"enemies":"Lots of Slimes","floor":10.0,"turns":3.0},{"damage":6.0,"enemies":"Blue Slaver","floor":11.0,"turns":5.0},{"damage":37,"enemies":"Hexaghost","floor":16,"turns":11}],"seed_played":"4394683153604958497","potions_obtained":[{"floor":4.0,"key":"Regen Potion"},{"floor":7.0,"key":"Fruit Juice"},{"floor":10.0,"key":"FocusPotion"}],"is_trial":false,"path_per_floor":["M","M","?","M","M","R","M","E","T","M","M","$","?","?","R"],"character_chosen":"DEFECT","items_purchased":["Echo Form"],"campfire_rested":0,"item_purchase_floors":[12],"current_hp_per_floor":[74,73,73,67,66,66,56,17,17,4,12,12,32,37,37,0],"gold":9,"neow_bonus":"THREE_CARDS","is_prod":false,"is_daily":false,"chose_seed":false,"campfire_upgraded":2,"win_rate":0,"timestamp":1539897477,"path_taken":["M","M","?","M","?","R","M","E","T","M","M","$","?","?","R","BOSS"],"build_version":"2018-10-11","purchased_purges":0,"victory":false,"max_hp_per_floor":[75,75,75,75,75,75,75,80,80,80,80,80,80,85,85,85],"card_choices":[{"not_picked":["Stack","Leap"],"picked":"Glacier","floor":0.0},{"not_picked":["Turbo","Auto Shields"],"picked":"Hologram","floor":1.0},{"not_picked":["BootSequence","Barrage"],"picked":"Fusion","floor":2.0},{"not_picked":["Gash","Hello World"],"picked":"Hologram","floor":4.0},{"not_picked":["Scrape","Skim"],"picked":"Capacitor","floor":5.0},{"not_picked":["Go for the Eyes","Leap"],"picked":"Barrage","floor":7.0},{"not_picked":["Reprogram","Go for the Eyes"],"picked":"Electrodynamics","floor":8.0},{"not_picked":["Hologram","Leap","Rebound"],"picked":"SKIP","floor":10.0},{"not_picked":["Lockon","Beam Cell","Consume"],"picked":"SKIP","floor":11.0}],"player_experience":1389766,"relics_obtained":[{"floor":8.0,"key":"Juzu Bracelet"},{"floor":9.0,"key":"War Paint"}],"event_choices":[{"event_name":"The Cleric","player_choice":"Card Removal","floor":3.0,"damage_taken":0.0},{"event_name":"Mushrooms","player_choice":"Healed and dodged fight","floor":13,"damage_taken":0},{"event_name":"Big Fish","player_choice":"Donut","floor":14,"damage_taken":0}],"is_beta":false,"boss_relics":[],"items_purged_floors":[],"is_endless":false,"potions_floor_spawned":[4,7,10],"killed_by":"Hexaghost","ascension_level":0}