{"path_per_floor":["M","M","M","?","?","E","M","R","T","M","M","E","M","?","R","B",null,"M","?","?","M","$","R","M","R","T","M","M","M","E","M","R"],"character_chosen":"DEFECT","items_purchased":["Bottled Flame","Sunder"],"gold_per_floor":[117,131,144,144,144,171,182,182,208,218,236,269,284,284,284,381,381,394,394,394,411,2,2,18,18,18,34,46,58,93,106,106,106],"floor_reached":33,"campfire_rested":1,"playtime":7165,"item_purchase_floors":[22,22],"current_hp_per_floor":[75,75,68,61,61,47,47,47,47,47,45,35,32,32,32,27,75,60,60,60,60,60,60,55,55,55,39,36,36,18,18,40,0],"items_purged":["Strike_B"],"gold":106,"score":283,"play_id":"6f5ecaaf-4d1f-42ac-9efc-4be4f2d460a9","local_time":"20180615192208","is_prod":false,"is_daily":false,"chose_seed":false,"is_ascension_mode":false,"campfire_upgraded":4,"win_rate":0,"timestamp":1529115728,"campfire_choices":[{"data":"Hologram","floor":8,"key":"SMITH"},{"data":"Coolheaded","floor":15,"key":"SMITH"},{"data":"Streamline","floor":23,"key":"SMITH"},{"data":"Sunder","floor":25,"key":"SMITH"},{"floor":32,"key":"REST"}],"path_taken":["M","M","M","?","?","E","M","R","T","M","M","E","M","?","R","BOSS","M","?","?","M","$","R","?","R","T","M","M","?","E","M","R","BOSS"],"build_version":"2018-06-14v2","seed_source_timestamp":18010875241325,"purchased_purges":1,"victory":false,"master_deck":["Strike_B","Strike_B+1","Defend_B","Defend_B","Defend_B","Defend_B","Zap+1","Dualcast","Hologram+1","Streamline+1","Compile Driver","Conserve Battery+1","Sweeping Beam","Coolheaded+1","Capacitor","Reprogram","Conserve Battery","Echo Form","Double Energy+1","Beam Cell+1","Sunder+1","Steam","Hologram","Ball Lightning+1","Hologram+1"],"max_hp_per_floor":[75,75,75,75,75,75,75,75,75,75,75,75,75,75,75,75,75,75,75,75,75,75,75,75,75,75,75,75,75,75,75,75,75],"relics":["Cracked Core","Bronze Scales","War Paint","Omamori","Vajra","Sozu","Bottled Flame","Potion Belt","Whetstone"],"card_choices":[{"not_picked":["Gash","Redo"],"picked":"Hologram","floor":0},{"not_picked":["Compile Driver","Coolheaded"],"picked":"Streamline","floor":1},{"not_picked":["Redo","Sunder"],"picked":"Compile Driver","floor":2},{"not_picked":["Rebound","Stack"],"picked":"Conserve Battery","floor":3},{"not_picked":["Multi-Cast","Storm"],"picked":"Sweeping Beam","floor":6},{"not_picked":["Loop","Doom and Gloom","Streamline"],"picked":"SKIP","floor":7},{"not_picked":["Conserve Battery","Beam Cell"],"picked":"Coolheaded","floor":10},{"not_picked":["Turbo","Gash"],"picked":"Capacitor","floor":11},{"not_picked":["Rainbow","Turbo"],"picked":"Reprogram","floor":12},{"not_picked":["Stack","Compile Driver"],"picked":"Conserve Battery","floor":13},{"not_picked":["Rainbow","Core Surge"],"picked":"Echo Form","floor":16},{"not_picked":["Doom and Gloom","Reprogram"],"picked":"Double Energy+1","floor":18},{"not_picked":["Rip and Tear","Turbo"],"picked":"Beam Cell","floor":21},{"not_picked":["Gash","Rebound","Capacitor"],"picked":"SKIP","floor":24},{"not_picked":["Gash+1","Streamline+1"],"picked":"Steam","floor":27},{"not_picked":["Rebound","Barrage"],"picked":"Hologram","floor":28},{"not_picked":["Static Discharge+1","Genetic Algorithm+1"],"picked":"Ball Lightning+1","floor":29},{"not_picked":["All For One","Ball Lightning","Darkness"],"picked":"SKIP","floor":30},{"not_picked":["Rebound","Beam Cell"],"picked":"Hologram+1","floor":31}],"player_experience":526765,"potions_floor_usage":[16,18,31],"damage_taken":[{"damage":0,"enemies":"2 Louse","floor":1,"turns":2},{"damage":0,"enemies":"Cultist","floor":2,"turns":4},{"damage":7,"enemies":"Small Slimes","floor":3,"turns":3},{"damage":14,"enemies":"Lagavulin","floor":6,"turns":6},{"damage":0,"enemies":"Looter","floor":7,"turns":3},{"damage":0,"enemies":"Exordium Wildlife","floor":10,"turns":2},{"damage":2,"enemies":"Large Slime","floor":11,"turns":5},{"damage":10,"enemies":"3 Sentries","floor":12,"turns":5},{"damage":3,"enemies":"2 Fungi Beasts","floor":13,"turns":3},{"damage":5,"enemies":"The Guardian","floor":16,"turns":9},{"damage":15,"enemies":"2 Thieves","floor":18,"turns":4},{"damage":0,"enemies":"Chosen","floor":21,"turns":5},{"damage":5,"enemies":"Snecko","floor":24,"turns":4},{"damage":16,"enemies":"Snake Plant","floor":27,"turns":2},{"damage":3,"enemies":"Sentry and Sphere","floor":28,"turns":5},{"damage":0,"enemies":"3 Cultists","floor":29,"turns":5},{"damage":18,"enemies":"Gremlin Leader","floor":30,"turns":6},{"damage":0,"enemies":"Slaver and Parasite","floor":31,"turns":4},{"damage":41,"enemies":"Champ","floor":33,"turns":8}],"relics_obtained":[{"floor":6,"key":"Bronze Scales"},{"floor":9,"key":"War Paint"},{"floor":12,"key":"Omamori"},{"floor":26,"key":"Potion Belt"},{"floor":30,"key":"Whetstone"}],"event_choices":[{"event_name":"Golden Wing","player_choice":"Card Removal","floor":4,"damage_taken":0},{"event_name":"Liars Game","player_choice":"disagreed","floor":5,"damage_taken":0},{"event_name":"Big Fish","player_choice":"Box","floor":14,"damage_taken":0},{"event_name":"Drug Dealer","player_choice":"Ignored","floor":19,"damage_taken":0},{"event_name":"Ghosts","player_choice":"Ignored","floor":20,"damage_taken":0}],"boss_relics":[{"not_picked":["Velvet Choker","Coffee Dripper"],"picked":"Sozu"}],"items_purged_floors":[22],"is_endless":false,"potions_floor_spawned":[7,10,12,16,24,28,30,31],"seed_played":"520738510411162655","killed_by":"Champ","ascension_level":0,"potions_obtained":[{"floor":7,"key":"Energy Potion"},{"floor":10,"key":"SkillPotion"},{"floor":12,"key":"Dexterity Potion"},{"floor":16,"key":"LiquidBronze"}],"is_trial":false}