{"gold_per_floor":[113,188,188,188,263,297,297,324,324,337,367,382,399,431,431,505,505,525,575,575,25,25,25,40,71,98,118,118],"floor_reached":28,"playtime":969,"items_purged":["Strike_B"],"score":628,"play_id":"073a9205-213a-44c8-bcf1-74a16259af7c","local_time":"20190201105310","is_ascension_mode":true,"campfire_choices":[{"data":"Loop","floor":7.0,"key":"SMITH"},{"data":"Consume","floor":15.0,"key":"SMITH"},{"floor":23.0,"key":"REST"}],"neow_cost":"NONE","seed_source_timestamp":0,"circlet_count":0,"master_deck":["AscendersBane","Strike_B+1","Strike_B+1","Strike_B","Defend_B+1","Defend_B","Defend_B","Defend_B","Zap","Dualcast","Loop+1","Coolheaded","Ball Lightning","Undo","Consume+1","Self Repair","Heatsinks","Conserve Battery+1","FTL+1","Defragment+1","Cold Snap"],"special_seed":0,"relics":["Cracked Core","NeowsBlessing","Bag of Marbles","Shuriken","Kunai","Bronze Scales","Toxic Egg 2","Philosopher\u0027s Stone","Dead Branch","Anchor","Ornamental Fan","Orichalcum","Whetstone"],"potions_floor_usage":[],"damage_taken":[{"damage":0.0,"enemies":"2 Louse","floor":1.0,"turns":1.0},{"damage":0.0,"enemies":"3 Sentries","floor":6.0,"turns":1.0},{"damage":0.0,"enemies":"Lagavulin","floor":8.0,"turns":1.0},{"damage":5.0,"enemies":"Jaw Worm","floor":10.0,"turns":3.0},{"damage":27.0,"enemies":"3 Sentries","floor":11.0,"turns":9.0},{"damage":0.0,"enemies":"Small Slimes","floor":12.0,"turns":1.0},{"damage":13.0,"enemies":"Exordium Wildlife","floor":13.0,"turns":6.0},{"damage":1.0,"enemies":"Lagavulin","floor":14.0,"turns":7.0},{"damage":3.0,"enemies":"Hexaghost","floor":16.0,"turns":10.0},{"damage":22.0,"enemies":"3 Byrds","floor":18.0,"turns":2.0},{"damage":0.0,"enemies":"Chosen","floor":24.0,"turns":5.0},{"damage":24.0,"enemies":"Book of Stabbing","floor":25.0,"turns":4.0},{"damage":18.0,"enemies":"Snake Plant","floor":27.0,"turns":5.0},{"damage":37,"enemies":"Slavers","floor":28,"turns":2}],"seed_played":"6501168503750982383","potions_obtained":[{"floor":1.0,"key":"GamblersBrew"},{"floor":8.0,"key":"GamblersBrew"},{"floor":11.0,"key":"LiquidBronze"},{"floor":24.0,"key":"Swift Potion"},{"floor":27.0,"key":"SpeedPotion"}],"is_trial":false,"path_per_floor":["M","?","?","?","T","E","R","E","T","M","E","M","M","E","R","B",null,"M","?","?","$","T","R","M","E","T","M","E"],"character_chosen":"DEFECT","items_purchased":["Dead Branch","Anchor"],"campfire_rested":1,"item_purchase_floors":[21,21],"current_hp_per_floor":[64,53,32,55,55,55,55,55,55,50,23,23,10,16,16,20,58,36,36,36,36,36,57,64,47,47,36,0],"gold":118,"neow_bonus":"THREE_ENEMY_KILL","is_prod":false,"is_daily":false,"chose_seed":true,"campfire_upgraded":2,"win_rate":0,"timestamp":1548989590,"path_taken":["M","?","?","?","?","E","R","E","T","?","E","M","M","E","R","BOSS","M","?","?","$","?","R","?","E","T","?","E"],"build_version":"2019-01-23","purchased_purges":1,"victory":false,"max_hp_per_floor":[71,71,71,71,71,71,71,71,71,71,71,71,71,71,71,71,71,71,71,71,71,71,71,71,71,71,71,71],"card_choices":[{"not_picked":["Leap","Redo"],"picked":"Loop","floor":1.0},{"not_picked":["Echo Form","Undo"],"picked":"Coolheaded","floor":6.0},{"not_picked":["Sunder","Redo"],"picked":"Ball Lightning","floor":8.0},{"not_picked":["Reprogram","Sweeping Beam","Undo"],"picked":"SKIP","floor":10.0},{"not_picked":["Reprogram","Sweeping Beam"],"picked":"Undo","floor":10.0},{"not_picked":["Rebound","Redo"],"picked":"Consume","floor":11.0},{"not_picked":["Scrape","Rebound","Fusion"],"picked":"SKIP","floor":12.0},{"not_picked":["Scrape","Rebound","Fusion"],"picked":"SKIP","floor":12.0},{"not_picked":["Scrape","Double Energy"],"picked":"Self Repair","floor":13.0},{"not_picked":["Steam","Compile Driver"],"picked":"Heatsinks","floor":14.0},{"not_picked":["Storm","Stack+1"],"picked":"Conserve Battery+1","floor":18.0},{"not_picked":["Heatsinks","Consume+1","Barrage+1"],"picked":"SKIP","floor":24.0},{"not_picked":["Heatsinks","Consume+1","Barrage+1"],"picked":"SKIP","floor":24.0},{"not_picked":["Sunder","Self Repair"],"picked":"Defragment+1","floor":25.0},{"not_picked":["Rebound","Stack+1"],"picked":"Cold Snap","floor":27.0}],"player_experience":1252562,"relics_obtained":[{"floor":6.0,"key":"Bag of Marbles"},{"floor":8.0,"key":"Shuriken"},{"floor":9.0,"key":"Kunai"},{"floor":11.0,"key":"Bronze Scales"},{"floor":14.0,"key":"Toxic Egg 2"},{"floor":22.0,"key":"Ornamental Fan"},{"floor":25.0,"key":"Orichalcum"},{"floor":26.0,"key":"Whetstone"}],"event_choices":[{"damage_healed":0.0,"max_hp_gain":0.0,"max_hp_loss":0.0,"gold_gain":75.0,"event_name":"World of Goop","player_choice":"Gather Gold","floor":2.0,"gold_loss":0.0,"damage_taken":11.0},{"damage_healed":0.0,"max_hp_gain":0.0,"max_hp_loss":0.0,"gold_gain":0.0,"event_name":"Shining Light","player_choice":"Entered Light","floor":3.0,"gold_loss":0.0,"damage_taken":21.0,"cards_upgraded":["Defend_B","Strike_B"]},{"damage_healed":23.0,"max_hp_gain":0.0,"max_hp_loss":0.0,"gold_gain":0.0,"event_name":"Big Fish","player_choice":"Banana","floor":4.0,"gold_loss":0.0,"damage_taken":0.0},{"damage_healed":0.0,"max_hp_gain":0.0,"max_hp_loss":0.0,"gold_gain":50.0,"event_name":"Nest","player_choice":"Stole From Cult","floor":19.0,"gold_loss":0.0,"damage_taken":0.0},{"damage_healed":0.0,"max_hp_gain":0.0,"max_hp_loss":0.0,"gold_gain":0.0,"event_name":"The Library","player_choice":"Read","floor":20.0,"gold_loss":0.0,"damage_taken":0.0,"cards_obtained":["FTL"]}],"is_beta":true,"boss_relics":[{"not_picked":["Calling Bell","Velvet Choker"],"picked":"Philosopher\u0027s Stone"}],"items_purged_floors":[21],"is_endless":false,"potions_floor_spawned":[1,8,11,13,24,27],"killed_by":"Slavers","ascension_level":20}