{"gold_per_floor":[118,43,43,59,75,102,102,136,193,193,225,225,304,320,320,399,399,399,399,319,319,319,319,184,184,184,184,184,109,109,109,109,109,109,109,0,0,0,0,0,0,0,0,0],"floor_reached":44,"playtime":3494,"items_purged":["Strike_R"],"score":1042,"play_id":"c49837b1-fb0f-43fe-8323-1212111c8da4","local_time":"20190409014417","is_ascension_mode":true,"campfire_choices":[{"data":"Bash","floor":7,"key":"SMITH"},{"floor":10,"key":"REST"},{"data":"Twin Strike","floor":12,"key":"SMITH"},{"data":"Clothesline","floor":15,"key":"SMITH"},{"data":"Thunderclap","floor":23,"key":"SMITH"},{"floor":27,"key":"REST"},{"floor":32,"key":"REST"},{"data":"Armaments","floor":40,"key":"SMITH"},{"floor":42,"key":"RECALL"}],"neow_cost":"CURSE","seed_source_timestamp":1707945188369900,"circlet_count":0,"master_deck":["AscendersBane","Strike_R","Strike_R","Strike_R","Strike_R","Defend_R","Defend_R","Defend_R","Bash+1","Feed","Pummel","Anger","Thunderclap+1","Twin Strike+1","Shrug It Off","Clothesline+1","Reaper","Shockwave","Thunderclap","Evolve+1","Burning Pact","Shrug It Off","Armaments+1","Immolate","Fiend Fire","Pommel Strike+1","Parasite","Reaper"],"relics":["Burning Blood","Regal Pillow","Red Skull","Tiny Chest","Champion Belt","Frozen Egg 2","Ectoplasm","Ice Cream","Dodecahedron","Gremlin Horn","Bird Faced Urn","Shuriken","Blood Vial","Sozu","Red Mask","Singing Bowl"],"potions_floor_usage":[16,20,21,25,31],"damage_taken":[{"damage":21,"enemies":"Jaw Worm","floor":1,"turns":5},{"damage":0,"enemies":"Small Slimes","floor":4,"turns":2},{"damage":0,"enemies":"Cultist","floor":5,"turns":2},{"damage":32,"enemies":"Gremlin Nob","floor":6,"turns":4},{"damage":35,"enemies":"3 Sentries","floor":8,"turns":8},{"damage":32,"enemies":"Gremlin Nob","floor":11,"turns":4},{"damage":0,"enemies":"Large Slime","floor":14,"turns":5},{"damage":20,"enemies":"Hexaghost","floor":16,"turns":7},{"damage":28,"enemies":"Shell Parasite","floor":18,"turns":4},{"damage":24,"enemies":"Colosseum Slavers","floor":19,"turns":5},{"damage":35,"enemies":"Colosseum Nobs","floor":19,"turns":5},{"damage":8,"enemies":"2 Thieves","floor":20,"turns":4},{"damage":7,"enemies":"Centurion and Healer","floor":21,"turns":6},{"damage":22,"enemies":"Cultist and Chosen","floor":22,"turns":7},{"damage":44,"enemies":"Gremlin Leader","floor":25,"turns":5},{"damage":31,"enemies":"Snake Plant","floor":28,"turns":4},{"damage":20,"enemies":"Snecko","floor":30,"turns":5},{"damage":27,"enemies":"Slavers","floor":31,"turns":6},{"damage":102,"enemies":"Collector","floor":33,"turns":11},{"damage":4,"enemies":"Orb Walker","floor":35,"turns":4},{"damage":21,"enemies":"3 Darklings","floor":38,"turns":3},{"damage":34,"enemies":"Writhing Mass","floor":39,"turns":9},{"damage":16,"enemies":"Reptomancer","floor":41,"turns":4},{"damage":115,"enemies":"Giant Head","floor":44,"turns":7}],"seed_played":"2021206461994843238","potions_obtained":[{"floor":6,"key":"SpeedPotion"},{"floor":8,"key":"GamblersBrew"},{"floor":19,"key":"Explosive Potion"},{"floor":20,"key":"SkillPotion"},{"floor":25,"key":"SpeedPotion"},{"floor":28,"key":"PowerPotion"}],"is_trial":false,"path_per_floor":["M","?","$","M","M","E","R","E","T","R","E","R","T","M","R","B",null,"M","?","M","M","M","R","?","E","T","R","M","$","M","E","R","B",null,"M","?","?","M","M","R","E","R","T","E"],"character_chosen":"IRONCLAD","items_purchased":[],"campfire_rested":3,"item_purchase_floors":[],"current_hp_per_floor":[56,56,56,65,74,48,48,22,22,63,40,40,40,49,49,38,82,63,37,48,67,63,63,63,37,37,83,60,60,57,70,108,34,92,103,103,103,92,79,79,76,76,76,0],"gold":0,"neow_bonus":"THREE_RARE_CARDS","is_prod":false,"is_daily":false,"chose_seed":false,"campfire_upgraded":5,"win_rate":0,"timestamp":1554770657,"path_taken":["M","?","$","M","M","E","R","E","T","R","E","R","?","M","R","BOSS","M","?","M","M","M","R","?","E","T","R","?","$","M","E","R","BOSS","M","?","?","M","M","R","E","R","T","E"],"build_version":"2019-01-23","purchased_purges":1,"victory":false,"max_hp_per_floor":[78,78,78,81,84,84,84,87,87,87,90,90,90,93,93,96,96,96,99,102,105,105,105,105,105,105,105,105,105,105,108,108,111,111,111,111,111,111,115,115,118,118,118,118],"card_choices":[{"not_picked":["Barricade","Limit Break"],"picked":"Feed","floor":0},{"not_picked":["Warcry","Seeing Red"],"picked":"Pummel","floor":1},{"not_picked":["Battle Trance","Searing Blow"],"picked":"Anger","floor":4},{"not_picked":["Perfected Strike","Havoc"],"picked":"Thunderclap","floor":5},{"not_picked":["Berserk","Evolve"],"picked":"Twin Strike","floor":6},{"not_picked":["Reckless Charge","Body Slam"],"picked":"Shrug It Off","floor":8},{"not_picked":["Thunderclap","Combust","Clash"],"picked":"SKIP","floor":11},{"not_picked":["Pommel Strike","Dual Wield"],"picked":"Clothesline","floor":14},{"not_picked":["Limit Break","Demon Form+1"],"picked":"Reaper","floor":16},{"not_picked":["Wild Strike","Clothesline"],"picked":"Shockwave","floor":18},{"not_picked":["True Grit","Pummel"],"picked":"Thunderclap","floor":20},{"not_picked":["Rampage","Thunderclap","Cleave"],"picked":"SKIP","floor":21},{"not_picked":["Sentinel","Fire Breathing+1"],"picked":"Evolve+1","floor":22},{"not_picked":["Armaments","Infernal Blade+1"],"picked":"Burning Pact","floor":25},{"not_picked":["Cleave","Thunderclap"],"picked":"Shrug It Off","floor":28},{"not_picked":["Havoc","Perfected Strike"],"picked":"Armaments","floor":30},{"not_picked":["Brutality+1","Body Slam"],"picked":"Immolate","floor":31},{"not_picked":["Bludgeon","Barricade+1"],"picked":"Fiend Fire","floor":33},{"not_picked":["Entrench","Reckless Charge+1","Iron Wave+1"],"picked":"SKIP","floor":35},{"not_picked":["Twin Strike","True Grit"],"picked":"Pommel Strike+1","floor":38},{"not_picked":["Thunderclap+1","Warcry","Perfected Strike"],"picked":"SKIP","floor":39},{"not_picked":["Body Slam","Shrug It Off+1"],"picked":"Reaper","floor":41}],"player_experience":2613693,"relics_obtained":[{"floor":6,"key":"Regal Pillow"},{"floor":8,"key":"Red Skull"},{"floor":9,"key":"Tiny Chest"},{"floor":11,"key":"Champion Belt"},{"floor":13,"key":"Frozen Egg 2"},{"floor":19,"key":"Ice Cream"},{"floor":19,"key":"Dodecahedron"},{"floor":25,"key":"Bird Faced Urn"},{"floor":26,"key":"Shuriken"},{"floor":31,"key":"Blood Vial"},{"floor":41,"key":"Singing Bowl"}],"event_choices":[{"cards_removed":["Normality"],"damage_healed":0,"gold_gain":0,"player_choice":"Card Removal","damage_taken":0,"max_hp_gain":0,"max_hp_loss":0,"event_name":"The Cleric","floor":2,"gold_loss":75},{"damage_healed":0,"gold_gain":0,"player_choice":"Fight","damage_taken":0,"max_hp_gain":0,"max_hp_loss":0,"event_name":"Colosseum","floor":19,"gold_loss":0},{"damage_healed":0,"gold_gain":0,"player_choice":"Fought Nobs","damage_taken":0,"max_hp_gain":0,"max_hp_loss":0,"event_name":"Colosseum","floor":19,"gold_loss":0},{"damage_healed":0,"gold_gain":0,"player_choice":"Paid Gold","damage_taken":0,"relics_obtained":["Gremlin Horn"],"max_hp_gain":0,"max_hp_loss":0,"event_name":"WeMeetAgain","floor":24,"gold_loss":135},{"damage_healed":0,"gold_gain":0,"player_choice":"Paid","damage_taken":0,"relics_obtained":["Red Mask"],"max_hp_gain":0,"max_hp_loss":0,"event_name":"Tomb of Lord Red Mask","floor":36,"gold_loss":109},{"cards_removed":["Defend_R"],"damage_healed":0,"gold_gain":0,"player_choice":"Removed Skill","damage_taken":0,"max_hp_gain":0,"max_hp_loss":0,"event_name":"Falling","floor":37,"gold_loss":0}],"is_beta":false,"boss_relics":[{"not_picked":["Orrery","White Beast Statue"],"picked":"Ectoplasm"},{"not_picked":["Eternal Feather","Coffee Dripper"],"picked":"Sozu"}],"items_purged_floors":[29],"is_endless":false,"potions_floor_spawned":[6,8,11,19,19,20,25,28,35,41],"killed_by":"Giant Head","ascension_level":20}