{"gold_per_floor":[118,131,131,141,159,159,179,104,104,104,137,137,137,163,163,239,239,257,257,257,14,14,42,42,71,71,83,124,170,57,67,67,145,145,162,123,123,171,188,220,238,266,266,299,317,330,362,380,380,380],"floor_reached":51,"playtime":2027,"items_purged":["Strike_R","Strike_R","Strike_R"],"score":1504,"play_id":"4046cf13-2bd6-4e60-af5d-78dc0dd90a69","local_time":"20190417100910","is_ascension_mode":true,"campfire_choices":[{"data":"Uppercut","floor":6,"key":"SMITH"},{"data":"Whirlwind","floor":10,"key":"SMITH"},{"data":"Demon Form","floor":12,"key":"SMITH"},{"data":"Shrug It Off","floor":15,"key":"SMITH"},{"data":"Armaments","floor":24,"key":"SMITH"},{"data":"Spot Weakness","floor":27,"key":"SMITH"},{"data":"Shrug It Off","floor":32,"key":"SMITH"},{"data":"True Grit","floor":49,"key":"SMITH"}],"neow_cost":"NONE","seed_source_timestamp":7287159805162,"circlet_count":0,"master_deck":["AscendersBane","Defend_R","Defend_R","Defend_R","Defend_R","Bash","Uppercut+1","Shrug It Off+1","Whirlwind+1","Demon Form+1","Spot Weakness+1","Reaper+1","Sword Boomerang+1","Iron Wave+1","Armaments+1","Pommel Strike+1","Shrug It Off","Shrug It Off+1","Twin Strike+1","Pummel+1","Feed+1","Brutality+1","Iron Wave+1","Pummel+1","Battle Trance","Feel No Pain","Iron Wave+1","True Grit+1","Warcry+1","Seeing Red+1"],"relics":["Burning Blood","Ginger","Molten Egg 2","Juzu Bracelet","FossilizedHelix","Coffee Dripper","Red Skull","Smiling Mask","Boot","MawBank","Red Mask","Self Forming Clay","Astrolabe","Torii","Blue Candle","Darkstone Periapt","Shuriken","PreservedInsect","Centennial Puzzle"],"potions_floor_usage":[14,23,33,40,42,44],"damage_taken":[{"damage":6,"enemies":"Cultist","floor":1,"turns":3},{"damage":5,"enemies":"Small Slimes","floor":2,"turns":3},{"damage":14,"enemies":"Jaw Worm","floor":4,"turns":4},{"damage":20,"enemies":"Exordium Wildlife","floor":5,"turns":5},{"damage":3,"enemies":"Looter","floor":7,"turns":3},{"damage":12,"enemies":"Gremlin Nob","floor":11,"turns":4},{"damage":13,"enemies":"3 Sentries","floor":14,"turns":6},{"damage":0,"enemies":"Slime Boss","floor":16,"turns":5},{"damage":22,"enemies":"Spheric Guardian","floor":18,"turns":4},{"damage":26,"enemies":"Book of Stabbing","floor":23,"turns":5},{"damage":12,"enemies":"Gremlin Leader","floor":25,"turns":6},{"damage":0,"enemies":"Masked Bandits","floor":28,"turns":2},{"damage":24,"enemies":"Book of Stabbing","floor":29,"turns":5},{"damage":0,"enemies":"Chosen","floor":31,"turns":4},{"damage":49,"enemies":"Automaton","floor":33,"turns":9},{"damage":3,"enemies":"Orb Walker","floor":35,"turns":3},{"damage":41,"enemies":"2 Orb Walkers","floor":38,"turns":4},{"damage":15,"enemies":"3 Darklings","floor":39,"turns":4},{"damage":19,"enemies":"Nemesis","floor":40,"turns":7},{"damage":4,"enemies":"Transient","floor":41,"turns":5},{"damage":60,"enemies":"Giant Head","floor":42,"turns":9},{"damage":43,"enemies":"Reptomancer","floor":44,"turns":8},{"damage":19,"enemies":"Writhing Mass","floor":45,"turns":6},{"damage":17,"enemies":"3 Darklings","floor":46,"turns":5},{"damage":29,"enemies":"Giant Head","floor":47,"turns":7},{"damage":50,"enemies":"Jaw Worm Horde","floor":48,"turns":5},{"damage":66,"enemies":"Time Eater","floor":50,"turns":9}],"seed_played":"-364452683409741491","potions_obtained":[{"floor":1,"key":"EssenceOfSteel"},{"floor":2,"key":"PowerPotion"},{"floor":16,"key":"LiquidBronze"},{"floor":23,"key":"SteroidPotion"},{"floor":35,"key":"LiquidBronze"},{"floor":41,"key":"Block Potion"},{"floor":42,"key":"Energy Potion"},{"floor":44,"key":"FearPotion"}],"is_trial":false,"path_per_floor":["M","M","?","M","M","R","M","$","T","R","E","R","T","E","R","B",null,"M","?","?","$","$","E","R","E","T","R","?","E","$","M","R","B",null,"M","$","?","?","M","E","M","E","T","E","M","M","E","M","R","B",null],"character_chosen":"IRONCLAD","items_purchased":["Red Skull","Shrug It Off","Twin Strike+1","Feel No Pain"],"campfire_rested":0,"item_purchase_floors":[21,30,30,36],"current_hp_per_floor":[75,76,76,68,54,54,57,57,57,57,51,51,51,44,44,50,74,69,69,69,69,69,61,61,79,79,79,82,64,64,77,77,58,76,86,86,82,56,73,69,86,46,46,33,53,86,63,70,70,56],"gold":380,"neow_bonus":"TEN_PERCENT_HP_BONUS","is_prod":false,"is_daily":false,"chose_seed":false,"campfire_upgraded":8,"win_rate":0,"timestamp":1555520950,"path_taken":["M","?","?","M","M","R","M","$","T","R","E","R","?","E","R","BOSS","M","?","?","?","$","E","R","E","T","R","?","E","$","M","R","BOSS","M","$","?","?","M","E","M","E","T","E","M","M","E","M","R","BOSS"],"build_version":"2019-01-23","purchased_purges":3,"victory":true,"max_hp_per_floor":[82,82,82,82,82,82,82,82,82,82,82,82,82,82,82,82,82,82,82,82,82,82,82,82,82,82,82,82,82,82,82,82,82,82,86,86,82,82,86,86,86,86,86,86,86,86,86,86,86,86],"card_choices":[{"not_picked":["Perfected Strike","Bloodletting"],"picked":"Uppercut","floor":1},{"not_picked":["Warcry","Headbutt"],"picked":"Cleave","floor":2},{"not_picked":["Blood for Blood","Rupture","Heavy Blade"],"picked":"SKIP","floor":4},{"not_picked":["Headbutt","Shockwave"],"picked":"Shrug It Off","floor":5},{"not_picked":["Cleave","Body Slam"],"picked":"Whirlwind","floor":7},{"not_picked":["Warcry","Perfected Strike"],"picked":"Demon Form","floor":11},{"not_picked":["Uppercut+1","Inflame"],"picked":"Spot Weakness","floor":14},{"not_picked":["Bludgeon+1","Brutality"],"picked":"Reaper+1","floor":16},{"not_picked":["Clothesline+1","Heavy Blade+1"],"picked":"Sword Boomerang+1","floor":18},{"not_picked":["Clash+1","Combust"],"picked":"Armaments","floor":23},{"not_picked":["Dual Wield","Armaments"],"picked":"Pommel Strike+1","floor":25},{"not_picked":["Havoc","Thunderclap+1"],"picked":"Shrug It Off","floor":29},{"not_picked":["Dual Wield+1","Shrug It Off"],"picked":"Pummel+1","floor":31},{"not_picked":["Bludgeon+1","Berserk"],"picked":"Feed+1","floor":33},{"not_picked":["Iron Wave+1","Pommel Strike+1"],"picked":"Battle Trance","floor":35},{"not_picked":["Flex","Heavy Blade+1"],"picked":"Iron Wave+1","floor":38},{"not_picked":["Sever Soul+1","Body Slam+1","Corruption"],"picked":"SKIP","floor":39},{"not_picked":["Reckless Charge+1","Rupture","Clash+1"],"picked":"SKIP","floor":40},{"not_picked":["Twin Strike+1","Thunderclap+1"],"picked":"True Grit","floor":41},{"not_picked":["Thunderclap+1","Ghostly Armor","Inflame"],"picked":"SKIP","floor":42},{"not_picked":["Thunderclap+1","Feed+1","True Grit"],"picked":"SKIP","floor":44},{"not_picked":["Shockwave","Whirlwind+1"],"picked":"Warcry+1","floor":45},{"not_picked":["Flex","Uppercut+1","Anger+1"],"picked":"SKIP","floor":46},{"not_picked":["Sever Soul+1","Entrench"],"picked":"Seeing Red+1","floor":47},{"not_picked":["Sentinel","Sword Boomerang+1","Heavy Blade+1"],"picked":"SKIP","floor":48}],"player_experience":2454318,"relics_obtained":[{"floor":9,"key":"Ginger"},{"floor":11,"key":"Molten Egg 2"},{"floor":13,"key":"Juzu Bracelet"},{"floor":14,"key":"FossilizedHelix"},{"floor":23,"key":"Smiling Mask"},{"floor":25,"key":"Boot"},{"floor":26,"key":"MawBank"},{"floor":28,"key":"Red Mask"},{"floor":29,"key":"Self Forming Clay"},{"floor":38,"key":"Torii"},{"floor":40,"key":"Blue Candle"},{"floor":42,"key":"Darkstone Periapt"},{"floor":43,"key":"Shuriken"},{"floor":44,"key":"PreservedInsect"},{"floor":47,"key":"Centennial Puzzle"}],"event_choices":[{"damage_healed":0,"gold_gain":0,"player_choice":"Leave","damage_taken":0,"max_hp_gain":0,"max_hp_loss":0,"event_name":"The Cleric","floor":3,"gold_loss":0},{"damage_healed":0,"gold_gain":0,"player_choice":"Ignored","damage_taken":0,"max_hp_gain":0,"max_hp_loss":0,"event_name":"Ghosts","floor":19,"gold_loss":0},{"damage_healed":0,"gold_gain":0,"player_choice":"Read","damage_taken":0,"max_hp_gain":0,"max_hp_loss":0,"event_name":"The Library","floor":20,"gold_loss":0,"cards_obtained":["Iron Wave"]},{"damage_healed":0,"gold_gain":0,"player_choice":"Fought Bandits","damage_taken":0,"max_hp_gain":0,"max_hp_loss":0,"event_name":"Masked Bandits","floor":28,"gold_loss":0},{"damage_healed":0,"gold_gain":0,"player_choice":"Max HP","damage_taken":0,"max_hp_gain":0,"max_hp_loss":4,"event_name":"Winding Halls","floor":37,"gold_loss":0},{"damage_healed":0,"gold_gain":0,"player_choice":"Fight","damage_taken":0,"max_hp_gain":0,"max_hp_loss":0,"event_name":"Mysterious Sphere","floor":38,"gold_loss":0}],"is_beta":false,"boss_relics":[{"not_picked":["Sozu","Ectoplasm"],"picked":"Coffee Dripper"},{"not_picked":["Eternal Feather","Lizard Tail"],"picked":"Astrolabe"}],"items_purged_floors":[8,21,30],"is_endless":false,"potions_floor_spawned":[1,2,16,18,23,29,31,35,41,42,44,47,48],"ascension_level":15}