{"gold_per_floor":[217,10,10,21,38,38,54,54,54,54,74,74,74,94,94,94],"floor_reached":16,"playtime":624,"items_purged":[],"score":179,"play_id":"61455a7a-7692-4441-a3da-b76db9850222","local_time":"20190428212119","is_ascension_mode":true,"campfire_choices":[{"data":"Shockwave","floor":6,"key":"SMITH"},{"data":"Uppercut","floor":10,"key":"SMITH"},{"data":"True Grit","floor":13,"key":"SMITH"},{"data":"True Grit","floor":15,"key":"SMITH"}],"neow_cost":"NONE","seed_source_timestamp":0,"circlet_count":0,"master_deck":["AscendersBane","Strike_R","Strike_R","Strike_R","Strike_R","Defend_R","Defend_R","Defend_R","Defend_R","Bash","Iron Wave","Uppercut+1","Shockwave+1","Heavy Blade","Pommel Strike","True Grit+1","True Grit+1"],"special_seed":0,"relics":["Burning Blood"],"potions_floor_usage":[7,16,16],"damage_taken":[{"damage":6.0,"enemies":"Cultist","floor":1.0,"turns":3.0},{"damage":4,"enemies":"Jaw Worm","floor":4,"turns":3},{"damage":4,"enemies":"2 Louse","floor":5,"turns":3},{"damage":19,"enemies":"Exordium Wildlife","floor":7,"turns":4},{"damage":11,"enemies":"Red Slaver","floor":11,"turns":3},{"damage":11,"enemies":"Looter","floor":14,"turns":3},{"damage":49,"enemies":"Hexaghost","floor":16,"turns":14}],"seed_played":"-1501005630932096069","potions_obtained":[{"floor":1.0,"key":"Block Potion"},{"floor":4,"key":"GamblersBrew"},{"floor":14,"key":"EssenceOfSteel"}],"is_trial":false,"path_per_floor":["M","$","?","M","M","R","M","$","T","R","M","?","R","M","R","B"],"character_chosen":"IRONCLAD","items_purchased":["Uppercut","Shockwave","Heavy Blade"],"campfire_rested":0,"item_purchase_floors":[2,2,2],"current_hp_per_floor":[68,68,68,70,72,72,59,59,59,59,54,54,54,49,49,0],"gold":94,"neow_bonus":"HUNDRED_GOLD","is_prod":false,"is_daily":false,"chose_seed":false,"campfire_upgraded":4,"win_rate":0,"timestamp":1556475679,"path_taken":["M","$","?","M","M","R","M","$","T","R","?","?","R","M","R","BOSS"],"build_version":"2019-01-23","purchased_purges":0,"victory":false,"max_hp_per_floor":[75,75,75,75,75,75,75,75,75,75,75,75,75,75,75,75],"card_choices":[{"not_picked":["Rupture","Headbutt"],"picked":"Iron Wave","floor":1.0},{"not_picked":["Perfected Strike","Thunderclap","Clash"],"picked":"SKIP","floor":4},{"not_picked":["Headbutt","Juggernaut"],"picked":"Pommel Strike","floor":5},{"not_picked":["Reckless Charge","Thunderclap","Flex"],"picked":"SKIP","floor":7},{"not_picked":["Iron Wave","Warcry"],"picked":"True Grit","floor":11},{"not_picked":["Corruption","Iron Wave"],"picked":"True Grit","floor":14}],"player_experience":350897,"relics_obtained":[],"event_choices":[{"cards_removed":["Strike_R"],"damage_healed":0,"gold_gain":0,"player_choice":"Offered Basic","damage_taken":0,"max_hp_gain":0,"max_hp_loss":0,"event_name":"Bonfire Elementals","floor":3,"gold_loss":0},{"damage_healed":0,"gold_gain":0,"player_choice":"Ignored","damage_taken":0,"max_hp_gain":0,"max_hp_loss":0,"event_name":"Golden Idol","floor":12,"gold_loss":0}],"is_beta":false,"boss_relics":[],"items_purged_floors":[],"is_endless":false,"potions_floor_spawned":[1,4,14],"killed_by":"Hexaghost","ascension_level":19}