{"gold_per_floor":[119,134,134,19,19,47,47,77,77,77,77,94,104,138,150,162],"floor_reached":16,"playtime":583,"items_purged":[],"score":229,"play_id":"41edd414-ce33-4748-9258-91c909a24824","local_time":"20181224184929","is_ascension_mode":true,"campfire_choices":[{"data":"Adrenaline","floor":7,"key":"SMITH"},{"data":"Skewer","floor":11,"key":"SMITH"},{"data":"Dodge and Roll","floor":15,"key":"SMITH"}],"neow_cost":"NONE","seed_source_timestamp":315453032799211,"circlet_count":0,"master_deck":["AscendersBane","Defend_G","Defend_G","Defend_G","Defend_G","Defend_G","Strike_G","Strike_G","Strike_G","Strike_G","Strike_G","Survivor","Neutralize","Flying Knee","Slice","Skewer+1","Blur","Regret","Adrenaline+1","Cloak And Dagger","Cloak And Dagger","Calculated Gamble","Dodge and Roll+1"],"relics":["Ring of the Snake","NeowsBlessing","Question Card","Oddly Smooth Stone","Calipers","Bronze Scales","MawBank"],"potions_floor_usage":[14,14],"damage_taken":[{"damage":0,"enemies":"Cultist","floor":1,"turns":1},{"damage":0,"enemies":"Jaw Worm","floor":2,"turns":1},{"damage":0,"enemies":"Lagavulin","floor":6,"turns":1},{"damage":9,"enemies":"3 Sentries","floor":8,"turns":9},{"damage":1,"enemies":"Small Slimes","floor":12,"turns":3},{"damage":2,"enemies":"2 Fungi Beasts","floor":13,"turns":4},{"damage":19,"enemies":"Gremlin Nob","floor":14,"turns":4},{"damage":44,"enemies":"Hexaghost","floor":16,"turns":16}],"seed_played":"-5907609948607092370","potions_obtained":[{"floor":2,"key":"SneckoOil"},{"floor":10,"key":"Strength Potion"},{"floor":10,"key":"AttackPotion"},{"floor":13,"key":"Regen Potion"}],"is_trial":false,"path_per_floor":["M","M","?","$","?","E","R","E","T","?","R","M","M","E","R","B"],"character_chosen":"THE_SILENT","items_purchased":["Skewer","Blur"],"campfire_rested":0,"item_purchase_floors":[4,4],"current_hp_per_floor":[63,63,63,63,63,63,63,54,54,54,54,53,51,44,44,0],"gold":162,"neow_bonus":"THREE_ENEMY_KILL","is_prod":false,"is_daily":false,"chose_seed":false,"campfire_upgraded":3,"win_rate":0,"timestamp":1545673769,"path_taken":["M","M","?","$","?","E","R","E","T","?","R","M","?","E","R","BOSS"],"build_version":"2018-12-20","purchased_purges":0,"victory":false,"max_hp_per_floor":[70,70,70,70,70,70,70,70,70,70,70,70,70,70,70,70],"card_choices":[{"not_picked":["Deflect","Eviscerate"],"picked":"Flying Knee","floor":1},{"not_picked":["Expertise","Outmaneuver"],"picked":"Slice","floor":2},{"not_picked":["Riddle With Holes","Phantasmal Killer","Prepared"],"picked":"Adrenaline","floor":6},{"not_picked":["Calculated Gamble","Bane","Acrobatics"],"picked":"Cloak And Dagger","floor":8},{"not_picked":["Dagger Spray","Sucker Punch","Reflex"],"picked":"Cloak And Dagger","floor":12},{"not_picked":["Catalyst","Outmaneuver","Dagger Spray"],"picked":"Calculated Gamble","floor":13},{"not_picked":["Doppelganger","Deadly Poison","Skewer"],"picked":"Dodge and Roll","floor":14}],"player_experience":384090,"relics_obtained":[{"floor":6,"key":"Oddly Smooth Stone"},{"floor":8,"key":"Calipers"},{"floor":9,"key":"Bronze Scales"},{"floor":14,"key":"MawBank"}],"event_choices":[{"damage_healed":0,"gold_gain":0,"player_choice":"Leave","damage_taken":0,"max_hp_gain":0,"max_hp_loss":0,"event_name":"The Cleric","floor":3,"gold_loss":0},{"damage_healed":0,"gold_gain":0,"player_choice":"Box","damage_taken":0,"relics_obtained":["Question Card"],"max_hp_gain":0,"max_hp_loss":0,"event_name":"Big Fish","floor":5,"gold_loss":0,"cards_obtained":["Regret"]},{"damage_healed":0,"gold_gain":0,"player_choice":"Got Potions","damage_taken":0,"max_hp_gain":0,"max_hp_loss":0,"event_name":"Lab","floor":10,"gold_loss":0}],"is_beta":false,"boss_relics":[],"items_purged_floors":[],"is_endless":false,"potions_floor_spawned":[2,12,13],"killed_by":"Hexaghost","ascension_level":12}