{"path_per_floor":["M","M","M","M","M","R","E","?","T","?","R","$","R","E","R","B",null,"M","$","$","M","M","E","M","E","T","M","?","$","E","M","R","B",null,"M","?","?","?","M","E","R","M","T","R","E","$","?","$","R","B"],"character_chosen":"THE_SILENT","items_purchased":["Oddly Smooth Stone","Footwork","Tools of the Trade","Matryoshka","Incense Burner","Thread and Needle"],"gold_per_floor":[119,133,147,162,178,178,206,186,240,240,240,96,96,134,134,262,262,286,286,217,240,261,295,310,348,378,403,403,20,55,70,70,198,198,214,514,514,514,533,568,568,588,588,588,626,331,331,21,21,21],"floor_reached":51,"campfire_rested":0,"playtime":4235,"item_purchase_floors":[12,20,29,29,46,48],"current_hp_per_floor":[70,70,70,70,70,70,67,67,67,50,50,50,50,40,40,40,70,70,70,70,70,70,70,70,61,61,59,59,59,59,59,59,48,70,70,70,70,61,61,61,61,61,61,61,48,48,48,48,48,48],"items_purged":[],"gold":21,"score":1018,"play_id":"988ecccb-fff5-4ecb-8f8a-c09c85f20f06","local_time":"20180618153336","daily_mods":["Draft"],"is_prod":false,"is_daily":false,"chose_seed":true,"is_ascension_mode":true,"campfire_upgraded":8,"win_rate":0,"timestamp":1529361216,"campfire_choices":[{"data":"Dagger Spray","floor":6,"key":"SMITH"},{"data":"Predator","floor":11,"key":"SMITH"},{"data":"Sucker Punch","floor":13,"key":"SMITH"},{"data":"Sucker Punch","floor":15,"key":"SMITH"},{"data":"Tools of the Trade","floor":32,"key":"SMITH"},{"data":"A Thousand Cuts","floor":41,"key":"SMITH"},{"data":"Madness","floor":44,"key":"SMITH"},{"data":"Footwork","floor":49,"key":"SMITH"}],"path_taken":["M","M","M","M","M","R","E","?","T","?","R","$","R","E","R","BOSS","M","?","$","M","M","E","M","E","T","M","?","$","E","M","R","BOSS","M","?","?","?","M","E","R","M","T","R","E","$","?","$","R","BOSS"],"build_version":"2018-06-14v2","seed_source_timestamp":14765449689408,"purchased_purges":0,"victory":true,"master_deck":["Flying Knee","Predator+1","Noxious Fumes","Well Laid Plans","Dodge and Roll+1","Deadly Poison","Leg Sweep+1","Leg Sweep","Heel Hook+1","Flying Knee","Leg Sweep","Backflip","Backflip","PiercingWail","Sucker Punch+1","Bouncing Flask","Cloak And Dagger","Dagger Spray+1","Slice","Sucker Punch+1","Bullet Time","Noxious Fumes","Footwork+1","Escape Plan","Acrobatics+1","Tools of the Trade+1","Bullet Time","Bane+1","A Thousand Cuts+1","Leg Sweep+1","PiercingWail+1","Adrenaline","Madness","Madness+1","Crippling Poison+1"],"max_hp_per_floor":[70,70,70,70,70,70,70,70,70,70,70,70,70,70,70,70,70,70,70,70,70,70,70,70,70,70,70,70,70,70,70,70,70,70,70,70,70,70,70,70,70,70,70,70,70,70,70,70,70,70],"special_seed":20635678,"relics":["Ring of the Snake","Juzu Bracelet","War Paint","Golden Idol","Oddly Smooth Stone","Paper Crane","Runic Dome","Bronze Scales","Whetstone","Tiny Chest","Regal Pillow","Matryoshka","Vajra","Coffee Dripper","Old Coin","Potion Belt","Omamori","Toolbox","Question Card","Incense Burner","Thread and Needle"],"card_choices":[{"not_picked":["Reflex","Catalyst"],"picked":"Flying Knee","floor":0},{"not_picked":["Terror","Quick Slash"],"picked":"Predator","floor":0},{"not_picked":["Poisoned Stab","Terror"],"picked":"All Out Attack","floor":0},{"not_picked":["Blade Dance","Sucker Punch"],"picked":"Noxious Fumes","floor":0},{"not_picked":["Deflect","Poisoned Stab"],"picked":"Well Laid Plans","floor":0},{"not_picked":["Slice","Dagger Throw"],"picked":"Dodge and Roll","floor":0},{"not_picked":["Dagger Throw","Expertise"],"picked":"Deadly Poison","floor":0},{"not_picked":["Underhanded Strike","Footwork"],"picked":"Leg Sweep","floor":0},{"not_picked":["PiercingWail","Deadly Poison"],"picked":"Leg Sweep","floor":0},{"not_picked":["Reflex","Outmaneuver"],"picked":"Heel Hook","floor":0},{"not_picked":["PiercingWail","Underhanded Strike"],"picked":"Flying Knee","floor":0},{"not_picked":["Expertise","Reflex"],"picked":"Leg Sweep","floor":0},{"not_picked":["Terror","PiercingWail"],"picked":"Backflip","floor":0},{"not_picked":["Outmaneuver","Underhanded Strike"],"picked":"Backflip","floor":0},{"not_picked":["Deadly Poison","Distraction"],"picked":"PiercingWail","floor":0},{"not_picked":["Dodge and Roll","Infinite Blades"],"picked":"Sucker Punch","floor":1},{"not_picked":["Masterful Stab","Sucker Punch"],"picked":"Bouncing Flask","floor":2},{"not_picked":["Poisoned Stab","Acrobatics","Bane"],"picked":"SKIP","floor":3},{"not_picked":["Masterful Stab","Underhanded Strike"],"picked":"Cloak And Dagger","floor":4},{"not_picked":["Deadly Poison","Unload"],"picked":"Dagger Spray","floor":5},{"not_picked":["Blur","Distraction"],"picked":"Slice","floor":7},{"not_picked":["Deadly Poison","Cloak And Dagger"],"picked":"Sucker Punch","floor":14},{"not_picked":["After Image","Venomology"],"picked":"Bullet Time","floor":16},{"not_picked":["Bane+1","Setup"],"picked":"Noxious Fumes","floor":18},{"not_picked":["Accuracy","All Out Attack","Concentrate"],"picked":"SKIP","floor":21},{"not_picked":["Flying Knee","Well Laid Plans","Dagger Spray"],"picked":"SKIP","floor":22},{"not_picked":["Sucker Punch","Outmaneuver"],"picked":"Escape Plan","floor":23},{"not_picked":["Cloak And Dagger","Flying Knee","Quick Slash"],"picked":"SKIP","floor":24},{"not_picked":["All Out Attack","A Thousand Cuts"],"picked":"Acrobatics+1","floor":25},{"not_picked":["Flying Knee","Underhanded Strike","Bane"],"picked":"SKIP","floor":27},{"not_picked":["Blur","Dagger Spray"],"picked":"Bullet Time","floor":30},{"not_picked":["Caltrops","Footwork"],"picked":"Bane+1","floor":31},{"not_picked":["Bullet Time","Tactician"],"picked":"A Thousand Cuts","floor":33},{"not_picked":["Flying Knee","Outmaneuver+1"],"picked":"Leg Sweep+1","floor":35},{"not_picked":["Dagger Throw+1","Slice"],"picked":"PiercingWail+1","floor":36},{"not_picked":["Prepared","Bane+1"],"picked":"Crippling Poison+1","floor":39},{"not_picked":["Concentrate","Cloak And Dagger","Venomology"],"picked":"SKIP","floor":40},{"not_picked":["Bouncing Flask","Flying Knee","Deadly Poison"],"picked":"SKIP","floor":42},{"not_picked":["Flechettes","Deadly Poison","Riddle With Holes+1"],"picked":"SKIP","floor":45}],"player_experience":570404,"potions_floor_usage":[7,23,30,50,50],"damage_taken":[{"damage":0,"enemies":"2 Louse","floor":1,"turns":3},{"damage":0,"enemies":"Cultist","floor":2,"turns":2},{"damage":0,"enemies":"Jaw Worm","floor":3,"turns":3},{"damage":0,"enemies":"2 Fungi Beasts","floor":4,"turns":3},{"damage":0,"enemies":"Looter","floor":5,"turns":3},{"damage":3,"enemies":"3 Sentries","floor":7,"turns":4},{"damage":10,"enemies":"Gremlin Nob","floor":14,"turns":4},{"damage":0,"enemies":"Slime Boss","floor":16,"turns":6},{"damage":0,"enemies":"2 Thieves","floor":18,"turns":3},{"damage":0,"enemies":"Spheric Guardian","floor":21,"turns":5},{"damage":0,"enemies":"Slaver and Parasite","floor":22,"turns":6},{"damage":0,"enemies":"Gremlin Leader","floor":23,"turns":5},{"damage":0,"enemies":"Chosen and Byrds","floor":24,"turns":6},{"damage":9,"enemies":"Book of Stabbing","floor":25,"turns":4},{"damage":2,"enemies":"Snake Plant","floor":27,"turns":3},{"damage":0,"enemies":"Gremlin Leader","floor":30,"turns":5},{"damage":0,"enemies":"Snecko","floor":31,"turns":4},{"damage":11,"enemies":"Champ","floor":33,"turns":8},{"damage":0,"enemies":"3 Darklings","floor":35,"turns":3},{"damage":0,"floor":36,"turns":6},{"damage":0,"enemies":"Orb Walker","floor":39,"turns":2},{"damage":0,"enemies":"Giant Head","floor":40,"turns":8},{"damage":0,"enemies":"3 Darklings","floor":42,"turns":4},{"damage":13,"enemies":"Nemesis","floor":45,"turns":5},{"damage":0,"enemies":"Time Eater","floor":50,"turns":11}],"relics_obtained":[{"floor":7,"key":"Juzu Bracelet"},{"floor":9,"key":"War Paint"},{"floor":14,"key":"Paper Crane"},{"floor":23,"key":"Bronze Scales"},{"floor":25,"key":"Whetstone"},{"floor":26,"key":"Tiny Chest"},{"floor":30,"key":"Vajra"},{"floor":36,"key":"Old Coin"},{"floor":40,"key":"Potion Belt"},{"floor":43,"key":"Omamori"},{"floor":43,"key":"Toolbox"},{"floor":45,"key":"Question Card"}],"event_choices":[{"event_name":"The Woman in Blue","player_choice":"Bought 1 Potion","floor":8,"damage_taken":0},{"event_name":"Golden Idol","player_choice":"Take Damage","floor":10,"damage_taken":0},{"event_name":"The Mausoleum","player_choice":"Yes","floor":28,"damage_taken":0},{"event_name":"MindBloom","player_choice":"Fight","floor":36,"damage_taken":0},{"event_name":"Match and Keep!","player_choice":"1 cards matched","floor":37,"damage_taken":0},{"event_name":"Winding Halls","player_choice":"Embrace Madness","floor":38,"damage_taken":0},{"event_name":"Falling","player_choice":"Removed Attack","floor":47,"damage_taken":0}],"boss_relics":[{"not_picked":["Calling Bell","Cursed Key"],"picked":"Runic Dome"},{"not_picked":["Runic Pyramid","Eternal Feather"],"picked":"Coffee Dripper"}],"items_purged_floors":[],"is_endless":false,"potions_floor_spawned":[1,2,3,16,18,21,22,24,27,33,35,39,42],"seed_played":"3676865583700449727","ascension_level":1,"potions_obtained":[{"floor":1,"key":"LiquidBronze"},{"floor":2,"key":"AttackPotion"},{"floor":3,"key":"Dexterity Potion"},{"floor":8,"key":"Explosive Potion"},{"floor":22,"key":"EssenceOfSteel"},{"floor":24,"key":"Weak Potion"},{"floor":27,"key":"Fire Potion"},{"floor":33,"key":"GhostInAJar"},{"floor":42,"key":"Strength Potion"}],"is_trial":true}