{"gold_per_floor":[14,164,12,12,62,88,88,119,119,119,136,162,180,197,197,269,269,284,284,127,139,139,139,139],"floor_reached":24,"playtime":876,"items_purged":["Doubt","Strike_R"],"score":424,"play_id":"9705a99e-ba07-4715-a3dc-f02c18816ec1","local_time":"20190415154224","is_ascension_mode":true,"campfire_choices":[{"floor":7.0,"key":"REST"},{"data":"Bash","floor":10.0,"key":"SMITH"},{"data":"Dropkick","floor":15.0,"key":"SMITH"},{"data":"Immolate","floor":23.0,"key":"SMITH"}],"neow_cost":"NO_GOLD","seed_source_timestamp":8617979174399,"circlet_count":0,"master_deck":["AscendersBane","Strike_R","Defend_R","Defend_R","Defend_R","Defend_R","Bash+1","Battle Trance","Dropkick+1","Reckless Charge","Metallicize","Power Through","Immolate+1","Disarm"],"special_seed":0,"relics":["Burning Blood","Lantern","Shuriken","Boot","Matryoshka","Coffee Dripper"],"potions_floor_usage":[],"damage_taken":[{"damage":7.0,"enemies":"Cultist","floor":1.0,"turns":4.0},{"damage":40.0,"enemies":"Lagavulin","floor":6.0,"turns":7.0},{"damage":25.0,"enemies":"3 Sentries","floor":8.0,"turns":9.0},{"damage":2.0,"enemies":"Jaw Worm","floor":11.0,"turns":2.0},{"damage":19.0,"enemies":"Lagavulin","floor":12.0,"turns":5.0},{"damage":7.0,"enemies":"Small Slimes","floor":13.0,"turns":2.0},{"damage":6.0,"enemies":"Gremlin Gang","floor":14.0,"turns":6.0},{"damage":12.0,"enemies":"The Guardian","floor":16.0,"turns":13.0},{"damage":20.0,"enemies":"3 Byrds","floor":18.0,"turns":5.0},{"damage":6.0,"enemies":"Shell Parasite","floor":21.0,"turns":3.0},{"damage":12.0,"enemies":"Colosseum Slavers","floor":22.0,"turns":5.0},{"damage":41,"enemies":"Book of Stabbing","floor":24,"turns":6}],"seed_played":"7446844346733396940","potions_obtained":[{"floor":1.0,"key":"Explosive Potion"},{"floor":11.0,"key":"SteroidPotion"},{"floor":13.0,"key":"Swift Potion"},{"floor":18.0,"key":"FearPotion"},{"floor":21.0,"key":"FearPotion"}],"is_trial":false,"path_per_floor":["M","?","$","?","?","E","R","E","T","R","M","E","M","M","R","B",null,"M","?","$","M","?","R","E"],"character_chosen":"IRONCLAD","items_purchased":["Dropkick","Strength Potion"],"campfire_rested":1,"item_purchase_floors":[3,20],"current_hp_per_floor":[67,67,67,62,62,28,50,31,31,31,35,22,21,21,21,15,60,46,46,46,46,40,40,0],"gold":139,"neow_bonus":"REMOVE_TWO","is_prod":false,"is_daily":false,"chose_seed":false,"campfire_upgraded":3,"win_rate":0,"timestamp":1555314144,"path_taken":["M","?","$","?","?","E","R","E","T","R","M","E","?","M","R","BOSS","M","?","$","M","?","R","E"],"build_version":"2019-01-23","purchased_purges":2,"victory":false,"max_hp_per_floor":[75,75,75,75,75,75,75,75,75,75,75,75,75,75,75,75,75,75,75,75,75,75,75,75],"card_choices":[{"not_picked":["Seeing Red","Flex"],"picked":"Battle Trance","floor":1.0},{"not_picked":["True Grit","Reckless Charge","Fire Breathing"],"picked":"SKIP","floor":6.0},{"not_picked":["True Grit","Fire Breathing"],"picked":"Reckless Charge","floor":6.0},{"not_picked":["Iron Wave","Perfected Strike","Heavy Blade"],"picked":"SKIP","floor":8.0},{"not_picked":["Intimidate","Sentinel"],"picked":"Metallicize","floor":11.0},{"not_picked":["Power Through","Combust","Brutality"],"picked":"SKIP","floor":12.0},{"not_picked":["Combust","Brutality"],"picked":"Power Through","floor":12.0},{"not_picked":["Warcry","Rupture","Shrug It Off"],"picked":"SKIP","floor":13.0},{"not_picked":["Wild Strike","Pummel","Anger"],"picked":"SKIP","floor":14.0},{"not_picked":["Bludgeon","Dark Embrace"],"picked":"Immolate","floor":16.0},{"not_picked":["Hemokinesis","Havoc","Inflame"],"picked":"SKIP","floor":18.0},{"not_picked":["Havoc","Sever Soul"],"picked":"Disarm","floor":21.0}],"player_experience":2978770,"relics_obtained":[{"floor":6.0,"key":"Shuriken"},{"floor":8.0,"key":"Boot"},{"floor":12.0,"key":"Matryoshka"}],"event_choices":[{"damage_healed":0.0,"max_hp_gain":0.0,"max_hp_loss":0.0,"gold_gain":150.0,"event_name":"Liars Game","player_choice":"AGREE","floor":2.0,"gold_loss":0.0,"damage_taken":0.0,"cards_obtained":["Doubt"]},{"damage_healed":0.0,"max_hp_gain":0.0,"max_hp_loss":0.0,"gold_gain":0.0,"event_name":"Scrap Ooze","player_choice":"Success","floor":4.0,"gold_loss":0.0,"damage_taken":5.0,"relics_obtained":["Lantern"]},{"damage_healed":0.0,"max_hp_gain":0.0,"max_hp_loss":0.0,"gold_gain":50.0,"event_name":"Golden Shrine","player_choice":"Pray","floor":5.0,"gold_loss":0.0,"damage_taken":0.0},{"cards_removed":["Strike_R"],"damage_healed":0.0,"max_hp_gain":0.0,"max_hp_loss":0.0,"gold_gain":0.0,"event_name":"Back to Basics","player_choice":"Elegance","floor":19.0,"gold_loss":0.0,"damage_taken":0.0},{"damage_healed":0.0,"max_hp_gain":0.0,"max_hp_loss":0.0,"gold_gain":0.0,"event_name":"Colosseum","player_choice":"Fight","floor":22.0,"gold_loss":0.0,"damage_taken":0.0},{"damage_healed":0.0,"max_hp_gain":0.0,"max_hp_loss":0.0,"gold_gain":0.0,"event_name":"Colosseum","player_choice":"Fled From Nobs","floor":22.0,"gold_loss":0.0,"damage_taken":0.0}],"is_beta":false,"boss_relics":[{"not_picked":["Eternal Feather","Black Blood"],"picked":"Coffee Dripper"}],"items_purged_floors":[3,20],"is_endless":false,"potions_floor_spawned":[1,11,13,18,21,22],"killed_by":"Book of Stabbing","ascension_level":20}