{"gold_per_floor":[115,134,154,154,41,41,72,72,72,90,110,110,125,141,141,270,270,289,329,342,357,10,10,49,49],"floor_reached":25,"playtime":1176,"items_purged":["Strike_B"],"score":275,"play_id":"7883ac7c-bf5e-4415-a2a0-af36171fdf91","local_time":"20190111020143","is_ascension_mode":false,"campfire_choices":[{"data":"Creative AI","floor":6,"key":"SMITH"},{"data":"Sunder","floor":8,"key":"SMITH"},{"data":"Defragment","floor":15,"key":"SMITH"},{"data":"Fission","floor":23,"key":"SMITH"}],"neow_cost":"NONE","seed_source_timestamp":104228257797595,"circlet_count":0,"master_deck":["Strike_B","Strike_B","Defend_B","Defend_B","Defend_B","Defend_B","Zap","Dualcast","Creative AI+1","Auto Shields","Leap","Turbo","Loop","Sunder+1","Go for the Eyes","Go for the Eyes","Steam","Hologram","Chaos","Defragment+1","Rainbow","Electrodynamics","Defragment","Conserve Battery","Reprogram+1","Leap+1","Double Energy","Fission+1","Static Discharge","Go for the Eyes"],"relics":["Cracked Core","Golden Idol","Calipers","Shuriken","Prayer Wheel","Nuclear Battery","Red Mask","ClockworkSouvenir","Pantograph"],"potions_floor_usage":[13,16],"damage_taken":[{"damage":1,"enemies":"Cultist","floor":1,"turns":3},{"damage":1,"enemies":"2 Louse","floor":2,"turns":2},{"damage":2,"enemies":"Jaw Worm","floor":3,"turns":3},{"damage":21,"enemies":"Gremlin Nob","floor":7,"turns":5},{"damage":10,"enemies":"Exordium Thugs","floor":10,"turns":3},{"damage":1,"enemies":"Exordium Wildlife","floor":11,"turns":5},{"damage":0,"enemies":"Large Slime","floor":13,"turns":5},{"damage":0,"enemies":"Red Slaver","floor":14,"turns":3},{"damage":0,"enemies":"The Guardian","floor":16,"turns":11},{"damage":1,"enemies":"Shell Parasite","floor":18,"turns":8},{"damage":13,"enemies":"Masked Bandits","floor":19,"turns":4},{"damage":7,"enemies":"Spheric Guardian","floor":20,"turns":4},{"damage":36,"enemies":"3 Cultists","floor":21,"turns":5},{"damage":16,"enemies":"Slavers","floor":24,"turns":4},{"damage":5,"enemies":"Cultist and Chosen","floor":25,"turns":4}],"seed_played":"683576885453938569","potions_obtained":[{"floor":1,"key":"Ancient Potion"},{"floor":11,"key":"Block Potion"},{"floor":13,"key":"AttackPotion"},{"floor":20,"key":"EssenceOfSteel"}],"is_trial":false,"path_per_floor":["M","M","M","?","$","R","E","R","T","M","M","?","M","M","R","B",null,"M","?","M","M","$","R","E","M"],"character_chosen":"DEFECT","items_purchased":["Loop","Sunder","ClockworkSouvenir","Static Discharge"],"campfire_rested":0,"item_purchase_floors":[5,5,22,22],"current_hp_per_floor":[74,73,71,53,53,53,32,32,32,22,21,3,3,3,3,3,75,74,61,54,18,18,18,2,0],"gold":49,"neow_bonus":"TRANSFORM_CARD","is_prod":false,"is_daily":false,"chose_seed":false,"campfire_upgraded":4,"win_rate":0,"timestamp":1547168503,"path_taken":["M","M","?","?","$","R","E","R","T","M","M","?","?","M","R","BOSS","M","?","M","M","$","R","E","M"],"build_version":"2019-01-03v4","purchased_purges":1,"victory":false,"max_hp_per_floor":[75,75,75,75,75,75,75,75,75,75,75,75,75,75,75,75,75,75,75,75,75,75,75,75,75],"card_choices":[{"not_picked":["Glacier","Streamline"],"picked":"Auto Shields","floor":1},{"not_picked":["Compile Driver","Steam"],"picked":"Leap","floor":2},{"not_picked":["Steam Power","Doom and Gloom"],"picked":"Turbo","floor":3},{"not_picked":["Compile Driver","Rebound"],"picked":"Go for the Eyes","floor":7},{"not_picked":["Redo","Ball Lightning"],"picked":"Go for the Eyes","floor":10},{"not_picked":["Melter","Barrage"],"picked":"Steam","floor":11},{"not_picked":["Recycle","Go for the Eyes"],"picked":"Hologram","floor":13},{"not_picked":["Lockon","Sweeping Beam"],"picked":"Chaos","floor":13},{"not_picked":["Sweeping Beam","Scrape"],"picked":"Defragment","floor":14},{"not_picked":["Loop","Cold Snap"],"picked":"Rainbow","floor":14},{"not_picked":["Rainbow","Machine Learning"],"picked":"Electrodynamics","floor":16},{"not_picked":["Darkness","Conserve Battery"],"picked":"Defragment","floor":18},{"not_picked":["Sweeping Beam","Coolheaded"],"picked":"Conserve Battery","floor":18},{"not_picked":["Beam Cell+1","Rebound"],"picked":"Reprogram+1","floor":20},{"not_picked":["Skim+1","Steam"],"picked":"Leap+1","floor":20},{"not_picked":["Streamline","Gash"],"picked":"Double Energy","floor":21},{"not_picked":["Stack","Loop"],"picked":"Fission","floor":21},{"not_picked":["Beam Cell+1","Barrage"],"picked":"Go for the Eyes","floor":24}],"player_experience":437203,"relics_obtained":[{"floor":7,"key":"Calipers"},{"floor":9,"key":"Shuriken"},{"floor":19,"key":"Red Mask"},{"floor":24,"key":"Pantograph"}],"event_choices":[{"damage_healed":0,"gold_gain":0,"player_choice":"Take Damage","damage_taken":18,"relics_obtained":["Golden Idol"],"max_hp_gain":0,"max_hp_loss":0,"event_name":"Golden Idol","floor":4,"gold_loss":0},{"damage_healed":0,"gold_gain":0,"player_choice":"Success","damage_taken":18,"relics_obtained":["Prayer Wheel"],"max_hp_gain":0,"max_hp_loss":0,"event_name":"Scrap Ooze","floor":12,"gold_loss":0},{"damage_healed":0,"gold_gain":0,"player_choice":"Fought Bandits","damage_taken":0,"max_hp_gain":0,"max_hp_loss":0,"event_name":"Masked Bandits","floor":19,"gold_loss":0}],"is_beta":false,"boss_relics":[{"not_picked":["Inserter","Astrolabe"],"picked":"Nuclear Battery"}],"items_purged_floors":[22],"is_endless":false,"potions_floor_spawned":[1,11,13,20],"killed_by":"Cultist and Chosen","ascension_level":0}