{"gold_per_floor":[20,195,195,212,237,268,268,286,331,331,342,9,9,34,34,133,133,148,162,17,36,36,63,86,98,110,122,41,57,73,91,91,186,186,196,196,216,228,247,247,247,247,270,281,72,101,115,125,125,125],"floor_reached":51,"playtime":3285,"items_purged":["Regret","Strike_B"],"score":793,"play_id":"e3c735ba-fcea-413d-8722-a9b5d17689e9","local_time":"20190404004752","is_ascension_mode":true,"campfire_choices":[{"data":"Zap","floor":7,"key":"SMITH"},{"data":"Loop","floor":10,"key":"SMITH"},{"floor":13,"key":"REST"},{"data":"Apotheosis","floor":15,"key":"SMITH"},{"floor":25,"key":"REST"},{"floor":27,"key":"REST"},{"floor":32,"key":"REST"},{"floor":40,"key":"REST"},{"floor":42,"key":"REST"},{"floor":49,"key":"REST"}],"neow_cost":"NO_GOLD","seed_source_timestamp":388153029240338,"circlet_count":0,"master_deck":["Strike_B","Defend_B","Defend_B","Defend_B","Defend_B","Zap+1","Dualcast","Electrodynamics","Heatsinks","Barrage","Undo","Loop+1","Conserve Battery","Apotheosis+1","Gash","Rebound","Self Repair","Creative AI","Coolheaded+1","Ball Lightning","Chill","Coolheaded","Hologram","Defragment","Gash","Blind","Gash","Beam Cell+1","Hologram+1","Go for the Eyes","Core Surge","Defragment+1","FTL","Glacier","Gash+1","Capacitor","Capacitor+1","Beam Cell+1","Force Field+1","Force Field"],"relics":["Cracked Core","Darkstone Periapt","Dream Catcher","Pocketwatch","Pen Nib","Strawberry","Bottled Flame","Fusion Hammer","Spirit Poop","MawBank","Shuriken","Empty Cage","Regal Pillow","Bronze Scales"],"potions_floor_usage":[6,16,19,23,33,33,50,50],"damage_taken":[{"damage":0,"enemies":"Cultist","floor":1,"turns":3},{"damage":3,"enemies":"Small Slimes","floor":4,"turns":2},{"damage":33,"enemies":"Gremlin Nob","floor":6,"turns":5},{"damage":10,"enemies":"Jaw Worm","floor":8,"turns":3},{"damage":14,"enemies":"Exordium Wildlife","floor":11,"turns":4},{"damage":19,"enemies":"Lagavulin","floor":14,"turns":5},{"damage":32,"enemies":"The Guardian","floor":16,"turns":10},{"damage":24,"enemies":"Shell Parasite","floor":18,"turns":6},{"damage":19,"enemies":"2 Thieves","floor":19,"turns":4},{"damage":15,"enemies":"3 Cultists","floor":21,"turns":4},{"damage":39,"enemies":"Gremlin Leader","floor":23,"turns":6},{"damage":23,"enemies":"Snake Plant","floor":24,"turns":4},{"damage":0,"enemies":"Cultist and Chosen","floor":29,"turns":5},{"damage":5,"enemies":"Centurion and Healer","floor":30,"turns":6},{"damage":23,"enemies":"Snake Plant","floor":31,"turns":4},{"damage":36,"enemies":"Champ","floor":33,"turns":8},{"damage":5,"enemies":"3 Shapes","floor":35,"turns":7},{"damage":31,"enemies":"3 Darklings","floor":37,"turns":5},{"damage":32,"enemies":"Transient","floor":38,"turns":5},{"damage":19,"enemies":"Maw","floor":39,"turns":7},{"damage":26,"enemies":"Sphere and 2 Shapes","floor":44,"turns":8},{"damage":10,"enemies":"Nemesis","floor":46,"turns":6},{"damage":13,"enemies":"Transient","floor":47,"turns":5},{"damage":1,"enemies":"3 Darklings","floor":48,"turns":5},{"damage":40,"enemies":"Donu and Deca","floor":50,"turns":11}],"seed_played":"-1279067375154624032","potions_obtained":[{"floor":1,"key":"AttackPotion"},{"floor":11,"key":"Strength Potion"},{"floor":14,"key":"SteroidPotion"},{"floor":16,"key":"Weak Potion"},{"floor":18,"key":"Dexterity Potion"},{"floor":23,"key":"SteroidPotion"},{"floor":29,"key":"Regen Potion"},{"floor":33,"key":"Fruit Juice"},{"floor":39,"key":"SteroidPotion"}],"is_trial":false,"path_per_floor":["M","?","?","M","T","E","R","M","T","R","M","$","R","E","R","B",null,"M","M","$","M","?","E","M","R","T","R","$","M","M","M","R","B",null,"M","?","M","M","M","R","$","R","T","M","$","E","M","M","R","B",null],"character_chosen":"DEFECT","items_purchased":["Apotheosis","Strawberry","Gash","Chill","Blind","Capacitor","EssenceOfSteel"],"campfire_rested":7,"item_purchase_floors":[12,12,12,20,28,45,45],"current_hp_per_floor":[75,75,81,78,78,45,45,35,35,35,21,28,54,35,35,10,88,74,62,62,57,57,28,15,41,41,67,67,77,79,56,82,76,93,93,93,72,47,38,65,65,92,92,76,76,66,60,59,93,60],"gold":125,"neow_bonus":"THREE_RARE_CARDS","is_prod":false,"is_daily":false,"chose_seed":false,"campfire_upgraded":3,"win_rate":0,"timestamp":1554331672,"path_taken":["M","?","?","M","?","E","R","?","T","R","M","$","R","E","R","BOSS","M","M","$","M","?","E","M","R","T","R","$","M","M","M","R","BOSS","M","?","M","?","M","R","$","R","T","M","$","E","M","?","R","BOSS"],"build_version":"2019-01-23","purchased_purges":2,"victory":true,"max_hp_per_floor":[75,75,81,81,81,81,81,81,81,81,81,88,88,88,88,88,88,88,88,88,88,88,88,88,88,88,88,88,88,88,88,88,93,93,93,93,93,93,93,93,93,93,93,93,93,93,93,93,93,93],"card_choices":[{"not_picked":["Creative AI","Hyperbeam"],"picked":"Electrodynamics","floor":0},{"not_picked":["Aggregate","Sweeping Beam"],"picked":"Heatsinks","floor":1},{"not_picked":["Auto Shields","Beam Cell"],"picked":"Barrage","floor":4},{"not_picked":["Beam Cell","FTL"],"picked":"Undo","floor":6},{"not_picked":["Melter","Self Repair"],"picked":"Loop","floor":8},{"not_picked":["Fusion","Sweeping Beam"],"picked":"Conserve Battery","floor":11},{"not_picked":["Barrage","Compile Driver"],"picked":"Rebound","floor":13},{"not_picked":["Turbo","Blizzard"],"picked":"Self Repair","floor":14},{"not_picked":["All For One","Buffer"],"picked":"Creative AI","floor":16},{"not_picked":["Beam Cell","Melter"],"picked":"Coolheaded+1","floor":18},{"not_picked":["Barrage+1","Fusion+1"],"picked":"Ball Lightning","floor":19},{"not_picked":["Cold Snap","Blizzard","Ball Lightning"],"picked":"SKIP","floor":21},{"not_picked":["Consume","Auto Shields"],"picked":"Coolheaded","floor":23},{"not_picked":["Heatsinks","Conserve Battery"],"picked":"Hologram","floor":24},{"not_picked":["Stack","Fission"],"picked":"Defragment","floor":25},{"not_picked":["Beam Cell+1","Force Field+1"],"picked":"Gash","floor":27},{"not_picked":["Scrape","Barrage"],"picked":"Gash","floor":29},{"not_picked":["Consume","Turbo"],"picked":"Beam Cell+1","floor":30},{"not_picked":["Compile Driver","Steam Power"],"picked":"Hologram+1","floor":31},{"not_picked":["Leap","Rebound"],"picked":"Go for the Eyes","floor":32},{"not_picked":["Rainbow","Electrodynamics"],"picked":"Core Surge","floor":33},{"not_picked":["Ball Lightning+1","Rebound+1","Turbo+1"],"picked":"SKIP","floor":35},{"not_picked":["Blizzard","Double Energy+1"],"picked":"Defragment+1","floor":37},{"not_picked":["Sweeping Beam","Multi-Cast"],"picked":"FTL","floor":38},{"not_picked":["Steam Power","Turbo+1"],"picked":"Glacier","floor":39},{"not_picked":["Chaos","Ball Lightning"],"picked":"Gash+1","floor":44},{"not_picked":["Hologram","Steam+1"],"picked":"Capacitor+1","floor":46},{"not_picked":["Hyperbeam","Sweeping Beam"],"picked":"Beam Cell+1","floor":47},{"not_picked":["Self Repair","Turbo+1"],"picked":"Force Field+1","floor":48},{"not_picked":["Glacier","Cold Snap"],"picked":"Force Field","floor":49}],"player_experience":672581,"relics_obtained":[{"floor":5,"key":"Dream Catcher"},{"floor":6,"key":"Pocketwatch"},{"floor":9,"key":"Pen Nib"},{"floor":14,"key":"Bottled Flame"},{"floor":23,"key":"MawBank"},{"floor":26,"key":"Shuriken"},{"floor":43,"key":"Regal Pillow"},{"floor":46,"key":"Bronze Scales"}],"event_choices":[{"damage_healed":0,"gold_gain":175,"player_choice":"AGREE","damage_taken":0,"max_hp_gain":0,"max_hp_loss":0,"event_name":"Liars Game","floor":2,"gold_loss":0,"cards_obtained":["Doubt"]},{"damage_healed":0,"gold_gain":0,"player_choice":"Box","damage_taken":0,"relics_obtained":["Darkstone Periapt"],"max_hp_gain":0,"max_hp_loss":0,"event_name":"Big Fish","floor":3,"gold_loss":0,"cards_obtained":["Regret"]},{"cards_removed":["Doubt"],"damage_healed":0,"gold_gain":0,"player_choice":"Offered Curse","damage_taken":0,"relics_obtained":["Spirit Poop"],"max_hp_gain":0,"max_hp_loss":0,"event_name":"Bonfire Elementals","floor":22,"gold_loss":0},{"damage_healed":0,"gold_gain":0,"player_choice":"0 cards matched","damage_taken":0,"max_hp_gain":0,"max_hp_loss":0,"event_name":"Match and Keep!","floor":36,"gold_loss":0,"cards_obtained":[]}],"is_beta":false,"boss_relics":[{"not_picked":["Ectoplasm","Eternal Feather"],"picked":"Fusion Hammer"},{"not_picked":["Nuclear Battery","Orrery"],"picked":"Empty Cage"}],"items_purged_floors":[20,45],"is_endless":false,"potions_floor_spawned":[1,11,14,16,18,23,29,30,33,39,46,47],"ascension_level":1}