{"gold_per_floor":[109,119,134,59,71,71,104,118,141,141,141,155,155,184,184,258,258,268,268,288,239,252,280,280,310,310,330,345,345,345,377,377,449,449,460,382,392,392,392,392,93,93,93,93,104,104,0,16,16,16],"floor_reached":51,"playtime":3324,"items_purged":[],"score":1301,"play_id":"929f315d-f982-4542-8047-492621c48476","local_time":"20180803184809","is_ascension_mode":true,"campfire_choices":[{"data":"Streamline","floor":6.0,"key":"SMITH"},{"data":"Dualcast","floor":10.0,"key":"SMITH"},{"data":"Ball Lightning","floor":13.0,"key":"SMITH"},{"data":"Leap","floor":15.0,"key":"SMITH"},{"floor":24.0,"key":"REST"},{"floor":30.0,"key":"REST"},{"floor":32.0,"key":"REST"},{"data":"Biased Cognition","floor":40.0,"key":"SMITH"},{"data":"Undo","floor":42.0,"key":"SMITH"},{"data":"Seek","floor":44,"key":"SMITH"},{"data":"Conserve Battery","floor":46,"key":"SMITH"},{"data":"Cold Snap","floor":49,"key":"SMITH"}],"neow_cost":"NONE","seed_source_timestamp":35926749056967,"circlet_count":0,"master_deck":["Strike_B+1","Strike_B+1","Defend_B+1","Defend_B+1","Defend_B+1","Defend_B+1","Zap+1","Dualcast+1","AscendersBane","Cold Snap+1","FTL","Streamline+1","Leap+1","Ball Lightning+1","FTL","Seek+1","Conserve Battery+1","Compile Driver","Undo+1","Hologram+1","Biased Cognition+1","White Noise+1","Secret Technique","Blind"],"special_seed":0,"relics":["Cracked Core","Bronze Scales","Pen Nib","Omamori","Cursed Key","Happy Flower","DataDisk","Blue Candle","Pear","Art of War","Eternal Feather","Singing Bowl","Red Mask"],"potions_floor_usage":[50,50],"damage_taken":[{"damage":1.0,"enemies":"2 Louse","floor":1.0,"turns":3.0},{"damage":0.0,"enemies":"Cultist","floor":2.0,"turns":3.0},{"damage":2.0,"enemies":"Jaw Worm","floor":3.0,"turns":3.0},{"damage":0.0,"enemies":"Large Slime","floor":5.0,"turns":4.0},{"damage":9.0,"enemies":"3 Sentries","floor":7.0,"turns":6.0},{"damage":9.0,"enemies":"Exordium Thugs","floor":8.0,"turns":4.0},{"damage":6.0,"enemies":"Looter","floor":12.0,"turns":2.0},{"damage":7.0,"enemies":"Gremlin Nob","floor":14.0,"turns":3.0},{"damage":0.0,"enemies":"Slime Boss","floor":16.0,"turns":6.0},{"damage":4.0,"enemies":"Spheric Guardian","floor":18.0,"turns":3.0},{"damage":0.0,"enemies":"Chosen","floor":20.0,"turns":3.0},{"damage":0.0,"enemies":"3 Cultists","floor":22.0,"turns":3.0},{"damage":39.0,"enemies":"Gremlin Leader","floor":23.0,"turns":9.0},{"damage":10.0,"enemies":"Book of Stabbing","floor":25.0,"turns":4.0},{"damage":0.0,"enemies":"Sentry and Sphere","floor":27.0,"turns":3.0},{"damage":0.0,"enemies":"Snecko","floor":28.0,"turns":3.0},{"damage":16.0,"enemies":"Slavers","floor":31.0,"turns":4.0},{"damage":64.0,"enemies":"Collector","floor":33.0,"turns":13.0},{"damage":0.0,"enemies":"Orb Walker","floor":35.0,"turns":4.0},{"damage":2.0,"enemies":"Flame Bruiser 1 Orb","floor":37.0,"turns":5.0},{"damage":0,"enemies":"Spire Growth","floor":45,"turns":4},{"damage":3,"enemies":"4 Shapes","floor":48,"turns":7},{"damage":48,"enemies":"Time Eater","floor":50,"turns":14}],"seed_played":"7108658253706095739","potions_obtained":[{"floor":1.0,"key":"LiquidBronze"},{"floor":3.0,"key":"FearPotion"},{"floor":22.0,"key":"Ancient Potion"},{"floor":25.0,"key":"Energy Potion"},{"floor":27.0,"key":"PowerPotion"},{"floor":31.0,"key":"SkillPotion"},{"floor":33.0,"key":"GamblersBrew"}],"is_trial":false,"path_per_floor":["M","M","M","?","M","R","E","M","T","R","?","M","R","E","R","B",null,"M","?","M","$","M","E","R","E","T","M","M","T","R","E","R","B",null,"M","$","M","?","?","R","$","R","T","R","M","R","?","M","R","B"],"character_chosen":"DEFECT","items_purchased":["PowerPotion","FocusPotion","PowerPotion","Singing Bowl"],"campfire_rested":3,"item_purchase_floors":[21,36,41,41],"current_hp_per_floor":[63,63,61,61,61,61,52,43,43,43,48,42,42,35,35,35,66,62,62,62,62,62,23,45,35,35,35,35,45,70,54,79,15,68,68,68,66,61,61,73,73,85,85,86,88,88,88,87,90,42],"gold":16,"neow_bonus":"UPGRADE_CARD","is_prod":false,"is_daily":false,"chose_seed":false,"campfire_upgraded":9,"win_rate":0,"timestamp":1533347289,"path_taken":["M","M","M","?","M","R","E","M","T","R","?","M","R","E","R","BOSS","M","?","M","$","M","E","R","E","T","?","M","?","R","E","R","BOSS","M","$","M","?","?","R","?","R","T","R","M","R","?","M","R","BOSS"],"build_version":"2018-08-02","purchased_purges":0,"victory":true,"max_hp_per_floor":[71,71,71,71,71,71,71,71,71,71,76,76,76,76,76,76,76,76,76,76,76,76,76,76,76,76,76,76,86,86,86,86,86,86,86,86,86,86,86,86,86,86,86,86,88,88,88,90,90,90],"card_choices":[{"not_picked":["Stack","Coolheaded"],"picked":"Cold Snap","floor":1.0},{"not_picked":["Chill","Static Discharge"],"picked":"FTL","floor":2.0},{"not_picked":["Hologram","Loop"],"picked":"Streamline","floor":3.0},{"not_picked":["Rebound","Coolheaded","Loop"],"picked":"SKIP","floor":5.0},{"not_picked":["Barrage","Lockon","Sweeping Beam"],"picked":"SKIP","floor":7.0},{"not_picked":["Doom and Gloom","Double Energy"],"picked":"Leap","floor":8.0},{"not_picked":["Loop","Sunder"],"picked":"Ball Lightning","floor":12.0},{"not_picked":["Stack","Streamline"],"picked":"FTL","floor":14.0},{"not_picked":["All For One","Machine Learning"],"picked":"Seek","floor":16.0},{"not_picked":["Beam Cell+1","Turbo+1","Sweeping Beam"],"picked":"SKIP","floor":18.0},{"not_picked":["Lockon","Hello World"],"picked":"Conserve Battery","floor":20.0},{"not_picked":["Blizzard","Barrage+1"],"picked":"Compile Driver","floor":22.0},{"not_picked":["Cold Snap","Reprogram","Melter"],"picked":"SKIP","floor":23.0},{"not_picked":["Gash","Compile Driver","All For One"],"picked":"SKIP","floor":25.0},{"not_picked":["Redo","Ball Lightning"],"picked":"Undo","floor":27.0},{"not_picked":["Conserve Battery","Leap"],"picked":"Hologram+1","floor":28.0},{"not_picked":["Fusion","Redo","Hologram"],"picked":"SKIP","floor":31.0},{"not_picked":["Core Surge","Buffer"],"picked":"Biased Cognition","floor":33.0},{"not_picked":["Barrage","Loop"],"picked":"White Noise+1","floor":35.0},{"not_picked":["Compile Driver+1","Loop+1","Ball Lightning"],"picked":"SKIP","floor":37.0},{"not_picked":["Good Instincts","Dramatic Entrance"],"picked":"Secret Technique","floor":38.0},{"not_picked":["Finesse","Mind Blast"],"picked":"Blind","floor":38.0},{"not_picked":["Cold Snap","Steam Power+1","Steam+1"],"picked":"Singing Bowl","floor":45},{"not_picked":["Rebound","Tempest","Chill"],"picked":"Singing Bowl","floor":48}],"player_experience":994250,"relics_obtained":[{"floor":7.0,"key":"Bronze Scales"},{"floor":9.0,"key":"Pen Nib"},{"floor":14.0,"key":"Omamori"},{"floor":23.0,"key":"Happy Flower"},{"floor":25.0,"key":"DataDisk"},{"floor":26.0,"key":"Blue Candle"},{"floor":29.0,"key":"Pear"},{"floor":31.0,"key":"Art of War"}],"event_choices":[{"event_name":"The Cleric","player_choice":"Card Removal","floor":4.0,"damage_taken":0.0},{"event_name":"Big Fish","player_choice":"Donut","floor":11.0,"damage_taken":0.0},{"event_name":"Back to Basics","player_choice":"Simplicity","floor":19.0,"damage_taken":0.0},{"event_name":"SensoryStone","player_choice":"Memory 2","floor":38.0,"damage_taken":0.0},{"event_name":"Purifier","player_choice":"One Purge","floor":39.0,"damage_taken":0.0},{"event_name":"Tomb of Lord Red Mask","player_choice":"Paid","floor":47,"damage_taken":0}],"is_beta":false,"boss_relics":[{"not_picked":["Pandora\u0027s Box","Runic Pyramid"],"picked":"Cursed Key"},{"not_picked":["Black Star","Nuclear Battery"],"picked":"Eternal Feather"}],"items_purged_floors":[],"is_endless":false,"potions_floor_spawned":[1,3,8,12,22,25,27,31,33,37,45,48],"ascension_level":15}