{"gold_per_floor":[112,72,222,222,236,236,263,263,289,289,300,300,319,44,44,119,119,119,119,119,119,119,119,119,119,119,119,119,119,119,119,119,119,119,119,119,119,119,119,119,119,119],"floor_reached":42,"playtime":1886,"items_purged":[],"score":781,"play_id":"ac9bb58a-7c56-4999-a44d-2277b58cfb9f","local_time":"20190410221008","is_ascension_mode":true,"campfire_choices":[{"data":"Perfected Strike","floor":6.0,"key":"SMITH"},{"data":"Wild Strike","floor":8.0,"key":"SMITH"},{"floor":12.0,"key":"REST"},{"data":"Bash","floor":15.0,"key":"SMITH"},{"data":"Dual Wield","floor":23.0,"key":"SMITH"},{"data":"Armaments","floor":28.0,"key":"SMITH"},{"data":"True Grit","floor":30.0,"key":"SMITH"},{"floor":32.0,"key":"REST"},{"data":"Limit Break","floor":41,"key":"SMITH"}],"neow_cost":"NONE","seed_source_timestamp":1893745613912,"circlet_count":0,"master_deck":["AscendersBane","Strike_R","Strike_R","Strike_R","Strike_R","Strike_R","Defend_R+1","Defend_R+1","Defend_R+1","Bash+1","Perfected Strike+1","Seeing Red","Shockwave","Wild Strike+1","Shrug It Off","Immolate","Demon Form","Sentinel","Clothesline+1","Dual Wield+1","True Grit+1","Shrug It Off","Armaments+1","Intimidate","Evolve","Limit Break+1","Power Through","Metallicize","Sever Soul"],"special_seed":0,"relics":["Burning Blood","War Paint","Bronze Scales","Meat on the Bone","Ectoplasm","Tiny Chest","Blue Candle","Red Mask","Sundial","Sozu"],"potions_floor_usage":[],"damage_taken":[{"damage":2.0,"enemies":"2 Louse","floor":1.0,"turns":3.0},{"damage":15.0,"enemies":"Small Slimes","floor":5.0,"turns":3.0},{"damage":26.0,"enemies":"Gremlin Nob","floor":7.0,"turns":4.0},{"damage":1.0,"enemies":"Jaw Worm","floor":11.0,"turns":3.0},{"damage":5.0,"enemies":"Gremlin Gang","floor":13.0,"turns":5.0},{"damage":46.0,"enemies":"Hexaghost","floor":16.0,"turns":9.0},{"damage":0.0,"enemies":"3 Byrds","floor":18.0,"turns":3.0},{"damage":22.0,"enemies":"Shell Parasite","floor":20.0,"turns":5.0},{"damage":6.0,"enemies":"Shelled Parasite and Fungi","floor":22.0,"turns":2.0},{"damage":31.0,"enemies":"Slavers","floor":24.0,"turns":5.0},{"damage":4.0,"enemies":"Centurion and Healer","floor":25.0,"turns":5.0},{"damage":0.0,"enemies":"3 Cultists","floor":27.0,"turns":3.0},{"damage":4.0,"enemies":"Masked Bandits","floor":29.0,"turns":2.0},{"damage":26.0,"enemies":"Book of Stabbing","floor":31.0,"turns":5.0},{"damage":51.0,"enemies":"Automaton","floor":33.0,"turns":11.0},{"damage":12.0,"enemies":"Orb Walker","floor":35.0,"turns":4.0},{"damage":40.0,"enemies":"3 Darklings","floor":38.0,"turns":6.0},{"damage":67,"enemies":"Transient","floor":40,"turns":5},{"damage":43,"enemies":"Reptomancer","floor":42,"turns":2}],"seed_played":"4725795214374905581","potions_obtained":[{"floor":5.0,"key":"BloodPotion"},{"floor":11.0,"key":"SteroidPotion"},{"floor":16.0,"key":"FairyPotion"},{"floor":20.0,"key":"GamblersBrew"},{"floor":25.0,"key":"Explosive Potion"},{"floor":31.0,"key":"EssenceOfSteel"}],"is_trial":false,"path_per_floor":["M","$","?","?","M","R","E","R","T","?","M","R","M","$","R","B",null,"M","?","M","?","M","R","E","M","T","M","R","?","R","E","R","B",null,"M","$","?","M","?","M","R","E"],"character_chosen":"IRONCLAD","items_purchased":["Seeing Red","Meat on the Bone"],"campfire_rested":2,"item_purchase_floors":[2,14],"current_hp_per_floor":[79,79,79,72,63,63,43,43,43,18,23,47,48,48,48,28,69,75,75,59,59,59,59,46,48,48,54,54,56,56,48,72,39,71,65,65,65,43,43,26,26,0],"gold":119,"neow_bonus":"TEN_PERCENT_HP_BONUS","is_prod":false,"is_daily":false,"chose_seed":false,"campfire_upgraded":7,"win_rate":0,"timestamp":1554927008,"path_taken":["M","$","?","?","M","R","E","R","T","?","M","R","M","$","R","BOSS","M","?","?","?","M","R","E","M","T","M","R","?","R","E","R","BOSS","M","$","?","M","?","M","R","E"],"build_version":"2019-01-23","purchased_purges":0,"victory":false,"max_hp_per_floor":[82,82,82,82,82,82,82,82,82,82,82,82,82,82,82,82,82,82,82,82,82,82,82,82,82,82,82,82,82,82,82,82,82,82,82,82,82,82,82,82,82,82],"card_choices":[{"not_picked":["Evolve","Rage"],"picked":"Perfected Strike","floor":1.0},{"not_picked":["Burning Pact","Pummel"],"picked":"Shockwave","floor":5.0},{"not_picked":["Reckless Charge","Burning Pact"],"picked":"Wild Strike","floor":7.0},{"not_picked":["Flex","Thunderclap","Carnage"],"picked":"SKIP","floor":11.0},{"not_picked":["Warcry","Clash"],"picked":"Shrug It Off","floor":13.0},{"not_picked":["Reaper","Fiend Fire"],"picked":"Immolate","floor":16.0},{"not_picked":["Rupture","Bloodletting","Warcry"],"picked":"SKIP","floor":18.0},{"not_picked":["Clash","Body Slam"],"picked":"Clothesline+1","floor":20.0},{"not_picked":["Sword Boomerang","Wild Strike"],"picked":"Dual Wield","floor":22.0},{"not_picked":["Barricade","Anger+1"],"picked":"True Grit","floor":24.0},{"not_picked":["Clash","Whirlwind"],"picked":"Shrug It Off","floor":25.0},{"not_picked":["Heavy Blade","Thunderclap"],"picked":"Armaments","floor":27.0},{"not_picked":["Anger","Havoc"],"picked":"Intimidate","floor":29.0},{"not_picked":["Battle Trance","Anger+1"],"picked":"Evolve","floor":31.0},{"not_picked":["Demon Form","Double Tap"],"picked":"Limit Break","floor":33.0},{"not_picked":["Searing Blow","Sword Boomerang"],"picked":"Power Through","floor":35.0},{"not_picked":["Flex","Clothesline+1"],"picked":"Metallicize","floor":38.0},{"not_picked":["Reckless Charge","Power Through+1"],"picked":"Sever Soul","floor":40}],"player_experience":699796,"relics_obtained":[{"floor":7.0,"key":"War Paint"},{"floor":9.0,"key":"Bronze Scales"},{"floor":24.0,"key":"Tiny Chest"},{"floor":26.0,"key":"Blue Candle"},{"floor":29.0,"key":"Red Mask"},{"floor":31.0,"key":"Sundial"}],"event_choices":[{"damage_healed":0.0,"max_hp_gain":0.0,"max_hp_loss":0.0,"gold_gain":150.0,"event_name":"Liars Game","player_choice":"AGREE","floor":3.0,"gold_loss":0.0,"damage_taken":0.0,"cards_obtained":["Doubt"]},{"cards_removed":["Doubt"],"damage_healed":0.0,"max_hp_gain":0.0,"max_hp_loss":0.0,"gold_gain":0.0,"event_name":"Golden Wing","player_choice":"Card Removal","floor":4.0,"gold_loss":0.0,"damage_taken":7.0},{"damage_healed":0.0,"max_hp_gain":0.0,"max_hp_loss":0.0,"gold_gain":0.0,"event_name":"Shining Light","player_choice":"Entered Light","floor":10.0,"gold_loss":0.0,"damage_taken":25.0,"cards_upgraded":["Defend_R","Defend_R"]},{"damage_healed":0.0,"max_hp_gain":0.0,"max_hp_loss":0.0,"gold_gain":0.0,"event_name":"Match and Keep!","player_choice":"2 cards matched","floor":19.0,"gold_loss":0.0,"damage_taken":0.0,"cards_obtained":["Demon Form","Sentinel"]},{"damage_healed":0.0,"max_hp_gain":0.0,"max_hp_loss":0.0,"gold_gain":0.0,"event_name":"Beggar","player_choice":"Ignored","floor":21.0,"gold_loss":0.0,"damage_taken":0.0},{"damage_healed":0.0,"max_hp_gain":0.0,"max_hp_loss":0.0,"gold_gain":0.0,"event_name":"Masked Bandits","player_choice":"Fought Bandits","floor":29.0,"gold_loss":0.0,"damage_taken":0.0},{"cards_removed":["Defend_R"],"damage_healed":0.0,"max_hp_gain":0.0,"max_hp_loss":0.0,"gold_gain":0.0,"event_name":"Falling","player_choice":"Removed Skill","floor":37.0,"gold_loss":0.0,"damage_taken":0.0},{"damage_healed":0.0,"max_hp_gain":0.0,"max_hp_loss":0.0,"gold_gain":0.0,"event_name":"Tomb of Lord Red Mask","player_choice":"Ignored","floor":39.0,"gold_loss":0.0,"damage_taken":0.0}],"is_beta":false,"boss_relics":[{"not_picked":["Coffee Dripper","Snecko Eye"],"picked":"Ectoplasm"},{"not_picked":["White Beast Statue","Lizard Tail"],"picked":"Sozu"}],"items_purged_floors":[],"is_endless":false,"potions_floor_spawned":[5,11,16,20,25,31,35],"killed_by":"Reptomancer","ascension_level":16}