{"gold_per_floor":[110,35,110,110,130,162,162,178,178,178,54,54,54,54,54,130,130,70,16,16,16,16,16,16,16,16,16],"floor_reached":27,"playtime":1071,"items_purged":["Strike_G"],"score":359,"play_id":"4768a952-937c-40c9-9011-6095e302c191","local_time":"20190127122227","is_ascension_mode":true,"campfire_choices":[{"data":"Footwork","floor":7,"key":"SMITH"},{"data":"Caltrops","floor":12,"key":"SMITH"},{"data":"Regret","floor":15,"key":"PURGE"},{"floor":23,"key":"REST"},{"data":"A Thousand Cuts","floor":25,"key":"SMITH"}],"neow_cost":"NONE","seed_source_timestamp":580786657752238,"circlet_count":0,"master_deck":["AscendersBane","Defend_G","Defend_G","Defend_G","Defend_G","Defend_G","Strike_G","Strike_G","Strike_G","Strike_G","Survivor","Neutralize","A Thousand Cuts+1","Dodge and Roll","Cloak And Dagger","Footwork+1","Caltrops+1","Dodge and Roll","Clumsy","Neutralize","Underhanded Strike","Glass Knife","A Thousand Cuts+1","Caltrops","Leg Sweep","Cloak And Dagger","Cloak And Dagger","Dodge and Roll"],"relics":["Ring of the Snake","Ginger","Girya","Peace Pipe","Ectoplasm","Anchor","Strawberry"],"potions_floor_usage":[6,16,22,24,24,27],"damage_taken":[{"damage":0,"enemies":"Small Slimes","floor":1,"turns":5},{"damage":4,"enemies":"Jaw Worm","floor":5,"turns":4},{"damage":12,"enemies":"Lagavulin","floor":6,"turns":9},{"damage":0,"enemies":"2 Louse","floor":8,"turns":4},{"damage":14,"enemies":"The Guardian","floor":16,"turns":13},{"damage":11,"enemies":"2 Thieves","floor":18,"turns":4},{"damage":6,"enemies":"Shell Parasite","floor":20,"turns":5},{"damage":24,"enemies":"Sentry and Sphere","floor":21,"turns":4},{"damage":1,"enemies":"Centurion and Healer","floor":22,"turns":7},{"damage":0,"enemies":"Cultist and Chosen","floor":24,"turns":7},{"damage":50,"enemies":"3 Cultists","floor":27,"turns":5}],"seed_played":"8829757950080975084","potions_obtained":[{"floor":5,"key":"Block Potion"},{"floor":8,"key":"PowerPotion"},{"floor":18,"key":"GhostInAJar"},{"floor":21,"key":"Strength Potion"},{"floor":22,"key":"AttackPotion"},{"floor":24,"key":"SkillPotion"}],"is_trial":false,"path_per_floor":["M","$","?","?","M","E","R","M","T","?","$","R","$","?","R","B",null,"M","?","M","M","M","R","M","R","T","M"],"character_chosen":"THE_SILENT","items_purchased":["Caltrops","Dodge and Roll"],"campfire_rested":1,"item_purchase_floors":[11,11],"current_hp_per_floor":[59,59,48,48,44,32,32,32,32,32,32,32,32,32,32,18,54,43,43,37,13,12,31,31,31,38,0],"gold":16,"neow_bonus":"ONE_RANDOM_RARE_CARD","is_prod":false,"is_daily":false,"chose_seed":false,"campfire_upgraded":3,"win_rate":0,"timestamp":1548588147,"path_taken":["M","$","?","?","M","E","R","M","T","?","?","R","$","?","R","BOSS","M","?","M","?","M","R","M","R","T","M"],"build_version":"2019-01-23","purchased_purges":1,"victory":false,"max_hp_per_floor":[66,66,66,66,66,66,66,66,66,66,66,66,66,66,66,66,66,66,66,66,66,66,66,66,66,73,73],"card_choices":[{"not_picked":["Flying Knee","Underhanded Strike"],"picked":"Dodge and Roll","floor":1},{"not_picked":["Dagger Throw","Bane"],"picked":"Cloak And Dagger","floor":5},{"not_picked":["Dagger Throw","Deflect"],"picked":"Footwork","floor":6},{"not_picked":["Deadly Poison","Reflex","Concentrate"],"picked":"SKIP","floor":8},{"not_picked":["Unload","Corpse Explosion"],"picked":"A Thousand Cuts","floor":16},{"not_picked":["PiercingWail","Sucker Punch"],"picked":"Caltrops","floor":18},{"not_picked":["Bouncing Flask","Dagger Spray"],"picked":"Leg Sweep","floor":20},{"not_picked":["Dagger Throw","Bouncing Flask+1"],"picked":"Cloak And Dagger","floor":21},{"not_picked":["Concentrate","Sucker Punch"],"picked":"Cloak And Dagger","floor":22},{"not_picked":["Riddle With Holes","Acrobatics"],"picked":"Dodge and Roll","floor":24}],"player_experience":482191,"relics_obtained":[{"floor":6,"key":"Ginger"},{"floor":9,"key":"Girya"},{"floor":26,"key":"Strawberry"}],"event_choices":[{"damage_healed":0,"gold_gain":75,"player_choice":"Gather Gold","damage_taken":11,"max_hp_gain":0,"max_hp_loss":0,"event_name":"World of Goop","floor":3,"gold_loss":0},{"damage_healed":0,"gold_gain":0,"player_choice":"Grow","damage_taken":0,"max_hp_gain":0,"max_hp_loss":0,"event_name":"Living Wall","floor":4,"gold_loss":0,"cards_upgraded":["A Thousand Cuts"]},{"damage_healed":0,"gold_gain":0,"player_choice":"Box","damage_taken":0,"relics_obtained":["Peace Pipe"],"max_hp_gain":0,"max_hp_loss":0,"event_name":"Big Fish","floor":10,"gold_loss":0,"cards_obtained":["Regret"]},{"damage_healed":0,"gold_gain":0,"player_choice":"4 cards matched","damage_taken":0,"max_hp_gain":0,"max_hp_loss":0,"event_name":"Match and Keep!","floor":14,"gold_loss":0,"cards_obtained":["Clumsy","Neutralize","Underhanded Strike","Glass Knife"]},{"damage_healed":0,"gold_gain":0,"player_choice":"Paid Gold","damage_taken":0,"relics_obtained":["Anchor"],"max_hp_gain":0,"max_hp_loss":0,"event_name":"WeMeetAgain","floor":19,"gold_loss":54}],"is_beta":false,"boss_relics":[{"not_picked":["Fusion Hammer","Astrolabe"],"picked":"Ectoplasm"}],"items_purged_floors":[2],"is_endless":false,"potions_floor_spawned":[5,8,18,21,22,24],"killed_by":"3 Cultists","ascension_level":14}