{"gold_per_floor":[209,384,63,74,94,94,119,19,19,53,53,53,69,79,79,178,178,191,222,232,49,69,126,96,96,96,96,96,96,96,112,112,208,208,223,236,111,111,124,151,151,183,183,209,226,226,39,67,67,67],"floor_reached":51,"playtime":1975,"items_purged":["Doubt","Strike_R","Strike_R","Strike_R"],"score":853,"play_id":"82121994-2761-4569-8ae5-1e65be2c113e","local_time":"25610720165005","is_ascension_mode":true,"campfire_choices":[{"data":"Bash","floor":6,"key":"SMITH"},{"data":"Iron Wave","floor":11,"key":"SMITH"},{"data":"Spot Weakness","floor":15,"key":"SMITH"},{"floor":25,"key":"REST"},{"data":"Double Tap","floor":28,"key":"SMITH"},{"data":"Whirlwind","floor":30,"key":"SMITH"},{"data":"Inflame","floor":32,"key":"SMITH"},{"data":"Flex","floor":41,"key":"SMITH"},{"floor":49,"key":"REST"}],"neow_cost":"NONE","seed_source_timestamp":18951683294013,"circlet_count":0,"master_deck":["Strike_R","Strike_R","Defend_R","Defend_R","Defend_R","Defend_R","Bash+1","Sword Boomerang","Shrug It Off","Iron Wave+1","Shockwave","Thunderclap","Flex+1","Spot Weakness+1","Headbutt","Whirlwind+1","Shrug It Off+1","Inflame+1","Flex+1","Inflame+1","Double Tap+1","Ghostly Armor+1","True Grit+1","True Grit+1","Metallicize","Shrug It Off+1"],"relics":["Burning Blood","Lee\u0027s Waffle","Mercury Hourglass","Prayer Wheel","Centennial Puzzle","Eternal Feather","Red Mask","Vajra","Tiny Chest","Blood Vial","Shuriken","Busted Crown","Mummified Hand","Bottled Lightning","Calipers","Pear","Sundial","Bronze Scales"],"potions_floor_usage":[7,10,16,23,31,33,40,44,50],"damage_taken":[{"damage":8,"enemies":"2 Louse","floor":1,"turns":3},{"damage":4,"enemies":"Small Slimes","floor":4,"turns":3},{"damage":0,"enemies":"Cultist","floor":5,"turns":3},{"damage":26,"enemies":"3 Sentries","floor":7,"turns":9},{"damage":9,"enemies":"Gremlin Nob","floor":10,"turns":4},{"damage":8,"enemies":"Exordium Thugs","floor":13,"turns":4},{"damage":6,"enemies":"Exordium Wildlife","floor":14,"turns":3},{"damage":47,"enemies":"The Guardian","floor":16,"turns":11},{"damage":6,"enemies":"3 Byrds","floor":18,"turns":4},{"damage":20,"floor":19,"turns":3},{"damage":24,"enemies":"Spheric Guardian","floor":20,"turns":5},{"damage":6,"enemies":"Chosen and Byrds","floor":22,"turns":4},{"damage":34,"enemies":"Gremlin Leader","floor":23,"turns":6},{"damage":30,"enemies":"Centurion and Healer","floor":31,"turns":5},{"damage":64,"enemies":"Collector","floor":33,"turns":10},{"damage":24,"enemies":"Flame Bruiser 1 Orb","floor":35,"turns":3},{"damage":7,"enemies":"Orb Walker","floor":36,"turns":2},{"damage":3,"enemies":"3 Darklings","floor":39,"turns":2},{"damage":35,"enemies":"2 Orb Walkers","floor":40,"turns":5},{"damage":1,"enemies":"Giant Head","floor":42,"turns":5},{"damage":39,"enemies":"Nemesis","floor":44,"turns":7},{"damage":16,"enemies":"Flame Bruiser 2 Orb","floor":45,"turns":3},{"damage":4,"floor":46,"turns":5},{"damage":32,"enemies":"2 Orb Walkers","floor":48,"turns":4},{"damage":58,"enemies":"Time Eater","floor":50,"turns":10}],"seed_played":"2863279749923853309","potions_obtained":[{"floor":4,"key":"Energy Potion"},{"floor":7,"key":"Regen Potion"},{"floor":10,"key":"Poison Potion"},{"floor":20,"key":"Strength Potion"},{"floor":23,"key":"FairyPotion"},{"floor":24,"key":"SmokeBomb"},{"floor":24,"key":"PowerPotion"},{"floor":31,"key":"SkillPotion"},{"floor":36,"key":"Regen Potion"},{"floor":40,"key":"SpeedPotion"},{"floor":48,"key":"Poison Potion"}],"is_trial":false,"path_per_floor":["M","?","$","M","M","R","E","$","T","E","R","$","M","M","R","B",null,"M","?","M","$","M","E","?","R","T","T","R","$","R","M","R","B",null,"M","M","$","?","M","E","R","E","T","E","M","?","$","E","R","B"],"character_chosen":"IRONCLAD","items_purchased":["Lee\u0027s Waffle","Shrug It Off","Vajra","Inflame","Metallicize"],"campfire_rested":2,"item_purchase_floors":[3,3,21,21,47],"current_hp_per_floor":[78,78,87,87,87,87,67,67,67,76,76,76,74,74,74,33,87,87,73,55,55,55,27,27,65,65,65,77,77,87,63,78,22,87,69,70,70,97,97,77,92,97,97,74,66,70,70,46,93,43],"gold":67,"neow_bonus":"HUNDRED_GOLD","is_prod":false,"is_daily":false,"chose_seed":false,"campfire_upgraded":7,"win_rate":0,"timestamp":1532080205,"path_taken":["M","?","$","M","M","R","E","$","T","E","R","?","M","M","R","BOSS","M","?","M","$","M","E","?","R","T","?","R","?","R","M","R","BOSS","M","M","$","?","M","E","R","E","T","E","M","?","$","E","R","BOSS"],"build_version":"2018-07-19v2","purchased_purges":4,"victory":true,"max_hp_per_floor":[80,80,87,87,87,87,87,87,87,87,87,87,87,87,87,87,87,87,87,87,87,87,87,87,87,87,87,87,87,87,87,87,87,87,87,87,87,97,97,97,97,97,97,107,107,107,107,107,107,107],"card_choices":[{"not_picked":["Clash","Anger"],"picked":"Sword Boomerang","floor":1},{"not_picked":["Perfected Strike","Barricade"],"picked":"Iron Wave","floor":4},{"not_picked":["Body Slam","Sword Boomerang"],"picked":"Shockwave","floor":5},{"not_picked":["Sword Boomerang","Twin Strike"],"picked":"Thunderclap","floor":7},{"not_picked":["Havoc","Headbutt","Shockwave"],"picked":"SKIP","floor":10},{"not_picked":["Armaments","Dark Embrace"],"picked":"Flex","floor":13},{"not_picked":["Thunderclap","Warcry","Pommel Strike"],"picked":"SKIP","floor":13},{"not_picked":["Clash","Pommel Strike"],"picked":"Spot Weakness","floor":14},{"not_picked":["Armaments","Sword Boomerang","Fiend Fire"],"picked":"SKIP","floor":14},{"not_picked":["Fiend Fire","Barricade"],"picked":"Exhume","floor":16},{"not_picked":["Evolve","Bloodletting"],"picked":"Headbutt","floor":18},{"not_picked":["Shrug It Off","Twin Strike"],"picked":"Whirlwind","floor":18},{"not_picked":["Intimidate","True Grit"],"picked":"Shrug It Off+1","floor":19},{"not_picked":["Wild Strike","Reckless Charge"],"picked":"Inflame+1","floor":20},{"not_picked":["Cleave+1","Heavy Blade"],"picked":"Flex+1","floor":20},{"not_picked":["Pommel Strike","Clash","Thunderclap"],"picked":"SKIP","floor":22},{"not_picked":["Havoc+1","Heavy Blade","Sever Soul"],"picked":"SKIP","floor":22},{"not_picked":["Feel No Pain","Dual Wield+1"],"picked":"Double Tap","floor":23},{"not_picked":["Twin Strike+1","Hemokinesis+1"],"picked":"Ghostly Armor+1","floor":31},{"not_picked":["Combust","Reckless Charge","Twin Strike+1"],"picked":"SKIP","floor":31},{"not_picked":["Entrench"],"picked":"SKIP","floor":35},{"not_picked":["Body Slam+1"],"picked":"SKIP","floor":35},{"not_picked":[],"picked":"True Grit+1","floor":36},{"not_picked":[],"picked":"True Grit+1","floor":36},{"not_picked":["Pommel Strike+1"],"picked":"SKIP","floor":39},{"not_picked":["Sentinel+1"],"picked":"SKIP","floor":39},{"not_picked":["Pummel"],"picked":"SKIP","floor":40},{"not_picked":["Entrench+1"],"picked":"SKIP","floor":42},{"not_picked":["Heavy Blade"],"picked":"SKIP","floor":44},{"not_picked":["True Grit+1"],"picked":"SKIP","floor":45},{"not_picked":["Anger"],"picked":"SKIP","floor":45},{"not_picked":[],"picked":"Shrug It Off+1","floor":48}],"player_experience":91288,"relics_obtained":[{"floor":7,"key":"Mercury Hourglass"},{"floor":9,"key":"Prayer Wheel"},{"floor":10,"key":"Centennial Puzzle"},{"floor":19,"key":"Red Mask"},{"floor":23,"key":"Tiny Chest"},{"floor":26,"key":"Blood Vial"},{"floor":27,"key":"Shuriken"},{"floor":40,"key":"Mummified Hand"},{"floor":42,"key":"Bottled Lightning"},{"floor":43,"key":"Calipers"},{"floor":44,"key":"Pear"},{"floor":46,"key":"Sundial"},{"floor":48,"key":"Bronze Scales"}],"event_choices":[{"event_name":"Liars Game","player_choice":"agreed","floor":2,"damage_taken":0},{"event_name":"Masked Bandits","player_choice":"Fought over 191 gold","floor":19,"damage_taken":0},{"event_name":"The Woman in Blue","player_choice":"Bought 2 Potions","floor":24,"damage_taken":0},{"event_name":"Bonfire Elementals","player_choice":"RARE","floor":38,"damage_taken":0},{"event_name":"MindBloom","player_choice":"Fight","floor":46,"damage_taken":0}],"is_beta":false,"boss_relics":[{"not_picked":["White Beast Statue","Velvet Choker"],"picked":"Eternal Feather"},{"not_picked":["Philosopher\u0027s Stone","Fusion Hammer"],"picked":"Busted Crown"}],"items_purged_floors":[3,8,37,47],"is_endless":false,"potions_floor_spawned":[4,7,10,20,23,31,36,39,40,48],"ascension_level":1}