{"gold_per_floor":[363,383,396,142,142,142,142,175,175,203,221,221,233,244,244,317,317,334,284,301,311,226,226,226,18,18,52,62,62,15,25,25,96,96,112,212,222,272,272,272,272,11,11,11,40,50,96,110,110,110],"floor_reached":51,"playtime":2168,"items_purged":[],"score":1196,"play_id":"bc3f319e-8756-4a84-af34-ad9d36783acf","local_time":"20190105121511","is_ascension_mode":true,"campfire_choices":[{"data":"Streamline","floor":6.0,"key":"SMITH"},{"data":"Zap","floor":12.0,"key":"SMITH"},{"floor":15.0,"key":"REST"},{"data":"Go for the Eyes","floor":24.0,"key":"SMITH"},{"data":"Beam Cell","floor":29.0,"key":"SMITH"},{"floor":32.0,"key":"REST"},{"data":"Hologram","floor":40.0,"key":"SMITH"},{"floor":44.0,"key":"REST"},{"floor":49,"key":"REST"}],"neow_cost":"TEN_PERCENT_HP_LOSS","seed_source_timestamp":13233397289429,"circlet_count":0,"master_deck":["AscendersBane","Defend_B","Defend_B","Defend_B","Defend_B","Zap+1","Dualcast","Defragment+1","Go for the Eyes+1","FTL","Beam Cell+1","Hologram+1","Electrodynamics","Cold Snap","Hello World","Leap","Hyperbeam","Steam Power+1","Sweeping Beam","Ball Lightning","Storm","Core Surge","Glacier","Undo","Stack","Force Field+1","Dark Shackles","Glacier+1","Chill+1","Coolheaded+1"],"special_seed":0,"relics":["Cracked Core","Shuriken","Thread and Needle","Smiling Mask","Nunchaku","Bird Faced Urn","Nuclear Battery","Happy Flower","Runic Capacitor","Gremlin Horn","Art of War","Empty Cage","Emotion Chip","WingedGreaves","Mummified Hand","Toxic Egg 2","Shovel","Boot"],"potions_floor_usage":[50],"damage_taken":[{"damage":7.0,"enemies":"Small Slimes","floor":1.0,"turns":3.0},{"damage":8.0,"enemies":"2 Louse","floor":2.0,"turns":3.0},{"damage":0.0,"enemies":"Cultist","floor":3.0,"turns":3.0},{"damage":26.0,"enemies":"Gremlin Nob","floor":8.0,"turns":4.0},{"damage":18.0,"enemies":"Lagavulin","floor":10.0,"turns":5.0},{"damage":1.0,"enemies":"Exordium Wildlife","floor":11.0,"turns":3.0},{"damage":2.0,"enemies":"Lots of Slimes","floor":13.0,"turns":3.0},{"damage":9.0,"enemies":"Blue Slaver","floor":14.0,"turns":2.0},{"damage":11.0,"enemies":"Slime Boss","floor":16.0,"turns":7.0},{"damage":4.0,"enemies":"Chosen","floor":18.0,"turns":4.0},{"damage":4.0,"enemies":"Spheric Guardian","floor":20.0,"turns":3.0},{"damage":1.0,"enemies":"Snecko","floor":21.0,"turns":4.0},{"damage":22.0,"enemies":"Gremlin Leader","floor":27.0,"turns":6.0},{"damage":6.0,"enemies":"Chosen and Byrds","floor":28.0,"turns":4.0},{"damage":22.0,"enemies":"Shelled Parasite and Fungi","floor":31.0,"turns":4.0},{"damage":11.0,"enemies":"Collector","floor":33.0,"turns":5.0},{"damage":6.0,"enemies":"3 Darklings","floor":35.0,"turns":3.0},{"damage":15.0,"enemies":"Mind Bloom Boss Battle","floor":36.0,"turns":5.0},{"damage":0.0,"enemies":"Orb Walker","floor":37.0,"turns":4.0},{"damage":30.0,"enemies":"2 Orb Walkers","floor":38.0,"turns":3.0},{"damage":58.0,"enemies":"Giant Head","floor":45.0,"turns":10.0},{"damage":0.0,"enemies":"4 Shapes","floor":46.0,"turns":3.0},{"damage":4,"enemies":"Writhing Mass","floor":48,"turns":9},{"damage":2,"enemies":"Time Eater","floor":50,"turns":18}],"seed_played":"-5172913611578540012","potions_obtained":[{"floor":1.0,"key":"SteroidPotion"},{"floor":2.0,"key":"EssenceOfSteel"},{"floor":14.0,"key":"Block Potion"},{"floor":18.0,"key":"Strength Potion"},{"floor":27.0,"key":"AttackPotion"},{"floor":36.0,"key":"Energy Potion"},{"floor":38.0,"key":"Energy Potion"},{"floor":45.0,"key":"Energy Potion"},{"floor":46.0,"key":"Block Potion"}],"is_trial":false,"path_per_floor":["M","M","M","$","?","R","?","E","T","E","M","R","M","M","R","B",null,"M","?","M","M","?","?","R","$","T","E","M","R","$","M","R","B",null,"M","?","M","?","?","R","?","$","T","R","E","M","T","M","R","B",null],"character_chosen":"DEFECT","items_purchased":["Shuriken","Runic Capacitor","Ball Lightning","Mummified Hand"],"campfire_rested":4,"item_purchase_floors":[4,25,30,42],"current_hp_per_floor":[57,49,49,49,64,64,64,38,38,20,21,21,21,12,31,22,54,54,54,54,57,57,57,57,57,57,41,41,41,41,25,44,41,58,60,53,59,37,37,37,37,37,37,56,6,12,12,16,35,41],"gold":110,"neow_bonus":"TWO_FIFTY_GOLD","is_prod":false,"is_daily":false,"chose_seed":false,"campfire_upgraded":5,"win_rate":0,"timestamp":1546719311,"path_taken":["M","M","M","$","?","R","?","E","T","E","M","R","?","M","R","BOSS","M","?","?","M","?","?","R","?","T","E","M","R","$","M","R","BOSS","M","?","M","?","?","R","?","$","T","R","E","M","?","M","R","BOSS"],"build_version":"2019-01-03v4","purchased_purges":0,"victory":true,"max_hp_per_floor":[64,64,64,64,64,64,64,64,64,64,64,64,64,64,64,64,64,64,64,64,64,64,64,64,64,64,64,64,64,64,64,64,64,64,64,64,64,64,64,64,64,64,64,64,64,64,64,64,64,64],"card_choices":[{"not_picked":["Double Energy","Gash"],"picked":"Defragment","floor":1.0},{"not_picked":["Skim","Compile Driver"],"picked":"Go for the Eyes","floor":2.0},{"not_picked":["Blizzard","Conserve Battery"],"picked":"Streamline","floor":3.0},{"not_picked":["Rebound","Stack","Melter"],"picked":"SKIP","floor":8.0},{"not_picked":["Reinforced Body","Reprogram"],"picked":"FTL","floor":10.0},{"not_picked":["Chaos","Stack","Heatsinks"],"picked":"SKIP","floor":11.0},{"not_picked":["BootSequence","Gash"],"picked":"Beam Cell","floor":13.0},{"not_picked":["Turbo","Melter"],"picked":"Hologram","floor":14.0},{"not_picked":["Core Surge","Rainbow"],"picked":"Electrodynamics","floor":16.0},{"not_picked":["Stack","Aggregate","Turbo"],"picked":"SKIP","floor":18.0},{"not_picked":["Genetic Algorithm+1","Loop"],"picked":"Cold Snap","floor":20.0},{"not_picked":["Steam Power","Blizzard"],"picked":"Hello World","floor":21.0},{"not_picked":["Blizzard","Scrape"],"picked":"Steam Power+1","floor":27.0},{"not_picked":["Loop","Gash"],"picked":"Sweeping Beam","floor":28.0},{"not_picked":["Consume","Skim"],"picked":"Storm","floor":31.0},{"not_picked":["Amplify","Machine Learning"],"picked":"Core Surge","floor":33.0},{"not_picked":["Sweeping Beam","Hello World+1"],"picked":"Glacier","floor":35.0},{"not_picked":["Steam","Sweeping Beam"],"picked":"Undo","floor":36.0},{"not_picked":["Static Discharge","Sweeping Beam"],"picked":"Stack","floor":37.0},{"not_picked":["Stack","Recycle"],"picked":"Force Field+1","floor":38.0},{"not_picked":["Dramatic Entrance","Violence"],"picked":"Dark Shackles","floor":41.0},{"not_picked":["Compile Driver","Storm"],"picked":"Glacier+1","floor":45.0},{"not_picked":["Streamline","Cold Snap+1"],"picked":"Chill+1","floor":46.0},{"not_picked":["Turbo+1","Aggregate+1"],"picked":"Coolheaded+1","floor":48}],"player_experience":1954389,"relics_obtained":[{"floor":8.0,"key":"Smiling Mask"},{"floor":9.0,"key":"Nunchaku"},{"floor":10.0,"key":"Bird Faced Urn"},{"floor":26.0,"key":"Gremlin Horn"},{"floor":27.0,"key":"Art of War"},{"floor":36.0,"key":"Emotion Chip"},{"floor":38.0,"key":"WingedGreaves"},{"floor":43.0,"key":"Toxic Egg 2"},{"floor":45.0,"key":"Shovel"},{"floor":47.0,"key":"Boot"}],"event_choices":[{"damage_healed":21.0,"max_hp_gain":0.0,"max_hp_loss":0.0,"gold_gain":0.0,"event_name":"Big Fish","player_choice":"Banana","floor":5.0,"gold_loss":0.0,"damage_taken":0.0},{"damage_healed":0.0,"max_hp_gain":0.0,"max_hp_loss":0.0,"gold_gain":0.0,"event_name":"WeMeetAgain","player_choice":"Gave Potion","floor":7.0,"gold_loss":0.0,"damage_taken":0.0,"relics_obtained":["Thread and Needle"]},{"damage_healed":0.0,"max_hp_gain":0.0,"max_hp_loss":0.0,"gold_gain":0.0,"event_name":"Designer","player_choice":"Upgrade","floor":19.0,"gold_loss":50.0,"damage_taken":0.0,"cards_upgraded":["Defragment"]},{"damage_healed":0.0,"max_hp_gain":0.0,"max_hp_loss":0.0,"gold_gain":0.0,"event_name":"Addict","player_choice":"Obtained Relic","floor":22.0,"gold_loss":85.0,"damage_taken":0.0,"relics_obtained":["Happy Flower"]},{"damage_healed":0.0,"max_hp_gain":0.0,"max_hp_loss":0.0,"gold_gain":0.0,"cards_transformed":["Strike_B","Strike_B"],"event_name":"Drug Dealer","player_choice":"Became Test Subject","floor":23.0,"gold_loss":0.0,"damage_taken":0.0,"cards_obtained":["Leap","Hyperbeam"]},{"damage_healed":0.0,"max_hp_gain":0.0,"max_hp_loss":0.0,"gold_gain":0.0,"event_name":"MindBloom","player_choice":"Fight","floor":36.0,"gold_loss":0.0,"damage_taken":0.0},{"damage_healed":0.0,"max_hp_gain":0.0,"max_hp_loss":0.0,"gold_gain":0.0,"event_name":"Mysterious Sphere","player_choice":"Fight","floor":38.0,"gold_loss":0.0,"damage_taken":0.0},{"cards_removed":["Streamline"],"damage_healed":0.0,"max_hp_gain":0.0,"max_hp_loss":0.0,"gold_gain":0.0,"event_name":"Falling","player_choice":"Removed Attack","floor":39.0,"gold_loss":0.0,"damage_taken":0.0},{"damage_healed":0.0,"max_hp_gain":0.0,"max_hp_loss":0.0,"gold_gain":0.0,"event_name":"SensoryStone","player_choice":"Memory 1","floor":41.0,"gold_loss":0.0,"damage_taken":0.0}],"is_beta":false,"boss_relics":[{"not_picked":["Lizard Tail","Runic Pyramid"],"picked":"Nuclear Battery"},{"not_picked":["Runic Dome","Sozu"],"picked":"Empty Cage"}],"items_purged_floors":[],"is_endless":false,"potions_floor_spawned":[1,2,3,14,18,27,36,38,45,46,48],"ascension_level":15}