{"gold_per_floor":[111,36,53,53,69,69,83,145,172,202,202,217,249,263,263,263],"floor_reached":16,"playtime":845,"items_purged":["Strike_R"],"score":244,"play_id":"841dc93a-9975-4f90-95df-e01052a31dd2","local_time":"20190321163821","is_ascension_mode":true,"campfire_choices":[{"data":"Immolate","floor":6,"key":"SMITH"},{"data":"Armaments","floor":11,"key":"SMITH"},{"data":"Disarm","floor":15,"key":"SMITH"}],"neow_cost":"NONE","seed_source_timestamp":126236278041500,"circlet_count":0,"master_deck":["AscendersBane","Strike_R","Strike_R","Strike_R","Defend_R","Defend_R","Defend_R","Defend_R","Bash","Immolate+1","Disarm+1","Shockwave","Exhume","Armaments+1","Feel No Pain","Dual Wield","Reaper"],"relics":["Burning Blood","Tiny Chest","PreservedInsect","Omamori","Pear"],"potions_floor_usage":[8,13,14,16],"damage_taken":[{"damage":1,"enemies":"Cultist","floor":1,"turns":3},{"damage":0,"enemies":"2 Louse","floor":3,"turns":2},{"damage":8,"enemies":"Small Slimes","floor":5,"turns":2},{"damage":0,"enemies":"Gremlin Gang","floor":7,"turns":1},{"damage":10,"enemies":"3 Sentries","floor":8,"turns":3},{"damage":30,"enemies":"Lagavulin","floor":10,"turns":8},{"damage":7,"enemies":"2 Fungi Beasts","floor":12,"turns":3},{"damage":4,"enemies":"Gremlin Nob","floor":13,"turns":3},{"damage":6,"enemies":"Large Slime","floor":14,"turns":5},{"damage":65,"enemies":"Hexaghost","floor":16,"turns":16}],"seed_played":"-6611502903399169200","potions_obtained":[{"floor":1,"key":"EssenceOfSteel"},{"floor":8,"key":"Energy Potion"},{"floor":12,"key":"Poison Potion"},{"floor":14,"key":"SpeedPotion"}],"is_trial":false,"path_per_floor":["M","$","M","?","M","R","M","E","T","E","R","M","E","M","R","B"],"character_chosen":"IRONCLAD","items_purchased":[],"campfire_rested":0,"item_purchase_floors":[],"current_hp_per_floor":[73,73,75,75,73,73,75,71,71,47,47,46,58,58,58,0],"gold":263,"neow_bonus":"ONE_RANDOM_RARE_CARD","is_prod":false,"is_daily":false,"chose_seed":false,"campfire_upgraded":3,"win_rate":0,"timestamp":1553186301,"path_taken":["M","$","M","?","?","R","M","E","T","E","R","M","E","M","R","BOSS"],"build_version":"2019-01-23","purchased_purges":1,"victory":false,"max_hp_per_floor":[75,75,75,75,75,75,75,75,75,75,75,75,85,85,85,85],"card_choices":[{"not_picked":["Perfected Strike","Anger"],"picked":"Disarm","floor":1},{"not_picked":["Heavy Blade","Rampage"],"picked":"Shockwave","floor":3},{"not_picked":["Pommel Strike","Second Wind"],"picked":"Armaments","floor":5},{"not_picked":["Clash","Shockwave"],"picked":"Feel No Pain","floor":7},{"not_picked":["Perfected Strike","Body Slam"],"picked":"Dual Wield","floor":8},{"not_picked":["Havoc","Armaments","Clothesline"],"picked":"SKIP","floor":10},{"not_picked":["Combust","Dropkick","Dual Wield"],"picked":"SKIP","floor":12},{"not_picked":["Flame Barrier","Cleave"],"picked":"Reaper","floor":13},{"not_picked":["Searing Blow","Fire Breathing","Body Slam"],"picked":"SKIP","floor":14}],"player_experience":2291035,"relics_obtained":[{"floor":8,"key":"Tiny Chest"},{"floor":9,"key":"PreservedInsect"},{"floor":10,"key":"Omamori"},{"floor":13,"key":"Pear"}],"event_choices":[{"damage_healed":0,"gold_gain":0,"cards_transformed":["Strike_R"],"player_choice":"Transformed","damage_taken":0,"max_hp_gain":0,"max_hp_loss":0,"event_name":"Transmorgrifier","floor":4,"gold_loss":0,"cards_obtained":["Exhume"]}],"is_beta":false,"boss_relics":[],"items_purged_floors":[2],"is_endless":false,"potions_floor_spawned":[1,8,12,14],"killed_by":"Hexaghost","ascension_level":20}