{"gold_per_floor":[116,116,136,148,148,148,158,158,182,194,205,216,228,228,228,324,324,336,336,346,357,357,357,368,368,368,368,368,386,403,403,403,403],"floor_reached":33,"playtime":3219,"items_purged":[],"score":243,"play_id":"986ea8e6-71a5-41df-a3bd-a2d2b16dcdfb","local_time":"20190209015733","is_ascension_mode":false,"campfire_choices":[{"data":"Flame Barrier","floor":6,"key":"SMITH"},{"data":"Body Slam","floor":8,"key":"SMITH"},{"data":"True Grit","floor":15,"key":"SMITH"},{"floor":23,"key":"REST"},{"data":"Intimidate","floor":25,"key":"SMITH"},{"data":"Heavy Blade","floor":27,"key":"SMITH"},{"floor":32,"key":"REST"}],"neow_cost":"NONE","seed_source_timestamp":370143533938340,"circlet_count":0,"master_deck":["Strike_R","Strike_R","Defend_R","Defend_R","Defend_R","Bash+1","Heavy Blade+1","Flame Barrier+1","Pummel","Body Slam+1","Inflame","True Grit+1","Power Through","Shrug It Off","Demon Form","Cleave","Armaments+1","Intimidate+1","Searing Blow","Flame Barrier","Flex+1"],"relics":["Burning Blood"],"potions_floor_usage":[30,33,33],"damage_taken":[{"damage":0,"enemies":"Small Slimes","floor":1,"turns":3},{"damage":1,"enemies":"2 Louse","floor":3,"turns":3},{"damage":5,"enemies":"Cultist","floor":4,"turns":4},{"damage":10,"enemies":"Looter","floor":7,"turns":4},{"damage":18,"enemies":"Large Slime","floor":10,"turns":8},{"damage":3,"enemies":"Exordium Wildlife","floor":11,"turns":3},{"damage":0,"enemies":"Blue Slaver","floor":12,"turns":5},{"damage":1,"enemies":"Lots of Slimes","floor":13,"turns":5},{"damage":34,"enemies":"The Guardian","floor":16,"turns":14},{"damage":17,"enemies":"Shell Parasite","floor":18,"turns":8},{"damage":28,"enemies":"2 Thieves","floor":20,"turns":5},{"damage":15,"enemies":"Shelled Parasite and Fungi","floor":21,"turns":9},{"damage":18,"enemies":"Snake Plant","floor":24,"turns":8},{"damage":33,"enemies":"Centurion and Healer","floor":29,"turns":9},{"damage":19,"enemies":"3 Cultists","floor":30,"turns":7},{"damage":69,"enemies":"Collector","floor":33,"turns":5}],"seed_played":"-3008794520457360883","potions_obtained":[{"floor":4,"key":"Ancient Potion"},{"floor":7,"key":"Regen Potion"},{"floor":13,"key":"LiquidBronze"},{"floor":30,"key":"Explosive Potion"}],"is_trial":false,"path_per_floor":["M","?","M","M","?","R","M","R","T","M","M","M","M","?","R","B",null,"M","?","M","M","?","R","M","R","T","R","?","M","M","T","R","B"],"character_chosen":"IRONCLAD","items_purchased":[],"campfire_rested":2,"item_purchase_floors":[],"current_hp_per_floor":[80,85,85,85,85,85,81,81,81,69,72,78,83,83,83,55,85,74,74,52,43,43,68,56,56,56,56,56,29,31,31,56,0],"gold":403,"neow_bonus":"UPGRADE_CARD","is_prod":false,"is_daily":false,"chose_seed":false,"campfire_upgraded":5,"win_rate":0,"timestamp":1549673853,"path_taken":["M","?","M","M","?","R","?","R","T","M","M","M","M","?","R","BOSS","M","?","M","M","?","R","?","R","T","R","?","?","M","?","R","BOSS"],"build_version":"2019-01-23","purchased_purges":0,"victory":false,"max_hp_per_floor":[80,85,85,85,85,85,85,85,85,85,85,85,85,85,85,85,85,85,85,85,85,85,85,85,85,85,85,85,85,85,85,85,85],"card_choices":[{"not_picked":["Sword Boomerang","Body Slam"],"picked":"Heavy Blade","floor":1},{"not_picked":["Clash","Shrug It Off"],"picked":"Flame Barrier","floor":3},{"not_picked":["Anger","Feel No Pain"],"picked":"Pummel","floor":4},{"not_picked":["Headbutt","Warcry"],"picked":"Body Slam","floor":7},{"not_picked":["Spot Weakness","Thunderclap"],"picked":"Inflame","floor":10},{"not_picked":["Iron Wave","Flex"],"picked":"True Grit","floor":11},{"not_picked":["Headbutt","Havoc"],"picked":"Power Through","floor":12},{"not_picked":["Infernal Blade","Brutality"],"picked":"Shrug It Off","floor":13},{"not_picked":["Immolate","Reaper"],"picked":"Demon Form","floor":16},{"not_picked":["Dual Wield","Iron Wave"],"picked":"Cleave","floor":18},{"not_picked":["Sword Boomerang","Hemokinesis"],"picked":"Armaments+1","floor":20},{"not_picked":["Uppercut","Anger","Cleave+1"],"picked":"SKIP","floor":21},{"not_picked":["Clothesline","Twin Strike"],"picked":"Flame Barrier","floor":24},{"not_picked":["Bludgeon","Clash","Perfected Strike"],"picked":"SKIP","floor":29},{"not_picked":["Armaments+1","Sword Boomerang"],"picked":"Flex+1","floor":30}],"player_experience":548762,"relics_obtained":[],"event_choices":[{"damage_healed":0,"gold_gain":0,"player_choice":"Donut","damage_taken":0,"max_hp_gain":5,"max_hp_loss":0,"event_name":"Big Fish","floor":2,"gold_loss":0},{"cards_removed":["Strike_R"],"damage_healed":0,"gold_gain":0,"player_choice":"Purged","damage_taken":0,"max_hp_gain":0,"max_hp_loss":0,"event_name":"Purifier","floor":5,"gold_loss":0},{"damage_healed":0,"gold_gain":0,"player_choice":"Ignored","damage_taken":0,"max_hp_gain":0,"max_hp_loss":0,"event_name":"Liars Game","floor":14,"gold_loss":0},{"damage_healed":0,"gold_gain":0,"player_choice":"Ignored","damage_taken":0,"max_hp_gain":0,"max_hp_loss":0,"event_name":"Vampires","floor":19,"gold_loss":0},{"damage_healed":0,"gold_gain":0,"cards_transformed":["Strike_R","Strike_R"],"player_choice":"Became Test Subject","damage_taken":0,"max_hp_gain":0,"max_hp_loss":0,"event_name":"Drug Dealer","floor":22,"gold_loss":0,"cards_obtained":["Intimidate","Searing Blow"]},{"cards_removed":["Defend_R"],"damage_healed":0,"gold_gain":0,"player_choice":"Offered Basic","damage_taken":0,"max_hp_gain":0,"max_hp_loss":0,"event_name":"Bonfire Elementals","floor":28,"gold_loss":0}],"is_beta":false,"boss_relics":[{"not_picked":["Sozu","Busted Crown","Philosopher\u0027s Stone"]}],"items_purged_floors":[],"is_endless":false,"potions_floor_spawned":[4,7,13,18,24,30],"killed_by":"Collector","ascension_level":0}