{"gold_per_floor":[213,5,5,17,32,32,65,65,65,77,105,105,140,152,152,230,230,248,262,281,75,275,275,275],"floor_reached":24,"playtime":899,"items_purged":["Strike_B"],"score":412,"play_id":"ba7003e4-a488-469e-9ef8-e2c61fb3dde9","local_time":"20181227000030","is_ascension_mode":true,"campfire_choices":[{"data":"Self Repair","floor":6.0,"key":"SMITH"},{"data":"Conserve Battery","floor":8.0,"key":"SMITH"},{"data":"Chaos","floor":12.0,"key":"SMITH"},{"data":"Go for the Eyes","floor":15.0,"key":"SMITH"},{"data":"Fission","floor":23.0,"key":"SMITH"}],"neow_cost":"NONE","seed_source_timestamp":1767108565584,"circlet_count":0,"master_deck":["AscendersBane","Strike_B","Strike_B","Strike_B","Defend_B","Defend_B","Defend_B","Defend_B","Zap","Dualcast","Self Repair+1","Ball Lightning","Conserve Battery+1","Go for the Eyes+1","Chaos+1","Capacitor+1","Creative AI+1","Fission+1","Sunder+1","Consume","Storm+1"],"special_seed":0,"relics":["Cracked Core","Pen Nib","Meat on the Bone","Frozen Egg 2","Odd Mushroom","Mango","Coffee Dripper"],"potions_floor_usage":[24],"damage_taken":[{"damage":2.0,"enemies":"Cultist","floor":1.0,"turns":4.0},{"damage":0.0,"enemies":"2 Louse","floor":4.0,"turns":1.0},{"damage":9.0,"enemies":"Jaw Worm","floor":5.0,"turns":3.0},{"damage":8.0,"enemies":"Gremlin Nob","floor":7.0,"turns":3.0},{"damage":13.0,"enemies":"3 Louse","floor":10.0,"turns":4.0},{"damage":2.0,"enemies":"The Mushroom Lair","floor":11.0,"turns":4.0},{"damage":15.0,"enemies":"3 Sentries","floor":13.0,"turns":7.0},{"damage":11.0,"enemies":"Exordium Thugs","floor":14.0,"turns":5.0},{"damage":34.0,"enemies":"The Guardian","floor":16.0,"turns":9.0},{"damage":52.0,"enemies":"3 Byrds","floor":18.0,"turns":6.0},{"damage":7.0,"enemies":"Chosen","floor":19.0,"turns":3.0},{"damage":36.0,"enemies":"Snake Plant","floor":20.0,"turns":4.0},{"damage":40,"enemies":"Book of Stabbing","floor":24,"turns":4}],"seed_played":"-7153315653354449686","potions_obtained":[{"floor":1.0,"key":"SteroidPotion"},{"floor":7.0,"key":"LiquidBronze"},{"floor":10.0,"key":"Fire Potion"},{"floor":20.0,"key":"FearPotion"}],"is_trial":false,"path_per_floor":["M","$","?","M","M","R","E","R","T","M","?","R","E","M","R","B",null,"M","M","M","$","?","R","E"],"character_chosen":"DEFECT","items_purchased":["Pen Nib","Ball Lightning","Storm+1","Block Potion"],"campfire_rested":0,"item_purchase_floors":[2,2,21,21],"current_hp_per_floor":[62,62,62,62,60,60,62,62,62,59,67,67,76,75,75,63,80,50,53,39,39,39,39,0],"gold":275,"neow_bonus":"HUNDRED_GOLD","is_prod":false,"is_daily":false,"chose_seed":false,"campfire_upgraded":5,"win_rate":0,"timestamp":1545840030,"path_taken":["M","?","?","M","?","R","E","R","T","M","?","R","E","M","R","BOSS","M","M","M","$","?","R","E"],"build_version":"2018-12-20","purchased_purges":1,"victory":false,"max_hp_per_floor":[71,71,71,71,71,71,71,71,71,71,71,71,85,85,85,85,85,85,85,85,85,85,85,85],"card_choices":[{"not_picked":["Barrage","Leap"],"picked":"Self Repair","floor":1.0},{"not_picked":["BootSequence","Ball Lightning"],"picked":"Conserve Battery","floor":4.0},{"not_picked":["Conserve Battery","Storm"],"picked":"Go for the Eyes","floor":5.0},{"not_picked":["Reprogram","Stack","Steam"],"picked":"SKIP","floor":7.0},{"not_picked":["White Noise","Turbo"],"picked":"Chaos","floor":10.0},{"not_picked":["Stack","Barrage"],"picked":"Capacitor+1","floor":13.0},{"not_picked":["Gash","Coolheaded"],"picked":"Creative AI+1","floor":14.0},{"not_picked":["Multi-Cast","Seek"],"picked":"Fission","floor":16.0},{"not_picked":["Streamline","Turbo"],"picked":"Sunder+1","floor":18.0},{"not_picked":["Rip and Tear","Aggregate","Compile Driver"],"picked":"SKIP","floor":19.0},{"not_picked":["Undo","Capacitor+1"],"picked":"Consume","floor":20.0}],"player_experience":2457507,"relics_obtained":[{"floor":7.0,"key":"Meat on the Bone"},{"floor":9.0,"key":"Frozen Egg 2"},{"floor":11.0,"key":"Odd Mushroom"},{"floor":13.0,"key":"Mango"}],"event_choices":[{"damage_healed":0.0,"max_hp_gain":0.0,"max_hp_loss":0.0,"gold_gain":0.0,"event_name":"Liars Game","player_choice":"Ignored","floor":3.0,"gold_loss":0.0,"damage_taken":0.0},{"damage_healed":0.0,"max_hp_gain":0.0,"max_hp_loss":0.0,"gold_gain":0.0,"event_name":"Mushrooms","player_choice":"Fought Mushrooms","floor":11.0,"gold_loss":0.0,"damage_taken":0.0},{"damage_healed":0.0,"max_hp_gain":0.0,"max_hp_loss":0.0,"gold_gain":250.0,"event_name":"The Joust","player_choice":"Bet on Owner","floor":22.0,"gold_loss":50.0,"damage_taken":0.0}],"is_beta":false,"boss_relics":[{"not_picked":["Busted Crown","Lizard Tail"],"picked":"Coffee Dripper"}],"items_purged_floors":[21],"is_endless":false,"potions_floor_spawned":[1,7,10,20],"killed_by":"Book of Stabbing","ascension_level":20}