{"gold_per_floor":[218,66,66,76,95,95,95,128,153,192,192,41,74,89,89,180,180,151,174,199,18,18,18],"floor_reached":23,"playtime":1252,"items_purged":["Strike_G","Strike_G"],"score":366,"play_id":"3cf2209b-0942-4373-a680-25a687f71e72","local_time":"20181130135532","is_ascension_mode":true,"campfire_choices":[{"data":"Sucker Punch","floor":6,"key":"SMITH"},{"data":"Malaise","floor":11,"key":"SMITH"},{"data":"A Thousand Cuts","floor":15,"key":"SMITH"}],"neow_cost":"NONE","seed_source_timestamp":21287659053683,"circlet_count":0,"master_deck":["AscendersBane","Defend_G","Defend_G","Defend_G","Defend_G","Defend_G","Strike_G","Strike_G","Strike_G","Survivor","Neutralize+1","Dash","Malaise+1","Well Laid Plans","Sucker Punch+1","Leg Sweep","Dagger Spray","A Thousand Cuts+1","Escape Plan","Burst","Skewer","Infinite Blades","Necronomicurse"],"relics":["Ring of the Snake","Golden Idol","Oddly Smooth Stone","Juzu Bracelet","Snake Skull","Ginger","Busted Crown","Necronomicon"],"potions_floor_usage":[8,23],"damage_taken":[{"damage":0,"enemies":"2 Louse","floor":1,"turns":3},{"damage":0,"enemies":"Cultist","floor":4,"turns":4},{"damage":0,"enemies":"Small Slimes","floor":5,"turns":4},{"damage":9,"enemies":"Lagavulin","floor":8,"turns":12},{"damage":10,"enemies":"Gremlin Nob","floor":10,"turns":6},{"damage":5,"enemies":"3 Sentries","floor":13,"turns":10},{"damage":0,"enemies":"Exordium Wildlife","floor":14,"turns":3},{"damage":10,"enemies":"Slime Boss","floor":16,"turns":11},{"damage":10,"enemies":"2 Thieves","floor":18,"turns":5},{"damage":0,"enemies":"Chosen","floor":19,"turns":6},{"damage":0,"enemies":"Centurion and Healer","floor":20,"turns":8},{"damage":21,"enemies":"Slavers","floor":23,"turns":3}],"seed_played":"7319456944885995029","potions_obtained":[{"floor":1,"key":"GhostInAJar"},{"floor":10,"key":"Strength Potion"},{"floor":14,"key":"SkillPotion"}],"is_trial":false,"path_per_floor":["M","$","?","M","M","R","?","E","T","E","R","$","E","M","R","B",null,"M","M","M","$","?","E"],"character_chosen":"THE_SILENT","items_purchased":["Malaise","Well Laid Plans","A Thousand Cuts","Infinite Blades"],"campfire_rested":0,"item_purchase_floors":[2,2,12,21],"current_hp_per_floor":[59,59,59,59,59,59,59,50,50,40,40,40,35,35,35,25,51,41,41,41,41,20,0],"gold":18,"neow_bonus":"HUNDRED_GOLD","is_prod":false,"is_daily":false,"chose_seed":false,"campfire_upgraded":3,"win_rate":0,"timestamp":1543614932,"path_taken":["M","$","?","?","?","R","?","E","T","E","R","?","E","M","R","BOSS","M","M","M","$","?","E"],"build_version":"2018-11-15","purchased_purges":2,"victory":false,"max_hp_per_floor":[66,66,66,66,66,66,60,60,60,60,60,60,60,60,60,60,60,60,60,60,60,60,60],"card_choices":[{"not_picked":["Dodge and Roll","Finisher"],"picked":"Dash","floor":1},{"not_picked":["Predator","Heel Hook"],"picked":"Sucker Punch","floor":4},{"not_picked":["Reflex","Poisoned Stab","Setup"],"picked":"SKIP","floor":5},{"not_picked":["Catalyst","Blade Dance"],"picked":"Leg Sweep","floor":8},{"not_picked":["Skewer","Acrobatics"],"picked":"Dagger Spray","floor":10},{"not_picked":["Outmaneuver","All Out Attack","Expertise"],"picked":"SKIP","floor":13},{"not_picked":["Poisoned Stab","Venomology"],"picked":"Escape Plan","floor":14},{"not_picked":["Storm of Steel","Venomology"],"picked":"Burst","floor":16},{"not_picked":["Poisoned Stab"],"picked":"SKIP","floor":18},{"not_picked":[],"picked":"Skewer","floor":19},{"not_picked":["Riddle With Holes"],"picked":"SKIP","floor":20}],"player_experience":1694643,"relics_obtained":[{"floor":8,"key":"Oddly Smooth Stone"},{"floor":9,"key":"Juzu Bracelet"},{"floor":10,"key":"Snake Skull"},{"floor":13,"key":"Ginger"},{"floor":22,"key":"Necronomicon"}],"event_choices":[{"damage_healed":0,"gold_gain":0,"player_choice":"Upgraded","damage_taken":0,"max_hp_gain":0,"max_hp_loss":0,"event_name":"Upgrade Shrine","floor":3,"gold_loss":0,"cards_upgraded":["Neutralize"]},{"damage_healed":0,"gold_gain":0,"player_choice":"Lose Max HP","damage_taken":0,"relics_obtained":["Golden Idol"],"max_hp_gain":0,"max_hp_loss":6,"event_name":"Golden Idol","floor":7,"gold_loss":0},{"damage_healed":0,"gold_gain":0,"player_choice":"Obtained Book","damage_taken":21,"max_hp_gain":0,"max_hp_loss":0,"event_name":"Cursed Tome","floor":22,"gold_loss":0}],"is_beta":false,"boss_relics":[{"not_picked":["Orrery","Empty Cage"],"picked":"Busted Crown"}],"items_purged_floors":[12,21],"is_endless":false,"potions_floor_spawned":[1,10,14,18],"killed_by":"Slavers","ascension_level":15}