{"gold_per_floor":[110,124,135,153,163,163,190,190,216,226,246,264,294,308,308,385,385,401,413,338,338,356,356,306,306,306,30,47,74,88,102,102,176,176,190,190,204,224,9,9,0,16,39,57,76,76,94,94,94,94],"floor_reached":51,"playtime":2585,"items_purged":["Strike_R","Strike_R","Strike_R"],"score":1328,"play_id":"cb96a8e5-fb10-4b4f-8b68-7cb1e03cb8aa","local_time":"20180905135525","is_ascension_mode":true,"campfire_choices":[{"data":"Inflame","floor":6.0,"key":"SMITH"},{"data":"Spot Weakness","floor":8.0,"key":"SMITH"},{"data":"Whirlwind","floor":15.0,"key":"SMITH"},{"floor":23.0,"key":"REST"},{"floor":25.0,"key":"REST"},{"floor":32.0,"key":"REST"},{"floor":40.0,"key":"REST"},{"floor":49,"key":"REST"}],"neow_cost":"NONE","seed_source_timestamp":0,"circlet_count":0,"master_deck":["Strike_R","Defend_R+1","Defend_R","Defend_R","Defend_R","Bash","AscendersBane","Inflame+1","Twin Strike","Disarm","Feed","Spot Weakness+1","Whirlwind+1","Anger","Fiend Fire","True Grit+1","Reaper","Sword Boomerang+1","Inflame","Pommel Strike","Shrug It Off+1","Battle Trance","Metallicize+1","Flame Barrier","Rampage+1","Armaments+1","Pummel","Limit Break+1","Heavy Blade+1","Disarm+1","Disarm+1"],"special_seed":0,"relics":["Burning Blood","Art of War","Strawberry","Anchor","Fusion Hammer","War Paint","Bag of Preparation","Dream Catcher","Eternal Feather","Juzu Bracelet","Red Mask","Lantern"],"potions_floor_usage":[47,50],"damage_taken":[{"damage":1.0,"enemies":"Cultist","floor":1.0,"turns":4.0},{"damage":9.0,"enemies":"2 Louse","floor":2.0,"turns":3.0},{"damage":4.0,"enemies":"Jaw Worm","floor":3.0,"turns":4.0},{"damage":16.0,"enemies":"Exordium Wildlife","floor":4.0,"turns":4.0},{"damage":31.0,"enemies":"Large Slime","floor":5.0,"turns":7.0},{"damage":10.0,"enemies":"3 Sentries","floor":7.0,"turns":4.0},{"damage":15.0,"enemies":"Gremlin Gang","floor":10.0,"turns":4.0},{"damage":0.0,"enemies":"2 Fungi Beasts","floor":11.0,"turns":2.0},{"damage":13.0,"enemies":"3 Louse","floor":12.0,"turns":5.0},{"damage":32.0,"enemies":"Gremlin Nob","floor":13.0,"turns":4.0},{"damage":9.0,"enemies":"Lots of Slimes","floor":14.0,"turns":5.0},{"damage":39.0,"enemies":"Slime Boss","floor":16.0,"turns":8.0},{"damage":30.0,"enemies":"3 Byrds","floor":18.0,"turns":5.0},{"damage":23.0,"enemies":"Chosen","floor":19.0,"turns":5.0},{"damage":31.0,"enemies":"3 Cultists","floor":22.0,"turns":4.0},{"damage":16.0,"enemies":"Centurion and Healer","floor":28.0,"turns":5.0},{"damage":22.0,"enemies":"Book of Stabbing","floor":29.0,"turns":4.0},{"damage":15.0,"enemies":"Chosen and Byrds","floor":30.0,"turns":5.0},{"damage":10.0,"enemies":"Sentry and Sphere","floor":31.0,"turns":4.0},{"damage":78.0,"enemies":"Collector","floor":33.0,"turns":10.0},{"damage":38.0,"enemies":"3 Shapes","floor":35.0,"turns":6.0},{"damage":36.0,"enemies":"3 Darklings","floor":37.0,"turns":4.0},{"damage":22.0,"enemies":"Transient","floor":38.0,"turns":6.0},{"damage":54.0,"enemies":"Maw","floor":42.0,"turns":10.0},{"damage":38.0,"enemies":"4 Shapes","floor":44.0,"turns":9.0},{"damage":27.0,"enemies":"3 Darklings","floor":45.0,"turns":3.0},{"damage":19,"enemies":"Spire Growth","floor":47,"turns":4},{"damage":75,"enemies":"Time Eater","floor":50,"turns":11}],"seed_played":"3193417132921809246","potions_obtained":[{"floor":2.0,"key":"SkillPotion"},{"floor":3.0,"key":"Poison Potion"},{"floor":5.0,"key":"AttackPotion"},{"floor":7.0,"key":"Strength Potion"},{"floor":11.0,"key":"Ancient Potion"},{"floor":19.0,"key":"Regen Potion"},{"floor":35.0,"key":"Poison Potion"},{"floor":37.0,"key":"Weak Potion"},{"floor":44.0,"key":"PowerPotion"}],"is_trial":false,"path_per_floor":["M","M","M","M","M","R","E","R","T","M","M","M","E","M","R","B",null,"M","M","$","?","M","R","?","R","T","$","M","E","M","M","R","B",null,"M","T","M","M","$","R","?","M","T","M","M","?","M","?","R","B"],"character_chosen":"IRONCLAD","items_purchased":["Bag of Preparation","Pummel"],"campfire_rested":5,"item_purchase_floors":[27,39],"current_hp_per_floor":[73,70,72,62,40,40,69,69,76,70,79,75,52,52,52,19,82,67,56,56,56,40,70,70,100,100,100,101,90,81,86,103,76,96,67,67,57,66,66,106,106,58,58,48,27,27,14,110,110,89],"gold":94,"neow_bonus":"REMOVE_CARD","is_prod":false,"is_daily":false,"chose_seed":false,"campfire_upgraded":3,"win_rate":0,"timestamp":1536180925,"path_taken":["M","M","M","M","?","R","E","R","T","M","?","M","E","M","R","BOSS","M","M","$","?","M","R","?","R","T","$","M","E","?","M","R","BOSS","M","?","M","M","$","R","?","M","T","M","M","?","M","?","R","BOSS"],"build_version":"2018-08-30","purchased_purges":3,"victory":true,"max_hp_per_floor":[75,75,75,75,78,78,81,81,88,91,94,97,100,103,103,103,103,103,103,103,103,103,103,103,103,103,103,103,103,103,103,103,103,103,106,106,106,106,106,106,106,106,106,110,110,110,110,110,110,110],"card_choices":[{"not_picked":["Armaments","Iron Wave"],"picked":"Inflame","floor":1.0},{"not_picked":["Rupture","Pommel Strike"],"picked":"Twin Strike","floor":2.0},{"not_picked":["Heavy Blade","Corruption"],"picked":"Disarm","floor":3.0},{"not_picked":["Twin Strike","Sentinel"],"picked":"Feed","floor":4.0},{"not_picked":["Sentinel","Seeing Red"],"picked":"Spot Weakness","floor":5.0},{"not_picked":["Searing Blow","Rage","Perfected Strike"],"picked":"SKIP","floor":7.0},{"not_picked":["Wild Strike","True Grit"],"picked":"Whirlwind","floor":10.0},{"not_picked":["Evolve","Cleave","Perfected Strike"],"picked":"SKIP","floor":11.0},{"not_picked":["Bloodletting","Warcry"],"picked":"Anger","floor":12.0},{"not_picked":["Wild Strike","Fire Breathing"],"picked":"Fiend Fire","floor":13.0},{"not_picked":["Entrench","Rage"],"picked":"True Grit","floor":14.0},{"not_picked":["Demon Form","Juggernaut"],"picked":"Reaper","floor":16.0},{"not_picked":["Clothesline","Anger"],"picked":"Sword Boomerang+1","floor":18.0},{"not_picked":["Burning Pact","Heavy Blade"],"picked":"Inflame","floor":19.0},{"not_picked":["Sword Boomerang","Warcry"],"picked":"Pommel Strike","floor":22.0},{"not_picked":["Wild Strike","True Grit"],"picked":"Shrug It Off+1","floor":28.0},{"not_picked":["Body Slam","Berserk","Iron Wave"],"picked":"SKIP","floor":29.0},{"not_picked":["Wild Strike","Perfected Strike"],"picked":"Battle Trance","floor":30.0},{"not_picked":["Cleave","Body Slam"],"picked":"Metallicize+1","floor":31.0},{"not_picked":["Headbutt","Blood for Blood"],"picked":"Flame Barrier","floor":32.0},{"not_picked":["Rupture","Havoc","Perfected Strike"],"picked":"SKIP","floor":35.0},{"not_picked":["Cleave","Warcry"],"picked":"Rampage+1","floor":37.0},{"not_picked":["Cleave","Ghostly Armor+1"],"picked":"Armaments+1","floor":38.0},{"not_picked":["Shrug It Off+1","Perfected Strike"],"picked":"Limit Break","floor":42.0},{"not_picked":["Flex","Thunderclap"],"picked":"Heavy Blade+1","floor":44.0},{"not_picked":["Iron Wave","Pommel Strike"],"picked":"Disarm+1","floor":45.0},{"not_picked":["Combust","Ghostly Armor","Iron Wave"],"picked":"SKIP","floor":47},{"not_picked":["Dual Wield","Battle Trance"],"picked":"Disarm+1","floor":49}],"player_experience":1070982,"relics_obtained":[{"floor":7.0,"key":"Art of War"},{"floor":9.0,"key":"Strawberry"},{"floor":13.0,"key":"Anchor"},{"floor":26.0,"key":"War Paint"},{"floor":29.0,"key":"Dream Catcher"},{"floor":36.0,"key":"Juzu Bracelet"},{"floor":43.0,"key":"Lantern"}],"event_choices":[{"event_name":"Vampires","player_choice":"Ignored","floor":21.0,"damage_taken":0.0},{"event_name":"The Joust","player_choice":"Bet on Murderer","floor":24.0,"damage_taken":0.0},{"event_name":"Tomb of Lord Red Mask","player_choice":"Paid","floor":41.0,"damage_taken":0.0},{"event_name":"Accursed Blacksmith","player_choice":"Forge","floor":46.0,"damage_taken":0.0},{"event_name":"Wheel of Change","player_choice":"Full Heal","floor":48,"damage_taken":0}],"is_beta":false,"boss_relics":[{"not_picked":["Black Blood","Pandora\u0027s Box"],"picked":"Fusion Hammer"},{"not_picked":["Snecko Eye","Philosopher\u0027s Stone"],"picked":"Eternal Feather"}],"items_purged_floors":[20,27,39],"is_endless":false,"potions_floor_spawned":[2,3,5,7,11,12,13,19,22,28,31,35,37,44],"ascension_level":17}