{"gold_per_floor":[20,20,36,36,51,51,84,84,84,102,131,131,117,152,152,224,224,224,224,224,224,224,224,224,224,224,224,224,65,65,65,65,65,65,65,65,65,65,65,65,65,65,65,65,65,65,65,65,65,65],"floor_reached":51,"playtime":2580,"items_purged":["Strike_G"],"score":1206,"play_id":"a0fe1ee0-9454-458d-85a3-ec436767a06c","local_time":"20190108125800","is_ascension_mode":true,"campfire_choices":[{"data":"Sucker Punch","floor":6.0,"key":"SMITH"},{"data":"Malaise","floor":8.0,"key":"SMITH"},{"floor":12.0,"key":"REST"},{"floor":15.0,"key":"REST"},{"data":"1","floor":23.0,"key":"LIFT"},{"data":"Cloak And Dagger","floor":25.0,"key":"SMITH"},{"data":"2","floor":27.0,"key":"LIFT"},{"floor":32.0,"key":"REST"},{"data":"Envenom","floor":40.0,"key":"SMITH"},{"data":"Catalyst","floor":44.0,"key":"SMITH"},{"data":"Burst","floor":49,"key":"SMITH"}],"neow_cost":"NO_GOLD","seed_source_timestamp":13288966707400,"circlet_count":0,"master_deck":["AscendersBane","Defend_G","Defend_G","Defend_G","Defend_G","Defend_G","Strike_G","Strike_G","Strike_G","Survivor","Neutralize","Malaise+1","Sucker Punch+1","Blur","Infinite Blades","Deflect","Calculated Gamble","Cloak And Dagger+1","Bouncing Flask","Wraith Form v2","Die Die Die","Deadly Poison","RitualDagger","Dagger Spray+1","Heel Hook+1","Burst+1","Accuracy","Ghostly","Ghostly","Ghostly","Envenom+1","Malaise","Backflip+1","Catalyst+1","Deadly Poison","Acrobatics+1","Dodge and Roll+1","Blade Dance+1"],"special_seed":0,"relics":["Ring of the Snake","StoneCalendar","Girya","Bird Faced Urn","Calipers","Ectoplasm","Bag of Preparation","WristBlade","Omamori","Torii"],"potions_floor_usage":[50,50],"damage_taken":[{"damage":3.0,"enemies":"Jaw Worm","floor":1.0,"turns":6.0},{"damage":1.0,"enemies":"Cultist","floor":3.0,"turns":5.0},{"damage":2.0,"enemies":"Small Slimes","floor":5.0,"turns":4.0},{"damage":15.0,"enemies":"Lagavulin","floor":7.0,"turns":12.0},{"damage":7.0,"enemies":"Exordium Wildlife","floor":10.0,"turns":5.0},{"damage":18.0,"enemies":"3 Sentries","floor":11.0,"turns":7.0},{"damage":6.0,"enemies":"Exordium Thugs","floor":13.0,"turns":4.0},{"damage":34.0,"enemies":"Gremlin Nob","floor":14.0,"turns":6.0},{"damage":12.0,"enemies":"Slime Boss","floor":16.0,"turns":7.0},{"damage":1.0,"enemies":"Shell Parasite","floor":18.0,"turns":7.0},{"damage":0.0,"enemies":"Spheric Guardian","floor":21.0,"turns":3.0},{"damage":26.0,"enemies":"Snake Plant","floor":22.0,"turns":7.0},{"damage":14.0,"enemies":"Centurion and Healer","floor":24.0,"turns":7.0},{"damage":8.0,"enemies":"Chosen and Byrds","floor":28.0,"turns":7.0},{"damage":24.0,"enemies":"Collector","floor":33.0,"turns":9.0},{"damage":8.0,"enemies":"3 Shapes","floor":35.0,"turns":5.0},{"damage":10.0,"enemies":"3 Darklings","floor":36.0,"turns":6.0},{"damage":0.0,"enemies":"Jaw Worm Horde","floor":37.0,"turns":4.0},{"damage":0.0,"enemies":"2 Orb Walkers","floor":38.0,"turns":3.0},{"damage":0.0,"enemies":"4 Shapes","floor":39.0,"turns":5.0},{"damage":1.0,"enemies":"Transient","floor":41.0,"turns":5.0},{"damage":10.0,"enemies":"Sphere and 2 Shapes","floor":42.0,"turns":7.0},{"damage":10.0,"enemies":"Writhing Mass","floor":45.0,"turns":7.0},{"damage":8,"enemies":"3 Darklings","floor":46,"turns":7},{"damage":2,"enemies":"Mind Bloom Boss Battle","floor":48,"turns":7},{"damage":23,"enemies":"Awakened One","floor":50,"turns":17}],"seed_played":"7174392748722505724","potions_obtained":[{"floor":13.0,"key":"LiquidBronze"},{"floor":14.0,"key":"SkillPotion"},{"floor":16.0,"key":"FearPotion"},{"floor":18.0,"key":"FearPotion"},{"floor":22.0,"key":"Explosive Potion"},{"floor":36.0,"key":"SmokeBomb"},{"floor":39.0,"key":"EssenceOfSteel"},{"floor":45.0,"key":"EssenceOfSteel"}],"is_trial":false,"path_per_floor":["M","?","M","?","M","R","E","R","T","M","E","R","M","E","R","B",null,"M","?","?","M","M","R","M","R","T","R","M","$","?","?","R","B",null,"M","M","M","?","M","R","M","M","T","R","M","M","$","?","R","B",null],"character_chosen":"THE_SILENT","items_purchased":["SkillPotion","Accuracy"],"campfire_rested":3,"item_purchase_floors":[29,29],"current_hp_per_floor":[56,61,60,60,58,58,43,43,43,36,18,39,33,1,22,12,56,57,51,51,55,31,31,21,21,21,21,17,17,17,17,27,9,29,25,23,25,29,33,33,34,28,28,28,24,24,24,30,30,13],"gold":65,"neow_bonus":"THREE_RARE_CARDS","is_prod":false,"is_daily":false,"chose_seed":false,"campfire_upgraded":6,"win_rate":0,"timestamp":1546981080,"path_taken":["M","?","M","?","M","R","E","R","T","M","E","R","?","E","R","BOSS","M","?","?","?","M","R","?","R","T","R","?","$","?","?","R","BOSS","M","M","?","?","M","R","M","M","T","R","M","M","$","?","R","BOSS"],"build_version":"2019-01-03v4","purchased_purges":1,"victory":true,"max_hp_per_floor":[66,71,71,71,71,71,71,71,71,71,71,71,71,71,71,71,71,71,71,71,71,71,71,71,71,71,71,71,71,35,35,35,35,35,35,35,35,35,35,35,35,35,35,35,35,35,35,35,35,35],"card_choices":[{"not_picked":["Bullet Time","Storm of Steel"],"picked":"Malaise","floor":0.0},{"not_picked":["Underhanded Strike","Slice"],"picked":"Sucker Punch","floor":1.0},{"not_picked":["Bane","Slice"],"picked":"Blur","floor":3.0},{"not_picked":["Flying Knee","Underhanded Strike"],"picked":"Infinite Blades","floor":5.0},{"not_picked":["PiercingWail","Riddle With Holes"],"picked":"Deflect","floor":7.0},{"not_picked":["Eviscerate","Prepared"],"picked":"Calculated Gamble","floor":10.0},{"not_picked":["Quick Slash","Blade Dance"],"picked":"Cloak And Dagger","floor":11.0},{"not_picked":["Escape Plan","Endless Agony"],"picked":"Bouncing Flask","floor":13.0},{"not_picked":["Predator","Outmaneuver"],"picked":"Wraith Form v2","floor":14.0},{"not_picked":["Malaise","Unload"],"picked":"Die Die Die","floor":16.0},{"not_picked":["Bouncing Flask","Quick Slash"],"picked":"Deadly Poison","floor":18.0},{"not_picked":["Tactician","Blade Dance"],"picked":"Dagger Spray+1","floor":21.0},{"not_picked":["Slice","Cloak And Dagger"],"picked":"Heel Hook+1","floor":22.0},{"not_picked":["Slice+1","Concentrate","Cloak And Dagger"],"picked":"SKIP","floor":24.0},{"not_picked":["Dagger Throw","Distraction"],"picked":"Burst","floor":28.0},{"not_picked":["Wraith Form v2","Doppelganger"],"picked":"Malaise","floor":33.0},{"not_picked":["Deadly Poison","Outmaneuver+1","Bane+1"],"picked":"SKIP","floor":35.0},{"not_picked":["Blade Dance","Poisoned Stab","Predator"],"picked":"SKIP","floor":36.0},{"not_picked":["Blade Dance","Footwork","Concentrate+1"],"picked":"SKIP","floor":37.0},{"not_picked":["Flying Knee+1","Deadly Poison"],"picked":"Backflip+1","floor":39.0},{"not_picked":["Bouncing Flask+1","Flying Knee"],"picked":"Catalyst","floor":41.0},{"not_picked":["Deflect","Outmaneuver"],"picked":"Deadly Poison","floor":42.0},{"not_picked":["Calculated Gamble","Slice"],"picked":"Acrobatics+1","floor":45.0},{"not_picked":["Terror","Sucker Punch+1"],"picked":"Dodge and Roll+1","floor":46},{"not_picked":["Noxious Fumes","Underhanded Strike"],"picked":"Blade Dance+1","floor":48}],"player_experience":1968625,"relics_obtained":[{"floor":7.0,"key":"StoneCalendar"},{"floor":9.0,"key":"Girya"},{"floor":11.0,"key":"Bird Faced Urn"},{"floor":14.0,"key":"Calipers"},{"floor":26.0,"key":"Bag of Preparation"},{"floor":43.0,"key":"Omamori"},{"floor":48,"key":"Torii"}],"event_choices":[{"damage_healed":0.0,"max_hp_gain":5.0,"max_hp_loss":0.0,"gold_gain":0.0,"event_name":"Big Fish","player_choice":"Donut","floor":2.0,"gold_loss":0.0,"damage_taken":0.0},{"damage_healed":0.0,"max_hp_gain":0.0,"max_hp_loss":0.0,"gold_gain":0.0,"event_name":"FaceTrader","player_choice":"Leave","floor":4.0,"gold_loss":0.0,"damage_taken":0.0},{"damage_healed":0.0,"max_hp_gain":0.0,"max_hp_loss":0.0,"gold_gain":0.0,"event_name":"Nest","player_choice":"Joined the Cult","floor":19.0,"gold_loss":0.0,"damage_taken":6.0,"cards_obtained":["RitualDagger"]},{"damage_healed":0.0,"max_hp_gain":0.0,"max_hp_loss":0.0,"gold_gain":0.0,"event_name":"N\u0027loth","player_choice":"Ignored","floor":20.0,"gold_loss":0.0,"damage_taken":0.0},{"damage_healed":0.0,"max_hp_gain":0.0,"max_hp_loss":36.0,"gold_gain":0.0,"event_name":"Ghosts","player_choice":"Became a Ghost","floor":30.0,"gold_loss":0.0,"damage_taken":0.0,"cards_obtained":["Ghostly","Ghostly","Ghostly"]},{"damage_healed":0.0,"max_hp_gain":0.0,"max_hp_loss":0.0,"gold_gain":0.0,"cards_transformed":["Strike_G"],"event_name":"Transmorgrifier","player_choice":"Transformed","floor":31.0,"gold_loss":0.0,"damage_taken":0.0,"cards_obtained":["Envenom"]},{"damage_healed":0.0,"max_hp_gain":0.0,"max_hp_loss":0.0,"gold_gain":0.0,"event_name":"Mysterious Sphere","player_choice":"Fight","floor":38.0,"gold_loss":0.0,"damage_taken":0.0},{"damage_healed":0,"gold_gain":0,"player_choice":"Fight","damage_taken":0,"max_hp_gain":0,"max_hp_loss":0,"event_name":"MindBloom","floor":48,"gold_loss":0}],"is_beta":false,"boss_relics":[{"not_picked":["HoveringKite","Philosopher\u0027s Stone"],"picked":"Ectoplasm"},{"not_picked":["Eternal Feather","Black Star"],"picked":"WristBlade"}],"items_purged_floors":[29],"is_endless":false,"potions_floor_spawned":[13,14,16,18,22,24,36,38,39,45,48],"ascension_level":15}