{"gold_per_floor":[116,116,187,112,62,62,96,111,162,219,250,260,285,305,305,305],"floor_reached":16,"playtime":637,"items_purged":["Strike_R"],"score":189,"play_id":"a66f03ea-de86-477a-8dad-9b442c5db590","local_time":"20181208144705","is_ascension_mode":true,"campfire_choices":[{"data":"Bash","floor":6.0,"key":"SMITH"},{"data":"Inflame","floor":15.0,"key":"SMITH"}],"neow_cost":"NONE","seed_source_timestamp":30525485038443,"circlet_count":0,"master_deck":["AscendersBane","Strike_R+1","Strike_R","Strike_R","Strike_R+1","Defend_R","Defend_R","Defend_R","Defend_R","Bash+1","Inflame+1","Pommel Strike","Flame Barrier","Thunderclap","Heavy Blade"],"special_seed":0,"relics":["Burning Blood","Whetstone","Gremlin Horn","PreservedInsect","Pen Nib","Ornamental Fan","Juzu Bracelet"],"potions_floor_usage":[16],"damage_taken":[{"damage":7.0,"enemies":"Jaw Worm","floor":1.0,"turns":4.0},{"damage":25.0,"enemies":"3 Sentries","floor":7.0,"turns":7.0},{"damage":6.0,"enemies":"Cultist","floor":8.0,"turns":3.0},{"damage":18.0,"enemies":"Lagavulin","floor":11.0,"turns":7.0},{"damage":7.0,"enemies":"Small Slimes","floor":12.0,"turns":5.0},{"damage":24.0,"enemies":"Exordium Wildlife","floor":14.0,"turns":5.0},{"damage":26,"enemies":"Slime Boss","floor":16,"turns":7}],"seed_played":"6454671430348491960","potions_obtained":[{"floor":1.0,"key":"GamblersBrew"},{"floor":7.0,"key":"Block Potion"},{"floor":14.0,"key":"SteroidPotion"}],"is_trial":false,"path_per_floor":["M","?","T","$","$","R","E","M","T","?","E","M","T","M","R","B"],"character_chosen":"IRONCLAD","items_purchased":["PowerPotion"],"campfire_rested":0,"item_purchase_floors":[5],"current_hp_per_floor":[67,72,72,72,72,72,53,53,53,53,41,40,40,22,22,0],"gold":305,"neow_bonus":"RANDOM_COMMON_RELIC","is_prod":false,"is_daily":false,"chose_seed":false,"campfire_upgraded":2,"win_rate":0,"timestamp":1544309225,"path_taken":["M","?","?","?","$","R","E","?","T","?","E","M","?","M","R","BOSS"],"build_version":"2018-12-06","purchased_purges":1,"victory":false,"max_hp_per_floor":[75,80,80,80,80,80,80,80,80,80,80,80,80,80,80,80],"card_choices":[{"not_picked":["Rampage","Cleave"],"picked":"Inflame","floor":1.0},{"not_picked":["Combust","Dual Wield"],"picked":"Pommel Strike","floor":7.0},{"not_picked":["Twin Strike","Fire Breathing"],"picked":"Flame Barrier","floor":8.0},{"not_picked":["Blood for Blood","Searing Blow"],"picked":"Thunderclap","floor":11.0},{"not_picked":["Perfected Strike","Warcry","Flame Barrier"],"picked":"SKIP","floor":12.0},{"not_picked":["Warcry","Metallicize"],"picked":"Heavy Blade","floor":14.0}],"player_experience":1759686,"relics_obtained":[{"floor":3.0,"key":"Gremlin Horn"},{"floor":7.0,"key":"PreservedInsect"},{"floor":9.0,"key":"Pen Nib"},{"floor":11.0,"key":"Ornamental Fan"},{"floor":13.0,"key":"Juzu Bracelet"}],"event_choices":[{"damage_healed":0.0,"max_hp_gain":5.0,"max_hp_loss":0.0,"gold_gain":0.0,"event_name":"Big Fish","player_choice":"Donut","floor":2.0,"gold_loss":0.0,"damage_taken":0.0},{"damage_healed":0.0,"max_hp_gain":0.0,"max_hp_loss":0.0,"gold_gain":57.0,"event_name":"Golden Wing","player_choice":"Gained Gold","floor":10.0,"gold_loss":0.0,"damage_taken":0.0}],"is_beta":false,"boss_relics":[],"items_purged_floors":[4],"is_endless":false,"potions_floor_spawned":[1,7,12,14],"killed_by":"Slime Boss","ascension_level":15}