{"gold_per_floor":[109,128,32,44,62,90,90,120,120,120,134,152,152,172,172,172],"floor_reached":16,"playtime":460,"items_purged":[],"score":198,"play_id":"f5acc10d-5f73-461f-bc17-e247bbfbc39f","local_time":"25611216191638","is_ascension_mode":true,"campfire_choices":[{"data":"Whirlwind","floor":7.0,"key":"SMITH"},{"floor":10.0,"key":"REST"},{"data":"Armaments","floor":15.0,"key":"SMITH"}],"neow_cost":"NONE","seed_source_timestamp":0,"circlet_count":0,"master_deck":["AscendersBane","Strike_R","Strike_R","Strike_R","Strike_R","Strike_R","Defend_R","Defend_R","Defend_R","Defend_R","Bash","Dark Embrace","Wild Strike","Second Wind","Evolve","Shrug It Off","Whirlwind+1","Corruption","Armaments+1","Flame Barrier","Wild Strike","Injury"],"special_seed":0,"relics":["Burning Blood","Bag of Preparation","Odd Mushroom","Dream Catcher","Golden Idol"],"potions_floor_usage":[16],"damage_taken":[{"damage":7.0,"enemies":"Cultist","floor":1.0,"turns":4.0},{"damage":3.0,"enemies":"2 Louse","floor":2.0,"turns":3.0},{"damage":17.0,"enemies":"Small Slimes","floor":4.0,"turns":4.0},{"damage":16.0,"enemies":"Exordium Wildlife","floor":5.0,"turns":3.0},{"damage":30.0,"enemies":"Lagavulin","floor":6.0,"turns":9.0},{"damage":16.0,"enemies":"The Mushroom Lair","floor":8.0,"turns":3.0},{"damage":11.0,"enemies":"Looter","floor":11.0,"turns":3.0},{"damage":3.0,"enemies":"Blue Slaver","floor":12.0,"turns":3.0},{"damage":0.0,"enemies":"2 Fungi Beasts","floor":14.0,"turns":4.0},{"damage":0,"enemies":"The Guardian","floor":16,"turns":2}],"seed_played":"7407206927978596718","potions_obtained":[{"floor":2.0,"key":"Dexterity Potion"},{"floor":4.0,"key":"Block Potion"},{"floor":12.0,"key":"AttackPotion"}],"is_trial":false,"path_per_floor":["M","M","$","M","M","E","R","?","T","R","M","M","?","M","R","B"],"character_chosen":"IRONCLAD","items_purchased":["Evolve","Shrug It Off"],"campfire_rested":1,"item_purchase_floors":[3,3],"current_hp_per_floor":[67,70,70,59,49,25,25,15,15,37,32,35,35,41,41,41],"gold":172,"neow_bonus":"ONE_RANDOM_RARE_CARD","is_prod":false,"is_daily":false,"chose_seed":false,"campfire_upgraded":2,"win_rate":0,"timestamp":1544962598,"path_taken":["M","M","?","M","M","E","R","?","T","R","M","M","?","M","R","BOSS"],"build_version":"2018-12-13","purchased_purges":0,"victory":false,"max_hp_per_floor":[75,75,75,75,75,75,75,75,75,75,75,75,75,75,75,75],"card_choices":[{"not_picked":["Thunderclap","Blood for Blood"],"picked":"Wild Strike","floor":1.0},{"not_picked":["True Grit","Searing Blow"],"picked":"Second Wind","floor":2.0},{"not_picked":["Headbutt","Heavy Blade"],"picked":"Whirlwind","floor":4.0},{"not_picked":["Whirlwind","Dual Wield","Carnage"],"picked":"SKIP","floor":5.0},{"not_picked":["Intimidate","Whirlwind"],"picked":"Corruption","floor":6.0},{"not_picked":["Havoc","Clash"],"picked":"Armaments","floor":8.0},{"not_picked":["Dual Wield","Second Wind"],"picked":"Flame Barrier","floor":10.0},{"not_picked":["Perfected Strike","Bludgeon"],"picked":"Wild Strike","floor":11.0},{"not_picked":["Warcry","Havoc","Reckless Charge"],"picked":"SKIP","floor":12.0},{"not_picked":["Body Slam","Flex","Heavy Blade"],"picked":"SKIP","floor":14.0}],"player_experience":210699,"relics_obtained":[{"floor":6.0,"key":"Bag of Preparation"},{"floor":8.0,"key":"Odd Mushroom"},{"floor":9.0,"key":"Dream Catcher"}],"event_choices":[{"damage_healed":0.0,"max_hp_gain":0.0,"max_hp_loss":0.0,"gold_gain":0.0,"event_name":"Mushrooms","player_choice":"Fought Mushrooms","floor":8.0,"gold_loss":0.0,"damage_taken":0.0},{"damage_healed":0.0,"max_hp_gain":0.0,"max_hp_loss":0.0,"gold_gain":0.0,"event_name":"Golden Idol","player_choice":"Take Wound","floor":13.0,"gold_loss":0.0,"damage_taken":0.0,"relics_obtained":["Golden Idol"],"cards_obtained":["Injury"]}],"is_beta":false,"boss_relics":[],"items_purged_floors":[],"is_endless":false,"potions_floor_spawned":[2,4,5,12],"killed_by":"The Guardian","ascension_level":18}