{"gold_per_floor":[14,29,29,29,49,49,82,82,128,139,159,194,212,227,227,301,301,301,271,271,271,271,271,271,271,271,271,271,271,271,5,5,5],"floor_reached":33,"playtime":1943,"items_purged":["Strike_G"],"score":481,"play_id":"8154638f-bf6a-4694-875a-edae19cc1d69","local_time":"20180801195211","is_ascension_mode":true,"campfire_choices":[{"data":"Neutralize","floor":6.0,"key":"SMITH"},{"floor":8.0,"key":"REST"},{"floor":15.0,"key":"REST"},{"data":"Burst","floor":23.0,"key":"SMITH"},{"floor":30,"key":"REST"},{"data":"Cloak And Dagger","floor":32,"key":"SMITH"}],"neow_cost":"NO_GOLD","seed_source_timestamp":43027252917895,"circlet_count":0,"master_deck":["Defend_G","Defend_G","Defend_G+1","Defend_G","Defend_G","Strike_G","Strike_G","Strike_G","Survivor","Neutralize+1","AscendersBane","Adrenaline","Slice","Bouncing Flask+1","Dagger Throw","Burst+1","Dagger Spray","Dash","Blur","Poisoned Stab","Cloak And Dagger+1","Acrobatics","Decay","Cloak And Dagger","Backflip"],"special_seed":0,"relics":["Ring of the Snake","Art of War","Dream Catcher","Bag of Marbles","Ectoplasm","Juzu Bracelet","Centennial Puzzle","Anchor","Snake Skull"],"potions_floor_usage":[33,33,33],"damage_taken":[{"damage":3.0,"enemies":"Jaw Worm","floor":1.0,"turns":6.0},{"damage":3.0,"enemies":"Small Slimes","floor":2.0,"turns":4.0},{"damage":0.0,"enemies":"Cultist","floor":5.0,"turns":2.0},{"damage":15.0,"enemies":"3 Sentries","floor":7.0,"turns":9.0},{"damage":12.0,"enemies":"Exordium Wildlife","floor":10.0,"turns":6.0},{"damage":0.0,"enemies":"Gremlin Gang","floor":11.0,"turns":2.0},{"damage":12.0,"enemies":"Lagavulin","floor":12.0,"turns":5.0},{"damage":0.0,"enemies":"Exordium Thugs","floor":13.0,"turns":5.0},{"damage":0.0,"enemies":"Lots of Slimes","floor":14.0,"turns":2.0},{"damage":11.0,"enemies":"The Guardian","floor":16.0,"turns":10.0},{"damage":4.0,"enemies":"3 Byrds","floor":18.0,"turns":4.0},{"damage":0.0,"enemies":"2 Thieves","floor":19.0,"turns":3.0},{"damage":23,"enemies":"Slavers","floor":24,"turns":6},{"damage":0,"enemies":"Snake Plant","floor":25,"turns":4},{"damage":53,"enemies":"Automaton","floor":33,"turns":6}],"seed_played":"-3208559478273326849","potions_obtained":[{"floor":2.0,"key":"SkillPotion"},{"floor":7.0,"key":"Poison Potion"},{"floor":14.0,"key":"Ancient Potion"},{"floor":18.0,"key":"AttackPotion"},{"floor":24,"key":"EntropicBrew"}],"is_trial":false,"path_per_floor":["M","M","?","?","M","R","E","R","T","M","M","E","M","M","R","B",null,"M","M","?","T","?","R","E","M","T","?","?","?","R","$","R"],"character_chosen":"THE_SILENT","items_purchased":["Snake Skull","Backflip"],"campfire_rested":3,"item_purchase_floors":[31,31],"current_hp_per_floor":[56,53,33,33,33,33,18,37,37,25,25,13,13,13,32,21,55,51,51,42,42,42,42,19,19,19,19,19,32,51,51,51,0],"gold":5,"neow_bonus":"THREE_RARE_CARDS","is_prod":false,"is_daily":false,"chose_seed":false,"campfire_upgraded":3,"win_rate":0,"timestamp":1533178331,"path_taken":["M","M","?","?","M","R","E","R","T","M","M","E","M","?","R","BOSS","M","M","?","?","?","R","E","M","T","?","?","?","R","$","R","BOSS"],"build_version":"2018-07-26","purchased_purges":1,"victory":false,"max_hp_per_floor":[66,66,66,66,66,66,66,66,66,66,66,66,66,66,66,66,66,66,66,66,66,66,66,66,66,66,66,66,66,66,66,66,66],"card_choices":[{"not_picked":["A Thousand Cuts","Phantasmal Killer"],"picked":"Adrenaline","floor":0.0},{"not_picked":["Poisoned Stab","Deflect"],"picked":"Slice","floor":1.0},{"not_picked":["Acrobatics","Deflect"],"picked":"Bouncing Flask","floor":2.0},{"not_picked":["Quick Slash","Blade Dance"],"picked":"Dagger Throw","floor":5.0},{"not_picked":["Dagger Throw","Blade Dance"],"picked":"Burst","floor":7.0},{"not_picked":["Bouncing Flask","Infinite Blades"],"picked":"Dagger Spray","floor":10.0},{"not_picked":["Prepared","Finisher","Eviscerate"],"picked":"SKIP","floor":11.0},{"not_picked":["Slice","Underhanded Strike","Acrobatics"],"picked":"SKIP","floor":12.0},{"not_picked":["Noxious Fumes","Setup"],"picked":"Dash","floor":13.0},{"not_picked":["Sucker Punch","Deflect","Escape Plan"],"picked":"SKIP","floor":14.0},{"not_picked":["Bane","Riddle With Holes"],"picked":"Blur","floor":18.0},{"not_picked":["Underhanded Strike","Quick Slash"],"picked":"Poisoned Stab","floor":19.0},{"not_picked":["Heel Hook","Masterful Stab+1"],"picked":"Cloak And Dagger","floor":24},{"not_picked":["Quick Slash","Prepared"],"picked":"Acrobatics","floor":25},{"not_picked":["Quick Slash","Poisoned Stab"],"picked":"Cloak And Dagger","floor":30}],"player_experience":969359,"relics_obtained":[{"floor":7.0,"key":"Art of War"},{"floor":9.0,"key":"Dream Catcher"},{"floor":12.0,"key":"Bag of Marbles"},{"floor":21.0,"key":"Juzu Bracelet"},{"floor":24,"key":"Centennial Puzzle"},{"floor":26,"key":"Anchor"}],"event_choices":[{"event_name":"Shining Light","player_choice":"Entered Light","floor":3.0,"damage_taken":0.0},{"event_name":"Match and Keep!","player_choice":"0 cards matched","floor":4.0,"damage_taken":0.0},{"event_name":"Match and Keep!","player_choice":"0 cards matched","floor":4.0,"damage_taken":0.0},{"event_name":"Wheel of Change","player_choice":"Damage","floor":20.0,"damage_taken":0.0},{"event_name":"Purifier","player_choice":"One Purge","floor":22.0,"damage_taken":0.0},{"event_name":"Forgotten Altar","player_choice":"Smashed Altar","floor":27,"damage_taken":0},{"event_name":"Cursed Tome","player_choice":"Ignored","floor":28,"damage_taken":0},{"event_name":"The Library","player_choice":"Heal","floor":29,"damage_taken":0}],"is_beta":false,"boss_relics":[{"not_picked":["White Beast Statue","Snecko Eye"],"picked":"Ectoplasm"}],"items_purged_floors":[31],"is_endless":false,"potions_floor_spawned":[2,7,14,18,24],"killed_by":"Automaton","ascension_level":15}