{"gold_per_floor":[109,384,397,407,407,441,456,456,456,456,456,456,471,501,501,501],"floor_reached":16,"playtime":664,"items_purged":[],"score":193,"play_id":"9bb5d4e3-f521-4e0f-9dae-9fbd1f252b7b","local_time":"20190302234700","is_ascension_mode":true,"campfire_choices":[{"floor":8,"key":"REST"},{"data":"Bash","floor":10,"key":"SMITH"},{"data":"Dropkick","floor":12,"key":"SMITH"},{"data":"Shrug It Off","floor":15,"key":"SMITH"}],"neow_cost":"NONE","seed_source_timestamp":11445998013600,"circlet_count":0,"master_deck":["AscendersBane","Strike_R","Strike_R","Strike_R","Strike_R","Strike_R","Defend_R","Defend_R","Defend_R","Defend_R","Bash+1","Regret","Dropkick+1","Shrug It Off+1","Fiend Fire+1","Evolve"],"relics":["Burning Blood","NeowsBlessing","Gambling Chip","Incense Burner","Unceasing Top"],"potions_floor_usage":[6],"damage_taken":[{"damage":0,"enemies":"Cultist","floor":1,"turns":1},{"damage":0,"enemies":"2 Louse","floor":3,"turns":1},{"damage":3,"enemies":"Small Slimes","floor":4,"turns":2},{"damage":59,"enemies":"Gremlin Nob","floor":6,"turns":5},{"damage":11,"enemies":"Exordium Wildlife","floor":7,"turns":4},{"damage":11,"enemies":"Blue Slaver","floor":13,"turns":2},{"damage":21,"enemies":"3 Sentries","floor":14,"turns":13},{"damage":20,"enemies":"Hexaghost","floor":16,"turns":11}],"seed_played":"-6638414949652081227","potions_obtained":[{"floor":1,"key":"Swift Potion"},{"floor":7,"key":"SpeedPotion"}],"is_trial":false,"path_per_floor":["M","?","M","M","?","E","M","R","T","R","?","R","M","E","R","B"],"character_chosen":"IRONCLAD","items_purchased":[],"campfire_rested":1,"item_purchase_floors":[],"current_hp_per_floor":[74,74,75,75,75,22,17,39,39,39,39,39,34,19,19,0],"gold":501,"neow_bonus":"THREE_ENEMY_KILL","is_prod":false,"is_daily":false,"chose_seed":false,"campfire_upgraded":3,"win_rate":0,"timestamp":1551541620,"path_taken":["M","?","?","M","?","E","M","R","T","R","?","R","?","E","R","BOSS"],"build_version":"2019-01-23","purchased_purges":0,"victory":false,"max_hp_per_floor":[75,75,75,75,75,75,75,75,75,75,75,75,75,75,75,75],"card_choices":[{"not_picked":["Sever Soul","Thunderclap","Armaments"],"picked":"SKIP","floor":1},{"not_picked":["Shrug It Off","Perfected Strike"],"picked":"Dropkick","floor":3},{"not_picked":["Bloodletting","Havoc"],"picked":"Shrug It Off","floor":4},{"not_picked":["True Grit","Headbutt"],"picked":"Fiend Fire","floor":6},{"not_picked":["Pommel Strike","Combust","Cleave"],"picked":"SKIP","floor":7},{"not_picked":["Warcry","Body Slam"],"picked":"Evolve","floor":13},{"not_picked":["Thunderclap","Iron Wave","Headbutt"],"picked":"SKIP","floor":14}],"player_experience":2680281,"relics_obtained":[{"floor":6,"key":"Gambling Chip"},{"floor":9,"key":"Incense Burner"},{"floor":14,"key":"Unceasing Top"}],"event_choices":[{"damage_healed":0,"gold_gain":275,"player_choice":"Desecrate","damage_taken":0,"max_hp_gain":0,"max_hp_loss":0,"event_name":"Golden Shrine","floor":2,"gold_loss":0,"cards_obtained":["Regret"]},{"damage_healed":0,"gold_gain":0,"player_choice":"Ignored","damage_taken":0,"max_hp_gain":0,"max_hp_loss":0,"event_name":"Liars Game","floor":5,"gold_loss":0},{"damage_healed":0,"gold_gain":0,"player_choice":"Forge","damage_taken":0,"max_hp_gain":0,"max_hp_loss":0,"event_name":"Accursed Blacksmith","floor":11,"gold_loss":0,"cards_upgraded":["Fiend Fire"]}],"is_beta":false,"boss_relics":[],"items_purged_floors":[],"is_endless":false,"potions_floor_spawned":[1,7],"killed_by":"Hexaghost","ascension_level":15}