{"gold_per_floor":[110,210,220,230,17,46,46,79,79,99,99,19,19,30,30,127,127,114,132,17,32,43,43,43,43,96,96,127,142,142],"floor_reached":30,"playtime":1628,"items_purged":["Strike_R"],"score":403,"play_id":"86936a20-0638-4243-b61a-e375ab4e7e5a","local_time":"20190416005731","is_ascension_mode":true,"campfire_choices":[{"data":"Shockwave","floor":7,"key":"SMITH"},{"data":"Armaments","floor":11,"key":"SMITH"},{"data":"Bash","floor":13,"key":"SMITH"},{"floor":15,"key":"RECALL"},{"floor":23,"key":"REST"},{"floor":25,"key":"REST"}],"neow_cost":"NONE","seed_source_timestamp":315102329538300,"circlet_count":0,"master_deck":["AscendersBane","Strike_R","Strike_R","Strike_R","Defend_R","Defend_R","Defend_R+1","Defend_R","Bash+1","Iron Wave","Shrug It Off","Clothesline","Shockwave+1","Twin Strike","Armaments+1","Impervious","Feed","Entrench","Inflame","Shrug It Off+1","Evolve+1"],"relics":["Burning Blood","Oddly Smooth Stone","Sling","Turnip","Du-Vu Doll","Ginger","Fusion Hammer","War Paint","Dodecahedron"],"potions_floor_usage":[6,8,16,21,22],"damage_taken":[{"damage":12,"enemies":"Small Slimes","floor":1,"turns":4},{"damage":0,"enemies":"Cultist","floor":3,"turns":4},{"damage":2,"enemies":"2 Louse","floor":4,"turns":3},{"damage":12,"enemies":"Lagavulin","floor":6,"turns":5},{"damage":23,"enemies":"Gremlin Nob","floor":8,"turns":4},{"damage":0,"enemies":"Large Slime","floor":10,"turns":5},{"damage":5,"enemies":"Looter","floor":14,"turns":3},{"damage":24,"enemies":"Hexaghost","floor":16,"turns":11},{"damage":17,"enemies":"2 Thieves","floor":18,"turns":4},{"damage":7,"enemies":"Spheric Guardian","floor":19,"turns":8},{"damage":3,"enemies":"Centurion and Healer","floor":21,"turns":11},{"damage":12,"enemies":"Snake Plant","floor":22,"turns":6},{"damage":23,"enemies":"Slavers","floor":28,"turns":6},{"damage":27,"enemies":"3 Cultists","floor":29,"turns":9},{"damage":66,"enemies":"Gremlin Leader","floor":30,"turns":9}],"seed_played":"6446626589574284472","potions_obtained":[{"floor":4,"key":"Block Potion"},{"floor":6,"key":"Explosive Potion"},{"floor":14,"key":"Strength Potion"},{"floor":16,"key":"GamblersBrew"},{"floor":18,"key":"Ancient Potion"},{"floor":19,"key":"Swift Potion"}],"is_trial":false,"path_per_floor":["M","?","M","M","$","E","R","E","T","M","R","$","R","M","R","B",null,"M","M","$","M","M","R","?","R","T","$","E","M","E"],"character_chosen":"IRONCLAD","items_purchased":["Sling","Clothesline","Impervious","Inflame"],"campfire_rested":2,"item_purchase_floors":[5,5,12,20],"current_hp_per_floor":[66,66,72,76,76,70,70,53,53,59,59,59,59,60,60,42,71,60,59,59,65,63,87,87,87,87,87,73,55,0],"gold":142,"neow_bonus":"RANDOM_COMMON_RELIC","is_prod":false,"is_daily":false,"chose_seed":false,"campfire_upgraded":3,"win_rate":0,"timestamp":1555365451,"path_taken":["M","?","?","M","$","E","R","E","T","M","R","$","R","M","R","BOSS","M","M","$","M","M","R","?","R","T","$","E","M","E"],"build_version":"2019-01-23","purchased_purges":1,"victory":false,"max_hp_per_floor":[80,80,80,80,80,80,80,80,80,80,80,80,80,80,80,80,80,80,80,80,83,87,87,87,87,87,87,90,93,93],"card_choices":[{"not_picked":["Wild Strike","Entrench","Havoc"],"picked":"SKIP","floor":1},{"not_picked":["Shrug It Off","Flex"],"picked":"Iron Wave","floor":3},{"not_picked":["Havoc","Wild Strike"],"picked":"Shrug It Off","floor":4},{"not_picked":["Second Wind","Body Slam"],"picked":"Shockwave","floor":6},{"not_picked":["Brutality","Warcry"],"picked":"Twin Strike","floor":8},{"not_picked":["Clothesline","Sword Boomerang"],"picked":"Armaments","floor":10},{"not_picked":["Carnage","Blood for Blood","Seeing Red"],"picked":"SKIP","floor":14},{"not_picked":["Berserk","Immolate"],"picked":"Feed","floor":16},{"not_picked":["Wild Strike","Thunderclap"],"picked":"Entrench","floor":18},{"not_picked":["Sword Boomerang","Anger+1","Infernal Blade"],"picked":"SKIP","floor":19},{"not_picked":["Iron Wave+1","Sword Boomerang"],"picked":"Shrug It Off","floor":21},{"not_picked":["Havoc","Flex"],"picked":"Evolve+1","floor":22},{"not_picked":["Flex","Pommel Strike","Rage"],"picked":"SKIP","floor":28},{"not_picked":["Armaments","Flex","Clothesline"],"picked":"SKIP","floor":29}],"player_experience":270973,"relics_obtained":[{"floor":6,"key":"Turnip"},{"floor":8,"key":"Du-Vu Doll"},{"floor":9,"key":"Ginger"},{"floor":26,"key":"War Paint"},{"floor":28,"key":"Dodecahedron"}],"event_choices":[{"damage_healed":0,"gold_gain":100,"player_choice":"Pray","damage_taken":0,"max_hp_gain":0,"max_hp_loss":0,"event_name":"Golden Shrine","floor":2,"gold_loss":0},{"cards_removed":["Strike_R"],"damage_healed":0,"gold_gain":0,"player_choice":"Elegance","damage_taken":0,"max_hp_gain":0,"max_hp_loss":0,"event_name":"Back to Basics","floor":24,"gold_loss":0}],"is_beta":false,"boss_relics":[{"not_picked":["White Beast Statue","Tiny House"],"picked":"Fusion Hammer"}],"items_purged_floors":[20],"is_endless":false,"potions_floor_spawned":[4,6,14,16,18,19],"killed_by":"Gremlin Leader","ascension_level":11}