{"gold_per_floor":[109,109,125,200,350,379,379,409,409,443,443,21,31,41,41,115,115,126,139,139,139],"floor_reached":21,"playtime":608,"items_purged":["Doubt"],"score":411,"play_id":"403f448b-7707-4b62-a62b-4ec9e7f5405a","local_time":"20190104032603","is_ascension_mode":true,"campfire_choices":[{"data":"Armaments","floor":7,"key":"SMITH"},{"floor":11,"key":"REST"},{"data":"Perfected Strike","floor":15,"key":"SMITH"}],"neow_cost":"NONE","seed_source_timestamp":1210630451318011,"circlet_count":0,"master_deck":["AscendersBane","Strike_R","Strike_R","Strike_R","Strike_R","Strike_R","Defend_R","Defend_R","Defend_R","Bash","Perfected Strike+1","Armaments+1","Dual Wield","Battle Trance","Twin Strike","Dark Shackles","Carnage","Pommel Strike","Exhume","Perfected Strike","Shrug It Off","Perfected Strike"],"relics":["Burning Blood","NeowsBlessing","Question Card","Letter Opener","Self Forming Clay","Sundial","Art of War","Mark of Pain"],"potions_floor_usage":[8,16,18],"damage_taken":[{"damage":0,"enemies":"2 Louse","floor":1,"turns":1},{"damage":0,"enemies":"Small Slimes","floor":3,"turns":1},{"damage":0,"enemies":"Gremlin Nob","floor":6,"turns":1},{"damage":30,"enemies":"Lagavulin","floor":8,"turns":7},{"damage":29,"enemies":"Gremlin Nob","floor":10,"turns":5},{"damage":0,"enemies":"Jaw Worm","floor":13,"turns":2},{"damage":0,"enemies":"Blue Slaver","floor":14,"turns":2},{"damage":32,"enemies":"Hexaghost","floor":16,"turns":9},{"damage":18,"enemies":"Chosen","floor":18,"turns":4},{"damage":36,"enemies":"Shell Parasite","floor":19,"turns":4},{"damage":25,"enemies":"Sentry and Sphere","floor":21,"turns":3}],"seed_played":"6514353964144393882","potions_obtained":[{"floor":6,"key":"FearPotion"},{"floor":13,"key":"AttackPotion"},{"floor":14,"key":"Weak Potion"},{"floor":19,"key":"Weak Potion"}],"is_trial":false,"path_per_floor":["M","?","M","?","?","E","R","E","T","E","R","$","M","M","R","B",null,"M","M","?","M"],"character_chosen":"IRONCLAD","items_purchased":["Dark Shackles","Art of War","Carnage"],"campfire_rested":1,"item_purchase_floors":[12,12,12],"current_hp_per_floor":[74,67,73,62,62,68,68,44,44,21,43,43,49,55,55,29,64,52,22,22,0],"gold":139,"neow_bonus":"THREE_ENEMY_KILL","is_prod":false,"is_daily":false,"chose_seed":false,"campfire_upgraded":2,"win_rate":0,"timestamp":1546568763,"path_taken":["M","?","M","?","?","E","R","E","T","E","R","?","M","?","R","BOSS","M","M","?","M"],"build_version":"2018-12-20","purchased_purges":1,"victory":false,"max_hp_per_floor":[75,75,75,75,75,75,75,75,75,75,75,75,75,75,75,75,75,75,75,75,75],"card_choices":[{"not_picked":["Headbutt","Pummel"],"picked":"Perfected Strike","floor":1},{"not_picked":["Feel No Pain","True Grit"],"picked":"Armaments","floor":3},{"not_picked":["Spot Weakness","Headbutt"],"picked":"Dual Wield","floor":6},{"not_picked":["Inflame","Anger","Power Through"],"picked":"Battle Trance","floor":8},{"not_picked":["Dual Wield","True Grit","Brutality"],"picked":"Twin Strike","floor":10},{"not_picked":["Sword Boomerang","Clothesline","Warcry"],"picked":"Pommel Strike","floor":13},{"not_picked":["Flex","Clothesline","Rupture","Cleave"],"picked":"SKIP","floor":14},{"not_picked":["Bludgeon","Barricade","Demon Form"],"picked":"Exhume","floor":16},{"not_picked":["Ghostly Armor","Havoc","Inflame"],"picked":"Perfected Strike","floor":18},{"not_picked":["Sword Boomerang","Cleave","Havoc+1"],"picked":"Shrug It Off","floor":19}],"player_experience":400894,"relics_obtained":[{"floor":6,"key":"Question Card"},{"floor":8,"key":"Letter Opener"},{"floor":9,"key":"Self Forming Clay"},{"floor":10,"key":"Sundial"}],"event_choices":[{"cards_removed":["Defend_R"],"damage_healed":0,"gold_gain":0,"player_choice":"Card Removal","damage_taken":7,"max_hp_gain":0,"max_hp_loss":0,"event_name":"Golden Wing","floor":2,"gold_loss":0},{"damage_healed":0,"gold_gain":75,"player_choice":"Gather Gold","damage_taken":11,"max_hp_gain":0,"max_hp_loss":0,"event_name":"World of Goop","floor":4,"gold_loss":0},{"damage_healed":0,"gold_gain":150,"player_choice":"AGREE","damage_taken":0,"max_hp_gain":0,"max_hp_loss":0,"event_name":"Liars Game","floor":5,"gold_loss":0,"cards_obtained":["Doubt"]},{"damage_healed":0,"gold_gain":0,"player_choice":"Read","damage_taken":0,"max_hp_gain":0,"max_hp_loss":0,"event_name":"The Library","floor":20,"gold_loss":0,"cards_obtained":["Perfected Strike"]}],"is_beta":false,"boss_relics":[{"not_picked":["Orrery","Busted Crown"],"picked":"Mark of Pain"}],"items_purged_floors":[12],"is_endless":false,"potions_floor_spawned":[6,13,14,19],"killed_by":"Sentry and Sphere","ascension_level":17}