{"gold_per_floor":[114,114,114,114,39,75,75,88,141,155,179,179,193,268,268,268],"floor_reached":16,"playtime":796,"items_purged":["Injury"],"score":105,"play_id":"466ca879-91f5-4bb7-993c-4f8c750436da","local_time":"20190326143945","is_ascension_mode":true,"campfire_choices":[{"floor":7,"key":"REST"},{"data":"Rupture","floor":12,"key":"SMITH"},{"floor":15,"key":"REST"}],"neow_cost":"CURSE","seed_source_timestamp":11227717127399,"circlet_count":0,"master_deck":["Strike_R+1","Strike_R+1","Strike_R+1","Strike_R","Strike_R","Defend_R","Defend_R","Defend_R","Defend_R","Bash","Immolate","Pommel Strike","Heavy Blade+1","Shrug It Off","Sever Soul","Rupture+1","Thunderclap"],"relics":["Burning Blood","Golden Idol","Bird Faced Urn","Whetstone"],"potions_floor_usage":[16],"damage_taken":[{"damage":0,"enemies":"2 Louse","floor":1,"turns":1},{"damage":20,"enemies":"Gremlin Nob","floor":6,"turns":4},{"damage":0,"enemies":"Small Slimes","floor":8,"turns":2},{"damage":1,"enemies":"Jaw Worm","floor":10,"turns":3},{"damage":11,"enemies":"Large Slime","floor":11,"turns":5},{"damage":0,"enemies":"3 Louse","floor":13,"turns":3},{"damage":100,"enemies":"The Guardian","floor":16,"turns":15}],"seed_played":"-8014105444855039169","potions_obtained":[{"floor":8,"key":"Swift Potion"},{"floor":10,"key":"Strength Potion"},{"floor":11,"key":"SpeedPotion"}],"is_trial":false,"path_per_floor":["M","?","?","?","$","E","R","M","T","M","M","R","M","?","R","B"],"character_chosen":"IRONCLAD","items_purchased":[],"campfire_rested":2,"item_purchase_floors":[],"current_hp_per_floor":[80,64,57,57,57,43,67,73,73,78,73,73,80,69,80,0],"gold":268,"neow_bonus":"THREE_RARE_CARDS","is_prod":false,"is_daily":false,"chose_seed":false,"campfire_upgraded":1,"win_rate":0,"timestamp":1553611185,"path_taken":["M","?","?","?","?","E","R","M","T","M","M","R","M","?","R","BOSS"],"build_version":"2019-01-23","purchased_purges":1,"victory":false,"max_hp_per_floor":[80,80,80,80,80,80,80,80,80,80,80,80,80,80,80,80],"card_choices":[{"not_picked":["Reaper","Berserk"],"picked":"Immolate","floor":0},{"not_picked":["Iron Wave","Twin Strike"],"picked":"Pommel Strike","floor":1},{"not_picked":["Body Slam","Havoc"],"picked":"Heavy Blade","floor":6},{"not_picked":["Clash","Evolve"],"picked":"Shrug It Off","floor":8},{"not_picked":["Battle Trance","Wild Strike"],"picked":"Sever Soul","floor":10},{"not_picked":["Shrug It Off","Sentinel"],"picked":"Rupture","floor":11},{"not_picked":["Body Slam","Evolve"],"picked":"Thunderclap","floor":13}],"player_experience":421271,"relics_obtained":[{"floor":6,"key":"Bird Faced Urn"},{"floor":9,"key":"Whetstone"}],"event_choices":[{"damage_healed":0,"gold_gain":0,"player_choice":"Entered Light","damage_taken":16,"max_hp_gain":0,"max_hp_loss":0,"event_name":"Shining Light","floor":2,"gold_loss":0,"cards_upgraded":["Strike_R","Strike_R"]},{"cards_removed":["Shame"],"damage_healed":0,"gold_gain":0,"player_choice":"Card Removal","damage_taken":7,"max_hp_gain":0,"max_hp_loss":0,"event_name":"Golden Wing","floor":3,"gold_loss":0},{"damage_healed":0,"gold_gain":0,"player_choice":"Take Wound","damage_taken":0,"relics_obtained":["Golden Idol"],"max_hp_gain":0,"max_hp_loss":0,"event_name":"Golden Idol","floor":4,"gold_loss":0,"cards_obtained":["Injury"]},{"damage_healed":0,"gold_gain":75,"player_choice":"Gather Gold","damage_taken":11,"max_hp_gain":0,"max_hp_loss":0,"event_name":"World of Goop","floor":14,"gold_loss":0}],"is_beta":false,"boss_relics":[],"items_purged_floors":[5],"is_endless":false,"potions_floor_spawned":[8,10,11],"killed_by":"The Guardian","ascension_level":1}