{"gold_per_floor":[114,20,20,31,48,48,83,98,98,118,145,160,160,56,56,132,132,147,3,22,22,34,67,67,67,67,87,87,87,99,117,117,194,194,211,211,224,224,234,234,234,234,234,300,240,257,82,101,101,101],"floor_reached":50,"playtime":2321,"items_purged":["Strike_B","Strike_B"],"score":909,"play_id":"9b011714-f116-4325-9efe-a8c82bb49604","local_time":"20181008083541","is_ascension_mode":true,"campfire_choices":[{"data":"Go for the Eyes","floor":6.0,"key":"SMITH"},{"data":"Zap","floor":13.0,"key":"SMITH"},{"floor":15.0,"key":"REST"},{"floor":24.0,"key":"REST"},{"data":"Defragment","floor":29.0,"key":"SMITH"},{"floor":32.0,"key":"REST"},{"floor":40.0,"key":"REST"},{"data":"Capacitor","floor":42.0,"key":"SMITH"},{"floor":49.0,"key":"REST"}],"neow_cost":"NONE","seed_source_timestamp":1258949688169,"circlet_count":0,"master_deck":["Defend_B","Defend_B","Defend_B","Zap+1","Dualcast","AscendersBane","Barrage","Go for the Eyes+1","Defragment+1","Compile Driver","Darkness","Coolheaded","Genetic Algorithm","Compile Driver","Undo","Cold Snap","Electrodynamics","Capacitor+1","Conserve Battery","RitualDagger","Echo Form","Hello World","Hologram+1","Skim","Ball Lightning","Buffer","Defragment+1"],"special_seed":0,"relics":["Cracked Core","Smiling Mask","Peace Pipe","Meat on the Bone","Art of War","Velvet Choker","Matryoshka","Vajra","Bottled Lightning","Busted Crown","SsserpentHead","Sundial","Unceasing Top","Ancient Tea Set"],"potions_floor_usage":[50,50],"damage_taken":[{"damage":14.0,"enemies":"Jaw Worm","floor":1.0,"turns":4.0},{"damage":4.0,"enemies":"Cultist","floor":4.0,"turns":4.0},{"damage":0.0,"enemies":"2 Louse","floor":5.0,"turns":3.0},{"damage":20.0,"enemies":"Lagavulin","floor":7.0,"turns":7.0},{"damage":7.0,"enemies":"Blue Slaver","floor":8.0,"turns":3.0},{"damage":8.0,"enemies":"Exordium Wildlife","floor":10.0,"turns":5.0},{"damage":9.0,"enemies":"Large Slime","floor":12.0,"turns":5.0},{"damage":17.0,"enemies":"Slime Boss","floor":16.0,"turns":11.0},{"damage":0.0,"enemies":"Spheric Guardian","floor":18.0,"turns":3.0},{"damage":12.0,"enemies":"Shell Parasite","floor":20.0,"turns":5.0},{"damage":20.0,"enemies":"Shelled Parasite and Fungi","floor":22.0,"turns":7.0},{"damage":23.0,"enemies":"Gremlin Leader","floor":23.0,"turns":8.0},{"damage":3.0,"enemies":"3 Cultists","floor":27.0,"turns":4.0},{"damage":11.0,"enemies":"Centurion and Healer","floor":30.0,"turns":7.0},{"damage":5.0,"enemies":"Snecko","floor":31.0,"turns":6.0},{"damage":30.0,"enemies":"Collector","floor":33.0,"turns":10.0},{"damage":17.0,"enemies":"3 Shapes","floor":35.0,"turns":4.0},{"damage":0.0,"enemies":"Orb Walker","floor":37.0,"turns":3.0},{"damage":26.0,"enemies":"Sphere and 2 Shapes","floor":39.0,"turns":4.0},{"damage":25.0,"enemies":"Transient","floor":44.0,"turns":6.0},{"damage":22.0,"enemies":"Spire Growth","floor":46.0,"turns":4.0},{"damage":16.0,"enemies":"4 Shapes","floor":48.0,"turns":5.0},{"damage":53,"enemies":"Awakened One","floor":50,"turns":9}],"seed_played":"-7717281115762361130","potions_obtained":[{"floor":10.0,"key":"Block Potion"},{"floor":12.0,"key":"GamblersBrew"},{"floor":16.0,"key":"Dexterity Potion"},{"floor":22.0,"key":"Weak Potion"},{"floor":30.0,"key":"Energy Potion"},{"floor":35.0,"key":"LiquidBronze"},{"floor":39.0,"key":"LiquidBronze"},{"floor":44.0,"key":"GamblersBrew"}],"is_trial":false,"path_per_floor":["M","$","?","M","M","R","E","M","T","M","T","M","R","$","R","B",null,"M","$","M","?","M","E","R","?","T","M","?","R","M","M","R","B",null,"M","?","M","?","M","R","?","R","T","M","$","M","$","M","R"],"character_chosen":"DEFECT","items_purchased":["Go for the Eyes","Defragment","Cold Snap","Capacitor","PowerPotion","Ancient Tea Set"],"campfire_rested":5,"item_purchase_floors":[2,2,14,19,45,47],"current_hp_per_floor":[50,50,50,46,46,46,26,19,19,23,23,26,26,26,47,42,64,64,64,52,46,38,27,48,48,48,45,45,45,46,41,62,44,64,47,47,47,47,33,54,54,54,54,41,41,31,31,27,48,0],"gold":101,"neow_bonus":"RANDOM_COMMON_RELIC","is_prod":false,"is_daily":false,"chose_seed":false,"campfire_upgraded":4,"win_rate":0,"timestamp":1539012941,"path_taken":["M","$","?","M","M","R","E","M","T","M","?","?","R","$","R","BOSS","M","$","M","?","M","E","R","?","T","M","?","R","M","M","R","BOSS","M","?","M","?","M","R","?","R","T","?","$","M","$","M","R","BOSS"],"build_version":"2018-10-04v2","purchased_purges":2,"victory":false,"max_hp_per_floor":[71,71,71,71,71,71,71,71,71,71,71,71,71,71,71,71,71,71,71,71,71,71,71,71,71,71,71,71,71,71,71,71,71,71,71,71,71,71,71,71,71,71,71,71,71,71,71,71,71,71],"card_choices":[{"not_picked":["Gash","Reinforced Body"],"picked":"Barrage","floor":1.0},{"not_picked":["Leap","Sweeping Beam"],"picked":"Compile Driver","floor":4.0},{"not_picked":["Go for the Eyes","Compile Driver"],"picked":"Darkness","floor":5.0},{"not_picked":["Defragment","Scrape"],"picked":"Coolheaded","floor":7.0},{"not_picked":["Compile Driver","Stack"],"picked":"Genetic Algorithm","floor":8.0},{"not_picked":["Stack","Scrape"],"picked":"Compile Driver","floor":10.0},{"not_picked":["Double Energy","Machine Learning"],"picked":"Undo","floor":12.0},{"not_picked":["Amplify","Hyperbeam"],"picked":"Electrodynamics","floor":16.0},{"not_picked":["Sunder","Stack","Cold Snap"],"picked":"SKIP","floor":18.0},{"not_picked":["Rip and Tear","Steam"],"picked":"Conserve Battery","floor":20.0},{"not_picked":["Recycle","Cold Snap","Tempest"],"picked":"SKIP","floor":22.0},{"not_picked":["Static Discharge","Go for the Eyes","Beam Cell"],"picked":"SKIP","floor":23.0},{"not_picked":["Leap","Barrage"],"picked":"Hologram+1","floor":27.0},{"not_picked":["Conserve Battery","Sweeping Beam"],"picked":"Skim","floor":30.0},{"not_picked":["Lockon","Aggregate"],"picked":"Ball Lightning","floor":31.0},{"not_picked":["Hyperbeam","Core Surge"],"picked":"Buffer","floor":33.0},{"not_picked":["Hologram"],"picked":"SKIP","floor":35.0},{"not_picked":["Go for the Eyes"],"picked":"SKIP","floor":37.0},{"not_picked":["Ball Lightning"],"picked":"SKIP","floor":39.0},{"not_picked":["Reprogram"],"picked":"SKIP","floor":44.0},{"not_picked":["Gash+1"],"picked":"SKIP","floor":46.0},{"not_picked":["Skim"],"picked":"SKIP","floor":48.0}],"player_experience":1297251,"relics_obtained":[{"floor":7.0,"key":"Peace Pipe"},{"floor":9.0,"key":"Meat on the Bone"},{"floor":11.0,"key":"Art of War"},{"floor":23.0,"key":"Matryoshka"},{"floor":26.0,"key":"Vajra"},{"floor":26.0,"key":"Bottled Lightning"},{"floor":43.0,"key":"Sundial"},{"floor":43.0,"key":"Unceasing Top"}],"event_choices":[{"event_name":"Bonfire Elementals","player_choice":"BASIC","floor":3.0,"damage_taken":0.0},{"event_name":"Nest","player_choice":"Joined the Cult","floor":21.0,"damage_taken":0.0},{"event_name":"Drug Dealer","player_choice":"Became Test Subject","floor":25.0,"damage_taken":0.0},{"event_name":"The Mausoleum","player_choice":"No","floor":28.0,"damage_taken":0.0},{"event_name":"SensoryStone","player_choice":"Memory 1","floor":36.0,"damage_taken":0.0},{"event_name":"Duplicator","player_choice":"One dupe","floor":38.0,"damage_taken":0.0},{"event_name":"FaceTrader","player_choice":"Trade","floor":41.0,"damage_taken":0.0}],"is_beta":false,"boss_relics":[{"not_picked":["Ectoplasm","Runic Dome"],"picked":"Velvet Choker"},{"not_picked":["Runic Pyramid","Sozu"],"picked":"Busted Crown"}],"items_purged_floors":[14,19],"is_endless":false,"potions_floor_spawned":[10,12,16,22,30,35,39,44,48],"killed_by":"Awakened One","ascension_level":19}