{"gold_per_floor":[118,128,192,203,6,6,20,20,20,20,20,32,59,14,14,25,25,44,59,59,59,59,59,87,87,87,87,107,124,136,15,15,114,114,133,133,133,153,153,153,178,178,232,260,4,20,20,38,38,38],"floor_reached":51,"playtime":2793,"items_purged":["Strike_B"],"score":1007,"play_id":"e4349793-51bb-457d-9b82-c772d99090c9","local_time":"20181023211057","is_ascension_mode":true,"campfire_choices":[{"data":"Zap","floor":6.0,"key":"SMITH"},{"data":"Gash","floor":8.0,"key":"SMITH"},{"data":"Dualcast","floor":11.0,"key":"SMITH"},{"floor":15,"key":"REST"},{"data":"Go for the Eyes","floor":23,"key":"SMITH"},{"data":"Hologram","floor":25,"key":"SMITH"},{"data":"Gash","floor":27,"key":"SMITH"},{"floor":32,"key":"REST"},{"floor":40,"key":"REST"},{"floor":42,"key":"REST"},{"floor":49,"key":"REST"}],"neow_cost":"NONE","seed_source_timestamp":0,"circlet_count":0,"master_deck":["Strike_B","Strike_B+1","Defend_B","Defend_B","Defend_B","Defend_B","Zap+1","Dualcast+1","All For One+1","Gash+1","Hologram+1","Ball Lightning","White Noise","Tempest","Go for the Eyes+1","Gash+1","All For One","Gash","Turbo","Shame","White Noise","BootSequence","Steam Power","Creative AI","Turbo","Gash","Buffer","Leap+1","Go for the Eyes+1","Panacea","Gash","Madness","Madness","Reprogram+1","Reprogram+1","Violence","Capacitor","All For One+1","Steam+1"],"special_seed":0,"relics":["FrozenCore","Orichalcum","Sundial","Regal Pillow","Meat on the Bone","Juzu Bracelet","Dodecahedron","Ornamental Fan","Fusion Hammer","Peace Pipe","Bag of Preparation","Blood Vial","Whetstone"],"potions_floor_usage":[24,28,30,30,41,48,50],"damage_taken":[{"damage":13.0,"enemies":"Small Slimes","floor":1.0,"turns":4.0},{"damage":12.0,"enemies":"Jaw Worm","floor":2.0,"turns":2.0},{"damage":1.0,"enemies":"Cultist","floor":4.0,"turns":3.0},{"damage":5.0,"enemies":"Lots of Slimes","floor":7.0,"turns":4.0},{"damage":13.0,"enemies":"Exordium Thugs","floor":12.0,"turns":3.0},{"damage":0.0,"enemies":"The Mushroom Lair","floor":14.0,"turns":3.0},{"damage":26,"enemies":"Slime Boss","floor":16,"turns":8},{"damage":8,"enemies":"3 Byrds","floor":18,"turns":4},{"damage":1,"enemies":"Spheric Guardian","floor":19,"turns":3},{"damage":31,"enemies":"Gremlin Leader","floor":24,"turns":5},{"damage":23,"enemies":"Snake Plant","floor":28,"turns":3},{"damage":8,"enemies":"Snecko","floor":29,"turns":4},{"damage":0,"enemies":"Centurion and Healer","floor":30,"turns":5},{"damage":1,"enemies":"Collector","floor":33,"turns":8},{"damage":0,"enemies":"Orb Walker","floor":35,"turns":4},{"damage":0,"enemies":"Mind Bloom Boss Battle","floor":36,"turns":3},{"damage":30,"enemies":"3 Darklings","floor":38,"turns":7},{"damage":54,"enemies":"Reptomancer","floor":41,"turns":6},{"damage":11,"enemies":"Nemesis","floor":44,"turns":3},{"damage":0,"enemies":"Jaw Worm Horde","floor":46,"turns":3},{"damage":28,"enemies":"Transient","floor":48,"turns":5},{"damage":51,"enemies":"Donu and Deca","floor":50,"turns":9}],"seed_played":"-6489061348962891857","potions_obtained":[{"floor":4.0,"key":"AttackPotion"},{"floor":19,"key":"Strength Potion"},{"floor":24,"key":"Fruit Juice"},{"floor":28,"key":"AttackPotion"},{"floor":29,"key":"Swift Potion"},{"floor":36,"key":"Explosive Potion"},{"floor":44,"key":"Strength Potion"},{"floor":48,"key":"SpeedPotion"}],"is_trial":false,"path_per_floor":["M","M","?","M","$","R","M","R","T","$","R","M","T","$","R","B",null,"M","M","?","T","?","R","E","R","T","R","M","M","M","$","R","B",null,"M","?","?","M","?","R","E","R","T","E","$","M","?","M","R","B"],"character_chosen":"DEFECT","items_purchased":["Orichalcum","White Noise","Gash","Gash","Violence","Capacitor"],"campfire_rested":5,"item_purchase_floors":[5,5,14,31,45,45],"current_hp_per_floor":[55,43,43,42,42,42,37,37,37,37,37,24,24,24,61,35,65,57,56,56,56,56,56,37,37,37,37,31,35,47,47,80,79,80,80,80,80,50,40,79,37,76,76,67,67,69,69,43,80,41],"gold":38,"neow_bonus":"ONE_RANDOM_RARE_CARD","is_prod":false,"is_daily":false,"chose_seed":false,"campfire_upgraded":6,"win_rate":0,"timestamp":1540321857,"path_taken":["M","M","?","?","?","R","M","R","T","$","R","M","?","?","R","BOSS","M","M","?","?","?","R","E","R","T","R","M","M","M","$","R","BOSS","M","?","?","M","?","R","E","R","T","E","$","M","?","M","R","BOSS"],"build_version":"2018-10-18","purchased_purges":1,"victory":true,"max_hp_per_floor":[75,75,75,75,75,75,75,75,75,75,75,75,75,75,75,75,75,75,75,75,75,75,75,75,75,75,75,80,80,80,80,80,80,80,80,80,80,80,80,80,80,80,80,80,80,80,80,80,80,80],"card_choices":[{"not_picked":["Redo","Loop"],"picked":"Gash","floor":1.0},{"not_picked":["Compile Driver","Tempest"],"picked":"Hologram","floor":2.0},{"not_picked":["Stack","Redo"],"picked":"Ball Lightning","floor":4.0},{"not_picked":["Compile Driver","Ball Lightning"],"picked":"Tempest","floor":7.0},{"not_picked":["Stack","Scrape"],"picked":"Go for the Eyes","floor":12.0},{"not_picked":["Rainbow","Thunder Strike"],"picked":"All For One","floor":16},{"not_picked":["Coolheaded","Barrage+1"],"picked":"Gash","floor":18},{"not_picked":["Barrage","Undo"],"picked":"Turbo","floor":19},{"not_picked":["Compile Driver+1","Rebound"],"picked":"BootSequence","floor":24},{"not_picked":["Undo","Genetic Algorithm"],"picked":"Steam Power","floor":28},{"not_picked":["Chill","Steam Power"],"picked":"Creative AI","floor":29},{"not_picked":["Compile Driver","Ball Lightning"],"picked":"Turbo","floor":30},{"not_picked":["Electrodynamics","Fission"],"picked":"Buffer","floor":33},{"not_picked":["Barrage","Aggregate+1"],"picked":"Leap+1","floor":35},{"not_picked":["Rebound","Steam+1"],"picked":"Go for the Eyes+1","floor":36},{"not_picked":["Deep Breath","Forethought"],"picked":"Panacea","floor":37},{"not_picked":["Hologram+1","Steam"],"picked":"Gash","floor":38},{"not_picked":["Hyperbeam","Tempest"],"picked":"Reprogram+1","floor":41},{"not_picked":["Turbo","Stack"],"picked":"Reprogram+1","floor":44},{"not_picked":["Stack+1","Sunder+1","Cold Snap+1"],"picked":"SKIP","floor":46},{"not_picked":["Streamline","Redo+1"],"picked":"Steam+1","floor":48}],"player_experience":290781,"relics_obtained":[{"floor":9.0,"key":"Sundial"},{"floor":13.0,"key":"Regal Pillow"},{"floor":21,"key":"Juzu Bracelet"},{"floor":24,"key":"Dodecahedron"},{"floor":26,"key":"Ornamental Fan"},{"floor":36,"key":"Peace Pipe"},{"floor":41,"key":"Bag of Preparation"},{"floor":43,"key":"Blood Vial"},{"floor":44,"key":"Whetstone"}],"event_choices":[{"damage_healed":0.0,"max_hp_gain":0.0,"max_hp_loss":0.0,"gold_gain":64.0,"event_name":"Golden Wing","player_choice":"Gained Gold","floor":3.0,"gold_loss":0.0,"damage_taken":0.0},{"damage_healed":0.0,"max_hp_gain":0.0,"max_hp_loss":0.0,"gold_gain":0.0,"event_name":"Mushrooms","player_choice":"Fought Mushrooms","floor":14.0,"gold_loss":0.0,"damage_taken":0.0},{"damage_healed":0,"gold_gain":0,"player_choice":"Stole Relic","damage_taken":0,"relics_obtained":["Meat on the Bone"],"max_hp_gain":0,"max_hp_loss":0,"event_name":"Addict","floor":20,"gold_loss":0,"cards_obtained":["Shame"]},{"damage_healed":0,"gold_gain":0,"cards_transformed":["Strike_B"],"player_choice":"Transformed","damage_taken":0,"max_hp_gain":0,"max_hp_loss":0,"event_name":"Transmorgrifier","floor":22,"gold_loss":0,"cards_obtained":["White Noise"]},{"damage_healed":0,"gold_gain":0,"player_choice":"Fight","damage_taken":0,"max_hp_gain":0,"max_hp_loss":0,"event_name":"MindBloom","floor":36,"gold_loss":0},{"damage_healed":0,"gold_gain":0,"player_choice":"Memory 1","damage_taken":0,"max_hp_gain":0,"max_hp_loss":0,"event_name":"SensoryStone","floor":37,"gold_loss":0},{"damage_healed":0,"gold_gain":0,"player_choice":"Embrace Madness","damage_taken":10,"max_hp_gain":0,"max_hp_loss":0,"event_name":"Winding Halls","floor":39,"gold_loss":0,"cards_obtained":["Madness","Madness"]},{"damage_healed":0,"gold_gain":0,"player_choice":"Copied","damage_taken":0,"max_hp_gain":0,"max_hp_loss":0,"event_name":"Duplicator","floor":47,"gold_loss":0,"cards_obtained":["All For One"]}],"is_beta":false,"boss_relics":[{"not_picked":["White Beast Statue","Inserter"],"picked":"FrozenCore"},{"not_picked":["Empty Cage","Velvet Choker"],"picked":"Fusion Hammer"}],"items_purged_floors":[31],"is_endless":false,"potions_floor_spawned":[4,14,19,24,28,29,36,44,48],"ascension_level":7}