{"gold_per_floor":[418,436,207,217,217,217,217,255,255,270,289,289,308,326,326,451,451,466,487,487,73,93,93,114,114,137,153,153,173,206,247,247,372,372,391,31,47,380,380,380,414,414,414,414,2,2,2,36,36,36],"floor_reached":50,"playtime":2296,"items_purged":["Pain","Writhe","Strike_B"],"score":688,"play_id":"78db215e-4763-44d0-8759-b5ee761e6e4b","local_time":"25611117161658","is_ascension_mode":true,"campfire_choices":[{"data":"Streamline","floor":6.0,"key":"SMITH"},{"data":"Buffer","floor":12.0,"key":"SMITH"},{"data":"Streamline","floor":15.0,"key":"SMITH"},{"data":"Echo Form","floor":23.0,"key":"SMITH"},{"data":"Hologram","floor":25.0,"key":"SMITH"},{"data":"Hyperbeam","floor":28.0,"key":"SMITH"},{"data":"Leap","floor":32.0,"key":"SMITH"},{"floor":40.0,"key":"REST"},{"floor":44.0,"key":"REST"},{"floor":46.0,"key":"REST"},{"floor":49.0,"key":"REST"}],"neow_cost":"NONE","seed_source_timestamp":11008998583728,"circlet_count":0,"master_deck":["Strike_B+1","Strike_B+1","Defend_B","Defend_B+1","Defend_B","Defend_B+1","Zap","Dualcast","Glacier","Self Repair","Streamline+1","Buffer+1","Streamline+1","Hyperbeam+1","Loop+1","Echo Form+1","Hologram+1","Electrodynamics","Leap+1","Leap+1","Force Field","Hyperbeam+1","Go for the Eyes"],"special_seed":0,"relics":["Calling Bell","Juzu Bracelet","Shuriken","Old Coin","Odd Mushroom","Pantograph","Busted Crown","War Paint","Boot","Whetstone","Red Mask","Fusion Hammer","Lee\u0027s Waffle","Cables","The Courier","HandDrill","Ancient Tea Set","WingedGreaves"],"potions_floor_usage":[],"damage_taken":[{"damage":33.0,"enemies":"Jaw Worm","floor":1.0,"turns":6.0},{"damage":6.0,"enemies":"2 Louse","floor":2.0,"turns":5.0},{"damage":18.0,"enemies":"Small Slimes","floor":4.0,"turns":6.0},{"damage":17.0,"enemies":"The Mushroom Lair","floor":8.0,"turns":7.0},{"damage":3.0,"enemies":"2 Fungi Beasts","floor":10.0,"turns":4.0},{"damage":8.0,"enemies":"Gremlin Gang","floor":11.0,"turns":6.0},{"damage":0.0,"enemies":"Looter","floor":13.0,"turns":4.0},{"damage":13.0,"enemies":"Lots of Slimes","floor":14.0,"turns":7.0},{"damage":20.0,"enemies":"The Guardian","floor":16.0,"turns":13.0},{"damage":2.0,"enemies":"3 Byrds","floor":18.0,"turns":4.0},{"damage":0.0,"enemies":"Spheric Guardian","floor":19.0,"turns":4.0},{"damage":6.0,"enemies":"Snecko","floor":22.0,"turns":7.0},{"damage":9.0,"enemies":"Centurion and Healer","floor":24.0,"turns":5.0},{"damage":11.0,"enemies":"Snake Plant","floor":27.0,"turns":5.0},{"damage":7.0,"enemies":"Chosen and Byrds","floor":29.0,"turns":7.0},{"damage":52.0,"enemies":"Book of Stabbing","floor":30.0,"turns":5.0},{"damage":7.0,"enemies":"Masked Bandits","floor":31.0,"turns":4.0},{"damage":18.0,"enemies":"Collector","floor":33.0,"turns":9.0},{"damage":15.0,"enemies":"3 Darklings","floor":35.0,"turns":4.0},{"damage":6.0,"enemies":"Orb Walker","floor":37.0,"turns":3.0},{"damage":27.0,"enemies":"Reptomancer","floor":41.0,"turns":6.0},{"damage":52.0,"enemies":"Giant Head","floor":48.0,"turns":11.0},{"damage":96,"enemies":"Awakened One","floor":50,"turns":16}],"seed_played":"2859087636450967113","potions_obtained":[{"floor":1.0,"key":"Regen Potion"},{"floor":8.0,"key":"Block Potion"},{"floor":10.0,"key":"Strength Potion"},{"floor":11.0,"key":"Swift Potion"},{"floor":14.0,"key":"Explosive Potion"},{"floor":18.0,"key":"Regen Potion"},{"floor":22.0,"key":"SteroidPotion"},{"floor":24.0,"key":"Swift Potion"},{"floor":27.0,"key":"PowerPotion"},{"floor":31.0,"key":"Energy Potion"},{"floor":37.0,"key":"GamblersBrew"},{"floor":41.0,"key":"Swift Potion"}],"is_trial":false,"path_per_floor":["M","M","$","M","?","R","?","?","T","M","M","R","M","M","R","B",null,"M","M","?","$","M","R","M","R","T","M","R","M","E","?","R","B",null,"M","$","M","?","?","R","E","?","T","R","$","R","$","E","R","B"],"character_chosen":"DEFECT","items_purchased":["Self Repair","Regen Potion","Echo Form","War Paint","Lee\u0027s Waffle","Force Field","HandDrill","Ancient Tea Set","Block Potion","Block Potion","Go for the Eyes"],"campfire_rested":4,"item_purchase_floors":[3,3,21,21,36,36,45,45,45,45,45],"current_hp_per_floor":[35,29,29,58,40,40,40,30,30,34,33,33,40,34,34,46,68,66,73,73,73,75,75,73,73,73,69,69,75,30,42,42,56,70,62,82,82,82,82,82,62,62,62,82,82,82,82,37,61,0],"gold":36,"neow_bonus":"BOSS_RELIC","is_prod":false,"is_daily":false,"chose_seed":false,"campfire_upgraded":7,"win_rate":0,"timestamp":1542446218,"path_taken":["M","M","$","M","?","R","?","?","T","M","M","R","M","M","R","BOSS","M","M","?","$","M","R","M","R","T","M","R","M","E","?","R","BOSS","M","$","M","?","?","R","E","?","T","R","$","R","$","E","R","BOSS"],"build_version":"2018-11-15","purchased_purges":3,"victory":false,"max_hp_per_floor":[75,75,75,75,75,75,75,75,75,75,75,75,75,75,75,75,75,75,75,75,75,75,75,75,75,75,75,75,75,75,75,75,75,75,75,82,82,82,82,82,82,82,82,82,82,82,82,82,82,82],"card_choices":[{"not_picked":["Rip and Tear","Redo"],"picked":"Glacier","floor":1.0},{"not_picked":["Steam","Compile Driver","Sweeping Beam"],"picked":"SKIP","floor":2.0},{"not_picked":["Cold Snap","Hello World"],"picked":"Streamline","floor":4.0},{"not_picked":["Streamline","Steam Power"],"picked":"Buffer","floor":10.0},{"not_picked":["Stack","Sweeping Beam","Thunder Strike"],"picked":"SKIP","floor":11.0},{"not_picked":["Gash","Aggregate"],"picked":"Streamline","floor":13.0},{"not_picked":["Sweeping Beam","Glacier","Storm"],"picked":"SKIP","floor":14.0},{"not_picked":["Seek","Meteor Strike"],"picked":"Hyperbeam","floor":16.0},{"not_picked":[],"picked":"Loop+1","floor":18.0},{"not_picked":["Streamline"],"picked":"SKIP","floor":19.0},{"not_picked":[],"picked":"Hologram","floor":22.0},{"not_picked":["Turbo+1"],"picked":"SKIP","floor":24.0},{"not_picked":["Gash+1"],"picked":"SKIP","floor":27.0},{"not_picked":["Gash+1"],"picked":"SKIP","floor":27.0},{"not_picked":["Turbo+1"],"picked":"SKIP","floor":29.0},{"not_picked":[],"picked":"Electrodynamics","floor":30.0},{"not_picked":[],"picked":"Leap","floor":31.0},{"not_picked":[],"picked":"Leap+1","floor":35.0},{"not_picked":["FTL"],"picked":"SKIP","floor":37.0},{"not_picked":["Stack"],"picked":"SKIP","floor":41.0},{"not_picked":["Darkness"],"picked":"SKIP","floor":48.0}],"player_experience":157014,"relics_obtained":[{"floor":0.0,"key":"Juzu Bracelet"},{"floor":0.0,"key":"Shuriken"},{"floor":0.0,"key":"Old Coin"},{"floor":8.0,"key":"Odd Mushroom"},{"floor":9.0,"key":"Pantograph"},{"floor":26.0,"key":"Boot"},{"floor":30.0,"key":"Whetstone"},{"floor":31.0,"key":"Red Mask"},{"floor":41.0,"key":"Cables"},{"floor":43.0,"key":"The Courier"},{"floor":48.0,"key":"WingedGreaves"}],"event_choices":[{"damage_healed":0.0,"max_hp_gain":0.0,"max_hp_loss":0.0,"gold_gain":0.0,"event_name":"Golden Idol","player_choice":"Take Damage","floor":5.0,"gold_loss":0.0,"damage_taken":18.0,"relics_obtained":["Golden Idol"]},{"cards_removed":["Regret"],"damage_healed":0.0,"max_hp_gain":0.0,"max_hp_loss":0.0,"gold_gain":0.0,"event_name":"Living Wall","player_choice":"Forget","floor":7.0,"gold_loss":0.0,"damage_taken":0.0},{"damage_healed":0.0,"max_hp_gain":0.0,"max_hp_loss":0.0,"gold_gain":0.0,"event_name":"Mushrooms","player_choice":"Fought Mushrooms","floor":8.0,"gold_loss":0.0,"damage_taken":0.0},{"damage_healed":0.0,"max_hp_gain":0.0,"max_hp_loss":0.0,"gold_gain":0.0,"event_name":"Ghosts","player_choice":"Ignored","floor":20.0,"gold_loss":0.0,"damage_taken":0.0},{"damage_healed":0.0,"max_hp_gain":0.0,"max_hp_loss":0.0,"gold_gain":0.0,"event_name":"Masked Bandits","player_choice":"Fought Bandits","floor":31.0,"gold_loss":0.0,"damage_taken":0.0},{"damage_healed":0.0,"max_hp_gain":0.0,"max_hp_loss":0.0,"gold_gain":333.0,"event_name":"The Moai Head","player_choice":"Gave Idol","floor":38.0,"relics_lost":["Golden Idol"],"gold_loss":0.0,"damage_taken":0.0},{"damage_healed":0.0,"max_hp_gain":0.0,"max_hp_loss":0.0,"gold_gain":0.0,"event_name":"Duplicator","player_choice":"Copied","floor":39.0,"gold_loss":0.0,"damage_taken":0.0,"cards_obtained":["Hyperbeam"]},{"cards_removed":["Strike_B"],"damage_healed":0.0,"max_hp_gain":0.0,"max_hp_loss":0.0,"gold_gain":0.0,"event_name":"Falling","player_choice":"Removed Attack","floor":42.0,"gold_loss":0.0,"damage_taken":0.0}],"is_beta":false,"boss_relics":[{"not_picked":["Sozu","Ectoplasm"],"picked":"Busted Crown"},{"not_picked":["White Beast Statue","Runic Pyramid"],"picked":"Fusion Hammer"}],"items_purged_floors":[3,21,36],"is_endless":false,"potions_floor_spawned":[1,8,10,11,14,18,22,24,27,31,37,41],"killed_by":"Awakened One","ascension_level":6}