{"gold_per_floor":[117,135,60,77,95,95,95,154,178,178,178,194,210,225,225,225],"floor_reached":16,"playtime":622,"items_purged":["Strike_G"],"score":94,"play_id":"2aea4308-9a39-4cdf-b895-32f819510a09","local_time":"20190112110024","is_ascension_mode":false,"campfire_choices":[{"data":"Eviscerate","floor":10,"key":"SMITH"},{"data":"Underhanded Strike","floor":15,"key":"SMITH"}],"neow_cost":"NONE","seed_source_timestamp":223538293102066,"circlet_count":0,"master_deck":["Defend_G","Defend_G","Defend_G","Defend_G","Defend_G","Strike_G","Strike_G+1","Strike_G","Strike_G","Survivor","Neutralize+1","Eviscerate+1","Underhanded Strike+1"],"relics":["HoveringKite","Juzu Bracelet","Smiling Mask"],"potions_floor_usage":[13,16],"damage_taken":[{"damage":2,"enemies":"Small Slimes","floor":1,"turns":4},{"damage":0,"enemies":"Jaw Worm","floor":2,"turns":6},{"damage":0,"enemies":"2 Louse","floor":4,"turns":2},{"damage":2,"enemies":"2 Fungi Beasts","floor":5,"turns":6},{"damage":31,"enemies":"3 Sentries","floor":8,"turns":11},{"damage":4,"enemies":"Blue Slaver","floor":12,"turns":3},{"damage":8,"enemies":"Gremlin Gang","floor":13,"turns":5},{"damage":8,"enemies":"Exordium Wildlife","floor":14,"turns":4},{"damage":9,"enemies":"The Guardian","floor":16,"turns":4}],"seed_played":"-1868227827058088687","potions_obtained":[{"floor":8,"key":"AttackPotion"},{"floor":12,"key":"SpeedPotion"},{"floor":13,"key":"Weak Potion"},{"floor":14,"key":"Block Potion"}],"is_trial":false,"path_per_floor":["M","M","$","M","M","?","?","?","T","R","?","M","M","M","R","B"],"character_chosen":"THE_SILENT","items_purchased":[],"campfire_rested":0,"item_purchase_floors":[],"current_hp_per_floor":[68,68,68,68,66,71,56,25,25,25,25,21,13,5,5,0],"gold":225,"neow_bonus":"BOSS_RELIC","is_prod":false,"is_daily":false,"chose_seed":false,"campfire_upgraded":2,"win_rate":0,"timestamp":1547287224,"path_taken":["M","M","$","M","M","?","?","?","T","R","?","M","M","M","R","BOSS"],"build_version":"2019-01-10","purchased_purges":1,"victory":false,"max_hp_per_floor":[70,70,70,70,70,75,75,75,75,75,75,75,75,75,75,75],"card_choices":[{"not_picked":["Outmaneuver","Dagger Throw","Crippling Poison"],"picked":"SKIP","floor":1},{"not_picked":["Poisoned Stab","Concentrate"],"picked":"Eviscerate","floor":2},{"not_picked":["Predator","Blur","Outmaneuver"],"picked":"SKIP","floor":4},{"not_picked":["Predator","Dagger Spray","PiercingWail"],"picked":"SKIP","floor":5},{"not_picked":["Reflex","Accuracy","Quick Slash"],"picked":"SKIP","floor":12},{"not_picked":["Accuracy","Masterful Stab","Sucker Punch"],"picked":"SKIP","floor":13},{"not_picked":["Terror","Die Die Die"],"picked":"Underhanded Strike","floor":14}],"player_experience":446445,"relics_obtained":[{"floor":8,"key":"Juzu Bracelet"},{"floor":9,"key":"Smiling Mask"}],"event_choices":[{"damage_healed":0,"gold_gain":0,"player_choice":"Donut","damage_taken":0,"max_hp_gain":5,"max_hp_loss":0,"event_name":"Big Fish","floor":6,"gold_loss":0},{"damage_healed":0,"gold_gain":0,"player_choice":"Entered Light","damage_taken":15,"max_hp_gain":0,"max_hp_loss":0,"event_name":"Shining Light","floor":7,"gold_loss":0,"cards_upgraded":["Strike_G","Neutralize"]},{"damage_healed":0,"gold_gain":0,"player_choice":"Searched \u00272\u0027 times","damage_taken":0,"max_hp_gain":0,"max_hp_loss":0,"event_name":"Dead Adventurer","floor":8,"gold_loss":0},{"damage_healed":0,"gold_gain":0,"player_choice":"Ignored","damage_taken":0,"max_hp_gain":0,"max_hp_loss":0,"event_name":"Liars Game","floor":11,"gold_loss":0}],"is_beta":false,"boss_relics":[],"items_purged_floors":[3],"is_endless":false,"potions_floor_spawned":[8,12,13,14],"killed_by":"The Guardian","ascension_level":0}