{"gold_per_floor":[118,130,55,75,85,85,85,85,161,161,175,175,206,216,216,315,315,328,137,137,237,247,247,58,88,113,113],"floor_reached":27,"playtime":2827,"items_purged":["Strike_B"],"score":300,"play_id":"814cde66-d1e8-4b41-b5a9-dea9c23af920","local_time":"20181024230138","is_ascension_mode":true,"campfire_choices":[{"data":"Zap","floor":6.0,"key":"SMITH"},{"data":"Dualcast","floor":8.0,"key":"SMITH"},{"floor":12.0,"key":"REST"},{"data":"Genetic Algorithm","floor":15.0,"key":"SMITH"},{"floor":23.0,"key":"DIG"}],"neow_cost":"NONE","seed_source_timestamp":0,"circlet_count":0,"master_deck":["Strike_B+1","Defend_B+1","Defend_B+1","Defend_B+1","Zap+1","Dualcast+1","Conserve Battery","Redo+1","Ball Lightning","Steam","Leap","Leap","Genetic Algorithm+1","Electrodynamics","Auto Shields","Defragment","Sweeping Beam","Beam Cell+1","Stack+1","Loop","Turbo"],"special_seed":0,"relics":["Cracked Core","Centennial Puzzle","The Courier","Potion Belt","Empty Cage","Blood Vial","Shovel","Question Card","Oddly Smooth Stone","PreservedInsect","Bottled Flame","Juzu Bracelet"],"potions_floor_usage":[],"damage_taken":[{"damage":3.0,"enemies":"Small Slimes","floor":1.0,"turns":3.0},{"damage":2.0,"enemies":"Jaw Worm","floor":2.0,"turns":3.0},{"damage":0.0,"enemies":"2 Louse","floor":4.0,"turns":2.0},{"damage":6.0,"enemies":"Large Slime","floor":5.0,"turns":5.0},{"damage":0.0,"enemies":"Looter","floor":11.0,"turns":2.0},{"damage":3.0,"enemies":"Gremlin Nob","floor":13.0,"turns":3.0},{"damage":0.0,"enemies":"Exordium Wildlife","floor":14.0,"turns":3.0},{"damage":41.0,"enemies":"Hexaghost","floor":16.0,"turns":11.0},{"damage":1.0,"enemies":"Shell Parasite","floor":18.0,"turns":5.0},{"damage":10.0,"enemies":"Colosseum Slavers","floor":21.0,"turns":3.0},{"damage":15.0,"enemies":"Colosseum Nobs","floor":21.0,"turns":3.0},{"damage":15.0,"enemies":"2 Thieves","floor":22.0,"turns":4.0},{"damage":15.0,"enemies":"Book of Stabbing","floor":25.0,"turns":6.0},{"damage":17,"enemies":"Slavers","floor":27,"turns":2}],"seed_played":"8910808955562292673","potions_obtained":[{"floor":1.0,"key":"Poison Potion"},{"floor":2.0,"key":"GamblersBrew"},{"floor":11.0,"key":"SteroidPotion"},{"floor":13.0,"key":"FearPotion"},{"floor":16.0,"key":"FocusPotion"},{"floor":18.0,"key":"Poison Potion"},{"floor":25.0,"key":"SpeedPotion"}],"is_trial":false,"path_per_floor":["M","M","$","M","M","R","?","R","T","?","M","R","E","M","R","B",null,"M","$","?","?","M","R","$","E","T"],"character_chosen":"DEFECT","items_purchased":["Defragment","Sweeping Beam","Blood Vial","Loop","PreservedInsect"],"campfire_rested":1,"item_purchase_floors":[19,19,19,24,24],"current_hp_per_floor":[65,63,63,63,57,57,42,42,42,35,35,57,54,54,54,13,60,59,59,59,38,25,25,25,12,12,0],"gold":113,"neow_bonus":"RANDOM_COMMON_RELIC","is_prod":false,"is_daily":false,"chose_seed":false,"campfire_upgraded":3,"win_rate":0,"timestamp":1540414898,"path_taken":["M","M","$","M","M","R","?","R","T","?","M","R","E","M","R","BOSS","M","$","?","?","M","R","?","E","T","E"],"build_version":"2018-10-23","purchased_purges":1,"victory":false,"max_hp_per_floor":[75,75,75,75,75,75,75,75,75,75,75,75,75,75,75,75,75,75,75,75,75,75,75,75,75,75,75],"card_choices":[{"not_picked":["Recycle","Barrage"],"picked":"Conserve Battery","floor":1.0},{"not_picked":["FTL","Go for the Eyes"],"picked":"Redo","floor":2.0},{"not_picked":["Aggregate","Static Discharge"],"picked":"Ball Lightning","floor":4.0},{"not_picked":["Ball Lightning","Stack"],"picked":"Steam","floor":5.0},{"not_picked":["Undo","Streamline"],"picked":"Leap","floor":11.0},{"not_picked":["Conserve Battery","Barrage"],"picked":"Leap","floor":13.0},{"not_picked":["Meteor Strike","Rip and Tear"],"picked":"Genetic Algorithm","floor":14.0},{"not_picked":["Buffer","Biased Cognition"],"picked":"Electrodynamics","floor":16.0},{"not_picked":["Redo","Barrage"],"picked":"Auto Shields","floor":18.0},{"not_picked":["Lockon","Barrage"],"picked":"Beam Cell+1","floor":21.0},{"not_picked":["Doom and Gloom","Conserve Battery+1","Compile Driver"],"picked":"Stack+1","floor":22.0},{"not_picked":["Leap","Streamline","Redo"],"picked":"Turbo","floor":25.0}],"player_experience":187082,"relics_obtained":[{"floor":9.0,"key":"The Courier"},{"floor":13.0,"key":"Potion Belt"},{"floor":21.0,"key":"Shovel"},{"floor":21.0,"key":"Question Card"},{"floor":23.0,"key":"Oddly Smooth Stone"},{"floor":25.0,"key":"Bottled Flame"},{"floor":26.0,"key":"Juzu Bracelet"}],"event_choices":[{"damage_healed":0.0,"max_hp_gain":0.0,"max_hp_loss":0.0,"gold_gain":0.0,"event_name":"Shining Light","player_choice":"Entered Light","floor":7.0,"gold_loss":0.0,"damage_taken":15.0,"cards_upgraded":["Defend_B","Redo"]},{"cards_removed":["Defend_B"],"damage_healed":0.0,"max_hp_gain":0.0,"max_hp_loss":0.0,"gold_gain":0.0,"event_name":"Golden Wing","player_choice":"Card Removal","floor":10.0,"gold_loss":0.0,"damage_taken":7.0},{"damage_healed":0.0,"max_hp_gain":0.0,"max_hp_loss":0.0,"gold_gain":0.0,"event_name":"Back to Basics","player_choice":"Simplicity","floor":20.0,"gold_loss":0.0,"damage_taken":0.0,"cards_upgraded":["Strike_B","Defend_B","Defend_B"]},{"damage_healed":0.0,"max_hp_gain":0.0,"max_hp_loss":0.0,"gold_gain":0.0,"event_name":"Colosseum","player_choice":"Fight","floor":21.0,"gold_loss":0.0,"damage_taken":0.0},{"damage_healed":0.0,"max_hp_gain":0.0,"max_hp_loss":0.0,"gold_gain":0.0,"event_name":"Colosseum","player_choice":"Fought Nobs","floor":21.0,"gold_loss":0.0,"damage_taken":0.0}],"is_beta":true,"boss_relics":[{"not_picked":["Lizard Tail","Black Star"],"picked":"Empty Cage"}],"items_purged_floors":[3],"is_endless":false,"potions_floor_spawned":[1,2,11,13,16,18,21,25],"killed_by":"Slavers","ascension_level":6}