{"gold_per_floor":[109,124,51,51,71,71,97,97,172,172,97,127,146,173,173,248,248,261,277,277,277,290,290,65,65],"floor_reached":25,"playtime":1088,"items_purged":["Strike_R"],"score":361,"play_id":"23b423e1-d344-4bc8-9ed2-dc473893f2ee","local_time":"20190418000013","is_ascension_mode":true,"campfire_choices":[{"data":"Body Slam","floor":6,"key":"SMITH"},{"floor":8,"key":"REST"},{"data":"Disarm","floor":10,"key":"SMITH"},{"floor":15,"key":"REST"},{"data":"Limit Break","floor":23,"key":"SMITH"}],"neow_cost":"NONE","seed_source_timestamp":485001400633800,"circlet_count":0,"master_deck":["AscendersBane","Strike_R+1","Strike_R+1","Strike_R+1","Strike_R+1","Defend_R+1","Defend_R+1","Defend_R+1","Defend_R+1","Bash","Body Slam+1","Shrug It Off","Disarm+1","Cleave","Headbutt","Shrug It Off","Limit Break+1","Shrug It Off","Impervious","Spot Weakness","Evolve"],"relics":["Burning Blood","Pen Nib","Pantograph","Centennial Puzzle","Happy Flower","Mark of Pain"],"potions_floor_usage":[7,13,16,18,22],"damage_taken":[{"damage":1,"enemies":"Cultist","floor":1,"turns":4},{"damage":10,"enemies":"Jaw Worm","floor":2,"turns":5},{"damage":8,"enemies":"Small Slimes","floor":5,"turns":5},{"damage":61,"enemies":"Lagavulin","floor":7,"turns":13},{"damage":28,"enemies":"Gremlin Nob","floor":12,"turns":5},{"damage":11,"enemies":"3 Louse","floor":13,"turns":2},{"damage":24,"enemies":"Lagavulin","floor":14,"turns":10},{"damage":43,"enemies":"Slime Boss","floor":16,"turns":12},{"damage":40,"enemies":"2 Thieves","floor":18,"turns":4},{"damage":16,"enemies":"3 Byrds","floor":19,"turns":6},{"damage":16,"enemies":"Snake Plant","floor":22,"turns":4},{"damage":33,"enemies":"Sentry and Sphere","floor":25,"turns":5}],"seed_played":"-8804459048235422278","potions_obtained":[{"floor":5,"key":"BloodPotion"},{"floor":12,"key":"Strength Potion"},{"floor":14,"key":"AttackPotion"},{"floor":16,"key":"Strength Potion"},{"floor":18,"key":"Dexterity Potion"}],"is_trial":false,"path_per_floor":["M","M","$","?","M","R","E","R","T","R","$","E","M","E","R","B",null,"M","M","?","?","M","R","$","M"],"character_chosen":"IRONCLAD","items_purchased":["Disarm","Impervious","Spot Weakness","Evolve"],"campfire_rested":2,"item_purchase_floors":[3,24,24,24],"current_hp_per_floor":[85,81,81,86,84,84,38,65,65,65,65,43,38,20,47,35,79,45,35,35,35,25,25,25,0],"gold":65,"neow_bonus":"TEN_PERCENT_HP_BONUS","is_prod":false,"is_daily":false,"chose_seed":false,"campfire_upgraded":3,"win_rate":0,"timestamp":1555534813,"path_taken":["M","M","?","?","M","R","E","R","T","R","?","E","M","E","R","BOSS","M","M","?","?","M","R","$","M"],"build_version":"2019-01-23","purchased_purges":1,"victory":false,"max_hp_per_floor":[88,88,88,93,93,93,93,93,93,93,93,93,93,93,93,93,93,93,93,93,93,93,93,93,93],"card_choices":[{"not_picked":["Warcry","Twin Strike"],"picked":"Body Slam","floor":1},{"not_picked":["Flex","Thunderclap"],"picked":"Shrug It Off","floor":2},{"not_picked":["Reckless Charge","Searing Blow","Clash"],"picked":"SKIP","floor":5},{"not_picked":["Seeing Red","Iron Wave"],"picked":"Cleave","floor":7},{"not_picked":["Exhume","Carnage"],"picked":"Headbutt","floor":12},{"not_picked":["Warcry","Twin Strike"],"picked":"Shrug It Off","floor":13},{"not_picked":["Wild Strike","Armaments","Carnage"],"picked":"SKIP","floor":14},{"not_picked":["Double Tap","Berserk"],"picked":"Limit Break","floor":16},{"not_picked":["Body Slam","Anger","Infernal Blade+1"],"picked":"SKIP","floor":18},{"not_picked":["Wild Strike","Armaments","Anger"],"picked":"SKIP","floor":19},{"not_picked":["Perfected Strike","Clash"],"picked":"Shrug It Off","floor":22}],"player_experience":294780,"relics_obtained":[{"floor":7,"key":"Pen Nib"},{"floor":9,"key":"Pantograph"},{"floor":12,"key":"Centennial Puzzle"},{"floor":14,"key":"Happy Flower"}],"event_choices":[{"damage_healed":0,"gold_gain":0,"player_choice":"Donut","damage_taken":0,"max_hp_gain":5,"max_hp_loss":0,"event_name":"Big Fish","floor":4,"gold_loss":0},{"damage_healed":0,"gold_gain":0,"player_choice":"Simplicity","damage_taken":0,"max_hp_gain":0,"max_hp_loss":0,"event_name":"Back to Basics","floor":20,"gold_loss":0,"cards_upgraded":["Strike_R","Strike_R","Strike_R","Strike_R","Defend_R","Defend_R","Defend_R","Defend_R"]},{"damage_healed":0,"gold_gain":0,"player_choice":"Ignored","damage_taken":0,"max_hp_gain":0,"max_hp_loss":0,"event_name":"The Mausoleum","floor":21,"gold_loss":0}],"is_beta":false,"boss_relics":[{"not_picked":["Runic Cube","Snecko Eye"],"picked":"Mark of Pain"}],"items_purged_floors":[11],"is_endless":false,"potions_floor_spawned":[5,12,14,16,18],"killed_by":"Sentry and Sphere","ascension_level":13}