{"gold_per_floor":[118,43,43,62,78,78,106,106,106,125,135,26,41,56,56,151,151,151,91,34,34,34,34,34,34,34,34,34,34,34,34,34,34],"floor_reached":33,"playtime":1066,"items_purged":["Strike_B","Strike_B"],"score":311,"play_id":"914283a0-e060-4879-a3c4-feeeb4b483bc","local_time":"20180822001521","is_ascension_mode":true,"campfire_choices":[{"data":"Gash","floor":6,"key":"SMITH"},{"data":"Zap","floor":8,"key":"SMITH"},{"data":"Hello World","floor":15,"key":"SMITH"},{"data":"Echo Form","floor":23,"key":"SMITH"},{"data":"Sunder","floor":25,"key":"SMITH"},{"data":"Rainbow","floor":27,"key":"SMITH"},{"floor":32,"key":"REST"}],"neow_cost":"NONE","seed_source_timestamp":194812576760691,"circlet_count":0,"master_deck":["Strike_B","Strike_B","Defend_B","Defend_B","Defend_B","Defend_B","Zap+1","Dualcast","Gash+1","FTL","Leap","Echo Form+1","Coolheaded","Tempest","Hello World+1","FTL","Beam Cell","Rainbow+1","Sunder+1","Sweeping Beam+1","Scrape","Double Energy"],"relics":["Cracked Core","Boot","Letter Opener","Bottled Lightning","The Courier","Ectoplasm","Du-Vu Doll"],"potions_floor_usage":[7,16,30,33],"damage_taken":[{"damage":2,"enemies":"2 Louse","floor":1,"turns":2},{"damage":7,"enemies":"Small Slimes","floor":4,"turns":3},{"damage":1,"enemies":"Cultist","floor":5,"turns":3},{"damage":16,"enemies":"Gremlin Nob","floor":7,"turns":4},{"damage":0,"enemies":"Lots of Slimes","floor":10,"turns":2},{"damage":0,"enemies":"Blue Slaver","floor":11,"turns":3},{"damage":15,"enemies":"3 Louse","floor":13,"turns":3},{"damage":1,"enemies":"Looter","floor":14,"turns":3},{"damage":6,"enemies":"Hexaghost","floor":16,"turns":8},{"damage":5,"enemies":"Spheric Guardian","floor":18,"turns":4},{"damage":34,"enemies":"2 Thieves","floor":19,"turns":3},{"damage":8,"enemies":"Snecko","floor":21,"turns":4},{"damage":6,"enemies":"3 Cultists","floor":28,"turns":4},{"damage":24,"enemies":"Snake Plant","floor":30,"turns":3},{"damage":30,"enemies":"Champ","floor":33,"turns":2}],"seed_played":"-2124953150726406704","potions_obtained":[{"floor":1,"key":"Ancient Potion"},{"floor":5,"key":"Block Potion"},{"floor":11,"key":"Ancient Potion"},{"floor":14,"key":"SteroidPotion"},{"floor":19,"key":"FearPotion"},{"floor":28,"key":"Energy Potion"}],"is_trial":false,"path_per_floor":["M","$","?","M","M","R","E","R","T","M","M","$","M","M","R","B",null,"M","M","$","M","?","R","?","R","T","R","M","?","M","$","R"],"character_chosen":"DEFECT","items_purchased":["Hello World","Scrape"],"campfire_rested":1,"item_purchase_floors":[12,20],"current_hp_per_floor":[73,73,55,48,47,47,31,31,31,31,31,31,16,15,15,9,59,54,20,20,12,12,12,37,37,37,37,31,31,7,7,29,0],"gold":34,"neow_bonus":"RANDOM_COMMON_RELIC","is_prod":false,"is_daily":false,"chose_seed":false,"campfire_upgraded":6,"win_rate":0,"timestamp":1534889721,"path_taken":["M","$","?","M","M","R","E","R","T","?","M","$","M","?","R","BOSS","M","M","$","M","?","R","?","R","T","R","M","?","M","$","R","BOSS"],"build_version":"2018-08-16","purchased_purges":2,"victory":false,"max_hp_per_floor":[75,75,75,75,75,75,75,75,75,75,75,75,75,75,75,75,75,75,75,75,75,75,75,75,75,75,75,75,75,75,75,75,75],"card_choices":[{"not_picked":["Melter","Lockon"],"picked":"Gash","floor":1},{"not_picked":["Go for the Eyes","Ball Lightning"],"picked":"FTL","floor":4},{"not_picked":["Barrage","Heatsinks"],"picked":"Leap","floor":5},{"not_picked":["Rainbow","Barrage"],"picked":"Echo Form","floor":7},{"not_picked":["Steam","Leap"],"picked":"Coolheaded","floor":10},{"not_picked":["Blizzard","Cold Snap"],"picked":"Tempest","floor":11},{"not_picked":["Steam Power","Rebound"],"picked":"FTL","floor":13},{"not_picked":["Melter","Sweeping Beam"],"picked":"Beam Cell","floor":14},{"not_picked":["Multi-Cast","Thunder Strike"],"picked":"Rainbow","floor":16},{"not_picked":["Compile Driver+1","Turbo"],"picked":"Sunder","floor":18},{"not_picked":["Barrage+1","Heatsinks"],"picked":"Sweeping Beam+1","floor":19},{"not_picked":["Hologram","Barrage+1","Stack"],"picked":"SKIP","floor":21},{"not_picked":["Beam Cell","Scrape","Conserve Battery"],"picked":"SKIP","floor":28},{"not_picked":["Steam","Stack+1"],"picked":"Double Energy","floor":30}],"player_experience":250769,"relics_obtained":[{"floor":7,"key":"Bottled Lightning"},{"floor":9,"key":"The Courier"},{"floor":26,"key":"Du-Vu Doll"}],"event_choices":[{"event_name":"Scrap Ooze","player_choice":"success","floor":3,"damage_taken":18},{"event_name":"Vampires","player_choice":"Ignored","floor":22,"damage_taken":0},{"event_name":"The Library","player_choice":"Heal","floor":24,"damage_taken":0},{"event_name":"Drug Dealer","player_choice":"Ignored","floor":29,"damage_taken":0}],"is_beta":false,"boss_relics":[{"not_picked":["Orrery","Runic Dome"],"picked":"Ectoplasm"}],"items_purged_floors":[2,12],"is_endless":false,"potions_floor_spawned":[1,5,11,14,19,28],"killed_by":"Champ","ascension_level":5}