{"gold_per_floor":[119,130,130,100,110,123,158,158,211,237,255,281,281,11,11,111,111,128,143,67,79,94,127,127,127,127,127],"floor_reached":27,"playtime":1084,"items_purged":["Strike_G"],"score":253,"play_id":"0aa45320-7725-4e55-b611-9260e074f725","local_time":"25610722121010","is_ascension_mode":false,"campfire_choices":[{"floor":8,"key":"REST"},{"data":"Envenom","floor":15,"key":"SMITH"},{"floor":25,"key":"REST"}],"neow_cost":"NONE","seed_source_timestamp":7959901865617,"circlet_count":0,"master_deck":["Defend_G","Defend_G","Defend_G","Defend_G","Strike_G","Strike_G","Strike_G","Strike_G","Survivor","Neutralize","Envenom+1","Dagger Spray","Infinite Blades","Riddle With Holes","Bouncing Flask","Dodge and Roll","Catalyst","Tools of the Trade","Dodge and Roll+1","Acrobatics","Backflip","Slice+1"],"relics":["Ring of the Snake","Letter Opener","Snake Skull","Bag of Marbles","Peace Pipe","Lee\u0027s Waffle","WristBlade","Mercury Hourglass","Nilry\u0027s Codex","Bronze Scales"],"potions_floor_usage":[7,10,10,12,19,21,22,23],"damage_taken":[{"damage":0,"enemies":"Small Slimes","floor":1,"turns":5},{"damage":9,"enemies":"2 Louse","floor":2,"turns":3},{"damage":4,"enemies":"Cultist","floor":5,"turns":5},{"damage":6,"enemies":"Blue Slaver","floor":6,"turns":4},{"damage":20,"enemies":"3 Sentries","floor":7,"turns":8},{"damage":6,"enemies":"Gremlin Nob","floor":10,"turns":3},{"damage":11,"enemies":"Lots of Slimes","floor":11,"turns":4},{"damage":5,"enemies":"3 Sentries","floor":12,"turns":7},{"damage":28,"enemies":"Hexaghost","floor":16,"turns":7},{"damage":10,"enemies":"Chosen","floor":18,"turns":3},{"damage":24,"enemies":"Spheric Guardian","floor":19,"turns":5},{"damage":12,"enemies":"Chosen and Byrds","floor":21,"turns":5},{"damage":15,"enemies":"Cultist and Chosen","floor":22,"turns":5},{"damage":6,"enemies":"Gremlin Leader","floor":23,"turns":6},{"damage":7,"enemies":"Book of Stabbing","floor":27,"turns":3}],"seed_played":"7170235050672194966","potions_obtained":[{"floor":2,"key":"Ancient Potion"},{"floor":4,"key":"SpeedPotion"},{"floor":4,"key":"SpeedPotion"},{"floor":7,"key":"AttackPotion"},{"floor":16,"key":"GhostInAJar"},{"floor":18,"key":"SkillPotion"},{"floor":19,"key":"LiquidBronze"}],"is_trial":false,"path_per_floor":["M","M","?","?","M","M","E","R","T","E","M","E","?","$","R","B",null,"M","M","$","M","M","E","?","R","T"],"character_chosen":"THE_SILENT","items_purchased":["Lee\u0027s Waffle","Regen Potion"],"campfire_rested":2,"item_purchase_floors":[14,20],"current_hp_per_floor":[70,61,61,61,57,51,31,52,52,46,35,30,30,77,77,49,77,67,43,43,46,31,25,9,32,32,25],"gold":127,"neow_bonus":"ONE_RANDOM_RARE_CARD","is_prod":false,"is_daily":false,"chose_seed":false,"campfire_upgraded":1,"win_rate":0,"timestamp":1532236210,"path_taken":["M","M","?","?","M","?","E","R","T","E","M","E","?","$","R","BOSS","M","M","$","?","M","E","?","R","T","E"],"build_version":"2018-07-19v2","purchased_purges":1,"victory":false,"max_hp_per_floor":[70,70,70,70,70,70,70,70,70,70,70,70,70,77,77,77,77,77,77,77,77,77,77,77,77,77,77],"card_choices":[{"not_picked":["Deflect","Distraction"],"picked":"Dagger Spray","floor":1},{"not_picked":["Dodge and Roll","Dagger Spray"],"picked":"Infinite Blades","floor":2},{"not_picked":["Masterful Stab","Blade Dance"],"picked":"Riddle With Holes","floor":5},{"not_picked":["Backflip","PiercingWail"],"picked":"Bouncing Flask","floor":6},{"not_picked":["Well Laid Plans","Expertise","Bouncing Flask"],"picked":"SKIP","floor":7},{"not_picked":["Bane","Dagger Throw"],"picked":"Dodge and Roll","floor":10},{"not_picked":["Sucker Punch","Deadly Poison","Reflex"],"picked":"SKIP","floor":11},{"not_picked":["Dagger Throw","Prepared"],"picked":"Catalyst","floor":12},{"not_picked":["Bullet Time","Wraith Form v2"],"picked":"Tools of the Trade","floor":16},{"not_picked":["Acrobatics","Dagger Throw+1"],"picked":"Dodge and Roll+1","floor":18},{"not_picked":["Dash","Skewer+1"],"picked":"Acrobatics","floor":19},{"not_picked":["Deadly Poison","Bane"],"picked":"Backflip","floor":21},{"not_picked":["Deflect","Dodge and Roll","Skewer"],"picked":"SKIP","floor":22},{"not_picked":["Unload","Deadly Poison"],"picked":"Slice+1","floor":23}],"player_experience":110349,"relics_obtained":[{"floor":7,"key":"Letter Opener"},{"floor":9,"key":"Snake Skull"},{"floor":10,"key":"Bag of Marbles"},{"floor":12,"key":"Peace Pipe"},{"floor":23,"key":"Mercury Hourglass"},{"floor":24,"key":"Nilry\u0027s Codex"},{"floor":26,"key":"Bronze Scales"}],"event_choices":[{"event_name":"Living Wall","player_choice":"Forget","floor":3,"damage_taken":0},{"event_name":"The Woman in Blue","player_choice":"Bought 2 Potions","floor":4,"damage_taken":0},{"event_name":"Golden Wing","player_choice":"Ignored","floor":13,"damage_taken":0},{"event_name":"Cursed Tome","player_choice":"Obtained Book","floor":24,"damage_taken":0}],"is_beta":false,"boss_relics":[{"not_picked":["Fusion Hammer","Orrery"],"picked":"WristBlade"}],"items_purged_floors":[14],"is_endless":false,"potions_floor_spawned":[2,7,16,18,19],"killed_by":"Book of Stabbing","ascension_level":0}