{"gold_per_floor":[364,15,33,44,54,83,83,110,110,123,137,167,132,164,164,237,237,254,268,3,3,3,35,77,119,183,207,233,276,302,334,346,435,447,472,484,515,542,194,229,245,270,341,57,71,98,8,23,23,23],"floor_reached":51,"playtime":3213,"items_purged":["Strike_R+1"],"score":1745,"play_id":"05cf3e7f-023f-4191-8bef-8e20f61c0b15","local_time":"20180910054219","is_ascension_mode":true,"campfire_choices":[{"floor":7.0,"key":"REST"},{"floor":15.0,"key":"DIG"},{"floor":24.0,"key":"DIG"},{"floor":32,"key":"DIG"},{"data":"Limit Break","floor":49,"key":"SMITH"}],"neow_cost":"PERCENT_DAMAGE","seed_source_timestamp":5442670438842,"circlet_count":0,"master_deck":["Strike_R+1","Strike_R+1","Strike_R+1","Defend_R+1","Defend_R+1","Defend_R+1","Defend_R+1","Bash","AscendersBane","Inflame","Offering","Twin Strike","Headbutt","Inflame","Fiend Fire","Ghostly Armor","Iron Wave","Uppercut","Feed","Reaper","Twin Strike+1","Disarm","Flame Barrier","Shockwave","Armaments+1","Impervious","True Grit+1","Clothesline+1","Feel No Pain+1","Limit Break+1","True Grit+1","Dark Embrace+1","Feel No Pain+1","Inflame+1","Exhume","Twin Strike+1","Spot Weakness+1","Inflame+1"],"special_seed":0,"relics":["Burning Blood","Lantern","Regal Pillow","Torii","Shovel","Pocketwatch","Singing Bowl","Dream Catcher","Snecko Eye","PreservedInsect","MawBank","Tiny Chest","Bird Faced Urn","Bronze Scales","Frozen Egg 2","Incense Burner","Empty Cage","Anchor","Gremlin Horn","Dodecahedron","Bag of Marbles"],"potions_floor_usage":[38,38,39,50],"damage_taken":[{"damage":1.0,"enemies":"Cultist","floor":1.0,"turns":3.0},{"damage":6.0,"enemies":"Small Slimes","floor":3.0,"turns":3.0},{"damage":6.0,"enemies":"2 Louse","floor":4.0,"turns":2.0},{"damage":17.0,"enemies":"Blue Slaver","floor":5.0,"turns":3.0},{"damage":31.0,"enemies":"Lagavulin","floor":6.0,"turns":6.0},{"damage":26.0,"enemies":"3 Sentries","floor":8.0,"turns":6.0},{"damage":12.0,"enemies":"Exordium Wildlife","floor":10.0,"turns":2.0},{"damage":6.0,"enemies":"Looter","floor":11.0,"turns":2.0},{"damage":20.0,"enemies":"Lagavulin","floor":12.0,"turns":7.0},{"damage":8.0,"enemies":"3 Sentries","floor":14.0,"turns":6.0},{"damage":16.0,"enemies":"Slime Boss","floor":16.0,"turns":6.0},{"damage":20.0,"enemies":"3 Byrds","floor":18.0,"turns":5.0},{"damage":0.0,"enemies":"Chosen","floor":19.0,"turns":2.0},{"damage":22.0,"enemies":"Slavers","floor":23.0,"turns":3.0},{"damage":1.0,"enemies":"Book of Stabbing","floor":25.0,"turns":4.0},{"damage":7.0,"enemies":"Snake Plant","floor":27.0,"turns":3.0},{"damage":10,"enemies":"Shelled Parasite and Fungi","floor":28,"turns":6},{"damage":12,"enemies":"Slavers","floor":29,"turns":6},{"damage":8,"enemies":"3 Cultists","floor":30,"turns":6},{"damage":0,"enemies":"Snecko","floor":31,"turns":4},{"damage":25,"enemies":"Automaton","floor":33,"turns":11},{"damage":37,"enemies":"3 Darklings","floor":35,"turns":7},{"damage":6,"enemies":"Orb Walker","floor":37,"turns":3},{"damage":24,"enemies":"Spire Growth","floor":38,"turns":4},{"damage":0,"enemies":"Nemesis","floor":40,"turns":5},{"damage":6,"enemies":"Sphere and 2 Shapes","floor":41,"turns":6},{"damage":20,"enemies":"Giant Head","floor":42,"turns":8},{"damage":0,"enemies":"Reptomancer","floor":45,"turns":4},{"damage":6,"enemies":"Nemesis","floor":46,"turns":7},{"damage":6,"enemies":"4 Shapes","floor":48,"turns":3},{"damage":30,"enemies":"Donu and Deca","floor":50,"turns":9}],"seed_played":"5091151304012569684","potions_obtained":[{"floor":4.0,"key":"Dexterity Potion"},{"floor":5.0,"key":"Regen Potion"},{"floor":8.0,"key":"AttackPotion"},{"floor":10.0,"key":"EssenceOfSteel"},{"floor":14.0,"key":"SteroidPotion"},{"floor":18.0,"key":"Swift Potion"},{"floor":28,"key":"SteroidPotion"},{"floor":30,"key":"Swift Potion"},{"floor":40,"key":"Weak Potion"}],"is_trial":false,"path_per_floor":["M","$","M","M","M","E","R","E","T","M","M","E","?","E","R","B",null,"M","M","$","?","$","E","R","E","T","M","M","E","M","M","R","B",null,"M","?","M","M","$","E","M","E","T","$","M","E","$","M","R","B"],"character_chosen":"IRONCLAD","items_purchased":["Offering","Twin Strike","Lantern","PreservedInsect","Flame Barrier","Dark Embrace+1","Fruit Juice","Inflame+1","Exhume","Strength Potion","Inflame+1"],"campfire_rested":1,"item_purchase_floors":[2,2,2,20,20,39,39,44,44,44,47],"current_hp_per_floor":[55,55,55,55,44,34,71,51,51,45,45,31,49,52,52,45,74,72,78,78,78,78,62,62,73,73,74,83,89,89,89,89,87,89,73,73,77,65,70,97,105,105,105,105,105,105,105,107,107,107],"gold":23,"neow_bonus":"TWO_FIFTY_GOLD","is_prod":false,"is_daily":false,"chose_seed":false,"campfire_upgraded":1,"win_rate":0,"timestamp":1536583339,"path_taken":["M","$","M","M","M","E","R","E","T","M","M","E","?","E","R","BOSS","M","?","$","?","?","E","R","E","T","M","M","E","M","M","R","BOSS","M","?","?","M","$","E","M","E","T","?","M","E","$","M","R","BOSS"],"build_version":"2018-09-06","purchased_purges":1,"victory":true,"max_hp_per_floor":[75,75,75,75,75,75,75,75,75,75,75,75,75,80,80,83,83,83,83,83,83,83,83,83,83,83,83,83,89,89,89,89,89,89,91,91,91,93,98,103,105,105,105,105,105,105,105,107,107,107],"card_choices":[{"not_picked":["Heavy Blade","Second Wind"],"picked":"Inflame","floor":1.0},{"not_picked":["Sword Boomerang","Wild Strike"],"picked":"Headbutt","floor":3.0},{"not_picked":["Shrug It Off","Warcry"],"picked":"Inflame","floor":4.0},{"not_picked":["Reckless Charge","Headbutt"],"picked":"Anger","floor":5.0},{"not_picked":["Cleave","Headbutt"],"picked":"Fiend Fire","floor":6.0},{"not_picked":["Rupture","Intimidate"],"picked":"Ghostly Armor","floor":8.0},{"not_picked":["Pummel","Body Slam"],"picked":"Iron Wave","floor":10.0},{"not_picked":["Sever Soul","Thunderclap"],"picked":"Uppercut","floor":11.0},{"not_picked":["True Grit","Dual Wield"],"picked":"Feed","floor":12.0},{"not_picked":["Iron Wave","Evolve","Hemokinesis"],"picked":"Singing Bowl","floor":14.0},{"not_picked":["Demon Form","Brutality"],"picked":"Reaper","floor":16.0},{"not_picked":["Perfected Strike+1","Reckless Charge"],"picked":"Twin Strike+1","floor":18.0},{"not_picked":["Armaments","Wild Strike"],"picked":"Disarm","floor":19.0},{"not_picked":["Ghostly Armor","Metallicize"],"picked":"Shockwave","floor":23.0},{"not_picked":["Fire Breathing","Entrench"],"picked":"Armaments+1","floor":25.0},{"not_picked":["Battle Trance","Spot Weakness+1"],"picked":"Impervious","floor":27.0},{"not_picked":["Armaments","Clothesline"],"picked":"True Grit+1","floor":28},{"not_picked":["Warcry","Intimidate","Fire Breathing"],"picked":"Singing Bowl","floor":29},{"not_picked":["Armaments","Twin Strike"],"picked":"Clothesline+1","floor":30},{"not_picked":["Fire Breathing+1","Battle Trance"],"picked":"Feel No Pain+1","floor":31},{"not_picked":["Immolate","Reaper"],"picked":"Limit Break","floor":33},{"not_picked":["Flex","Sword Boomerang","Perfected Strike"],"picked":"Singing Bowl","floor":35},{"not_picked":["Sever Soul","Iron Wave"],"picked":"True Grit+1","floor":37},{"not_picked":["Shrug It Off","Thunderclap","True Grit+1"],"picked":"Singing Bowl","floor":38},{"not_picked":["Clash","Headbutt","Corruption+1"],"picked":"Singing Bowl","floor":40},{"not_picked":["Headbutt+1","Perfected Strike+1","Pommel Strike+1"],"picked":"Singing Bowl","floor":41},{"not_picked":["Brutality+1","Blood for Blood+1"],"picked":"Feel No Pain+1","floor":42},{"not_picked":["Clash","Seeing Red"],"picked":"Twin Strike+1","floor":45},{"not_picked":["Seeing Red","Blood for Blood"],"picked":"Spot Weakness+1","floor":46},{"not_picked":["Reckless Charge","Clothesline","Combust+1"],"picked":"Singing Bowl","floor":48}],"player_experience":1092403,"relics_obtained":[{"floor":6.0,"key":"Regal Pillow"},{"floor":8.0,"key":"Torii"},{"floor":9.0,"key":"Shovel"},{"floor":12.0,"key":"Pocketwatch"},{"floor":14.0,"key":"Singing Bowl"},{"floor":15.0,"key":"Dream Catcher"},{"floor":23.0,"key":"MawBank"},{"floor":24.0,"key":"Tiny Chest"},{"floor":25.0,"key":"Bird Faced Urn"},{"floor":26.0,"key":"Bronze Scales"},{"floor":29,"key":"Frozen Egg 2"},{"floor":32,"key":"Incense Burner"},{"floor":40,"key":"Anchor"},{"floor":42,"key":"Gremlin Horn"},{"floor":43,"key":"Dodecahedron"},{"floor":46,"key":"Bag of Marbles"}],"event_choices":[{"event_name":"The Cleric","player_choice":"Healed","floor":13.0,"damage_taken":0.0},{"event_name":"Back to Basics","player_choice":"Simplicity","floor":21.0,"damage_taken":0.0},{"event_name":"Tomb of Lord Red Mask","player_choice":"Ignored","floor":36,"damage_taken":0}],"is_beta":false,"boss_relics":[{"not_picked":["White Beast Statue","Runic Cube"],"picked":"Snecko Eye"},{"not_picked":["Philosopher\u0027s Stone","Lizard Tail"],"picked":"Empty Cage"}],"items_purged_floors":[39],"is_endless":false,"potions_floor_spawned":[4,5,8,10,14,18,19,28,30,31,37,40,45,46,48],"ascension_level":19}