{"gold_per_floor":[112,112,112,36,50,50,64,98,98,112,112,32,64,29,29,134,134,153,153,3,103,103,103],"floor_reached":23,"playtime":1362,"items_purged":[],"score":331,"play_id":"556b866a-a577-49fa-a9ad-a20ee0d6549a","local_time":"20181229053218","is_ascension_mode":true,"campfire_choices":[{"data":"Dash","floor":6.0,"key":"SMITH"},{"data":"Choke","floor":15,"key":"SMITH"}],"neow_cost":"NONE","seed_source_timestamp":50449831252061,"circlet_count":0,"master_deck":["Survivor","Neutralize","Dagger Spray","Neutralize","Dash+1","Predator","Riddle With Holes","Leg Sweep","Leg Sweep","Choke+1","Caltrops","Noxious Fumes","Corpse Explosion","Heel Hook","Footwork","Unload","PiercingWail","All Out Attack","Night Terror","Terror","Crippling Poison","Grand Finale","Bane","PiercingWail+1"],"special_seed":0,"relics":["Snecko Eye","Matryoshka","Bronze Scales","Sundial","Pandora\u0027s Box","Snake Skull","Girya","Darkstone Periapt","Nloth\u0027s Gift"],"potions_floor_usage":[13,18,21,21,23],"damage_taken":[{"damage":2.0,"enemies":"Jaw Worm","floor":1.0,"turns":5.0},{"damage":0.0,"enemies":"Cultist","floor":5.0,"turns":5.0},{"damage":12.0,"enemies":"Small Slimes","floor":7.0,"turns":3.0},{"damage":10.0,"enemies":"3 Sentries","floor":8.0,"turns":6.0},{"damage":0.0,"enemies":"Exordium Thugs","floor":10.0,"turns":3.0},{"damage":0,"enemies":"Gremlin Nob","floor":13,"turns":2},{"damage":14,"enemies":"The Guardian","floor":16,"turns":10},{"damage":3,"enemies":"Spheric Guardian","floor":18,"turns":3},{"damage":0,"enemies":"Colosseum Slavers","floor":21,"turns":2},{"damage":31,"enemies":"Colosseum Nobs","floor":21,"turns":3},{"damage":21,"enemies":"Book of Stabbing","floor":23,"turns":4}],"seed_played":"7728842492094673496","potions_obtained":[{"floor":5.0,"key":"Strength Potion"},{"floor":7.0,"key":"Swift Potion"},{"floor":11.0,"key":"EntropicBrew"},{"floor":11.0,"key":"FairyPotion"},{"floor":16,"key":"Swift Potion"}],"is_trial":false,"path_per_floor":["M","$","?","$","M","R","M","E","T","M","?","$","$","R","B",null,"M","?","$","?","?","E"],"character_chosen":"THE_SILENT","items_purchased":["Dash","Choke","Noxious Fumes","Snake Skull"],"campfire_rested":0,"item_purchase_floors":[4,12,14,20],"current_hp_per_floor":[61,61,61,61,61,61,49,39,39,39,39,39,39,39,39,25,59,56,43,43,12,12,0],"gold":103,"neow_bonus":"BOSS_RELIC","is_prod":false,"is_daily":false,"chose_seed":false,"campfire_upgraded":2,"win_rate":0,"timestamp":1546057938,"path_taken":["M","$","?","$","?","R","M","E","T","M","?","$","E","?","R","BOSS","M","?","$","?","?","E"],"build_version":"2018-12-25","purchased_purges":0,"victory":false,"max_hp_per_floor":[70,70,70,70,70,70,70,70,70,70,70,70,70,70,70,70,70,70,75,75,75,75,75],"card_choices":[{"not_picked":["Prepared","Dagger Throw","Cloak And Dagger"],"picked":"SKIP","floor":1.0},{"not_picked":["Dodge and Roll","All Out Attack"],"picked":"Predator","floor":5.0},{"not_picked":["Choke","Dagger Throw"],"picked":"Riddle With Holes","floor":7.0},{"not_picked":["Calculated Gamble","Flying Knee"],"picked":"Leg Sweep","floor":8.0},{"not_picked":["Flying Knee","Dagger Throw"],"picked":"Leg Sweep","floor":10.0},{"not_picked":["Endless Agony","Quick Slash"],"picked":"Caltrops","floor":13},{"not_picked":["Doppelganger","Bullet Time"],"picked":"Corpse Explosion","floor":16},{"not_picked":["Endless Agony","Deflect"],"picked":"PiercingWail+1","floor":18}],"player_experience":331213,"relics_obtained":[{"floor":8.0,"key":"Matryoshka"},{"floor":9.0,"key":"Bronze Scales"},{"floor":9.0,"key":"Sundial"},{"floor":13,"key":"Mummified Hand"},{"floor":21,"key":"Girya"},{"floor":21,"key":"Darkstone Periapt"}],"event_choices":[{"damage_healed":0.0,"max_hp_gain":0.0,"max_hp_loss":0.0,"gold_gain":0.0,"event_name":"Match and Keep!","player_choice":"2 cards matched","floor":3.0,"gold_loss":0.0,"damage_taken":0.0,"cards_obtained":["Dagger Spray","Neutralize"]},{"damage_healed":0.0,"max_hp_gain":0.0,"max_hp_loss":0.0,"gold_gain":0.0,"event_name":"Lab","player_choice":"Got Potions","floor":11.0,"gold_loss":0.0,"damage_taken":0.0},{"damage_healed":0,"gold_gain":0,"player_choice":"Shed Blood","damage_taken":18,"max_hp_gain":5,"max_hp_loss":0,"event_name":"Forgotten Altar","floor":19,"gold_loss":0},{"damage_healed":0,"gold_gain":0,"player_choice":"Fight","damage_taken":0,"max_hp_gain":0,"max_hp_loss":0,"event_name":"Colosseum","floor":21,"gold_loss":0},{"damage_healed":0,"gold_gain":0,"player_choice":"Fought Nobs","damage_taken":0,"max_hp_gain":0,"max_hp_loss":0,"event_name":"Colosseum","floor":21,"gold_loss":0},{"damage_healed":0,"gold_gain":0,"player_choice":"Traded Relic","damage_taken":0,"relics_obtained":["Nloth\u0027s Gift"],"max_hp_gain":0,"max_hp_loss":0,"event_name":"N\u0027loth","floor":22,"relics_lost":["Mummified Hand"],"gold_loss":0}],"is_beta":true,"boss_relics":[{"not_picked":["Runic Pyramid","Astrolabe"],"picked":"Pandora\u0027s Box"}],"items_purged_floors":[],"is_endless":false,"potions_floor_spawned":[5,7,16],"killed_by":"Book of Stabbing","ascension_level":7}