{"gold_per_floor":[115,265,265,190,190,223,223,223,299,134,134,169,69,69,69,160,160,179,179,229,245,28,28],"floor_reached":23,"playtime":799,"items_purged":["Strike_B","Strike_B"],"score":482,"play_id":"4e2c3286-04ee-4c8e-90c9-664d79993713","local_time":"20190114153646","is_ascension_mode":true,"campfire_choices":[{"data":"Zap","floor":7,"key":"SMITH"},{"data":"Defragment","floor":11,"key":"SMITH"},{"data":"Sunder","floor":15,"key":"SMITH"}],"neow_cost":"NONE","seed_source_timestamp":335516480878825,"circlet_count":0,"master_deck":["AscendersBane","Strike_B","Strike_B+1","Defend_B+1","Defend_B+1","Defend_B","Defend_B+1","Zap+1","Dualcast","Doom and Gloom","Ball Lightning","Defragment+1","Compile Driver","Sunder+1","Core Surge","Reinforced Body","Coolheaded"],"relics":["Cracked Core","NeowsBlessing","Vajra","Ornamental Fan","Pantograph","Sundial","Golden Idol","Fusion Hammer","War Paint"],"potions_floor_usage":[16,16],"damage_taken":[{"damage":0,"enemies":"2 Louse","floor":1,"turns":1},{"damage":0,"enemies":"3 Sentries","floor":6,"turns":2},{"damage":0,"enemies":"Lagavulin","floor":12,"turns":1},{"damage":36,"enemies":"Hexaghost","floor":16,"turns":7},{"damage":8,"enemies":"3 Byrds","floor":18,"turns":3},{"damage":22,"enemies":"Colosseum Slavers","floor":19,"turns":3},{"damage":15,"enemies":"2 Thieves","floor":21,"turns":3},{"damage":0,"enemies":"Slavers","floor":23,"turns":1}],"seed_played":"2948625086123417765","potions_obtained":[{"floor":6,"key":"Regen Potion"},{"floor":12,"key":"PowerPotion"}],"is_trial":false,"path_per_floor":["M","?","?","?","?","E","R","$","T","$","R","E","$","?","R","B",null,"M","?","?","M","$","E"],"character_chosen":"DEFECT","items_purchased":["Defragment","Compile Driver","Coolheaded","War Paint"],"campfire_rested":0,"item_purchase_floors":[10,10,22,22],"current_hp_per_floor":[64,64,43,43,17,17,17,17,17,17,17,17,17,17,17,21,53,45,23,23,8,8,8],"gold":28,"neow_bonus":"THREE_ENEMY_KILL","is_prod":false,"is_daily":false,"chose_seed":false,"campfire_upgraded":3,"win_rate":0,"timestamp":1547498206,"path_taken":["M","?","?","?","?","E","R","$","T","$","R","E","?","?","R","BOSS","M","?","?","M","$","E"],"build_version":"2019-01-10","purchased_purges":2,"victory":false,"max_hp_per_floor":[71,71,71,71,71,71,71,71,71,71,71,71,71,64,64,64,64,64,64,64,64,64,64],"card_choices":[{"not_picked":["Beam Cell","Steam"],"picked":"Doom and Gloom","floor":1},{"not_picked":["Darkness","Multi-Cast"],"picked":"Ball Lightning","floor":6},{"not_picked":["Hologram","Compile Driver"],"picked":"Sunder","floor":12},{"not_picked":["All For One","Amplify"],"picked":"Core Surge","floor":16},{"not_picked":["Redo","Gash","Loop"],"picked":"SKIP","floor":18},{"not_picked":["Go for the Eyes","Redo+1"],"picked":"Reinforced Body","floor":21}],"player_experience":1631524,"relics_obtained":[{"floor":6,"key":"Ornamental Fan"},{"floor":9,"key":"Pantograph"},{"floor":12,"key":"Sundial"}],"event_choices":[{"damage_healed":0,"gold_gain":150,"player_choice":"AGREE","damage_taken":0,"max_hp_gain":0,"max_hp_loss":0,"event_name":"Liars Game","floor":2,"gold_loss":0,"cards_obtained":["Doubt"]},{"damage_healed":0,"gold_gain":0,"player_choice":"Entered Light","damage_taken":21,"max_hp_gain":0,"max_hp_loss":0,"event_name":"Shining Light","floor":3,"gold_loss":0,"cards_upgraded":["Defend_B","Strike_B"]},{"cards_removed":["Doubt"],"damage_healed":0,"gold_gain":0,"player_choice":"Card Removal","damage_taken":0,"max_hp_gain":0,"max_hp_loss":0,"event_name":"The Cleric","floor":4,"gold_loss":75},{"damage_healed":0,"gold_gain":0,"player_choice":"Success","damage_taken":26,"relics_obtained":["Vajra"],"max_hp_gain":0,"max_hp_loss":0,"event_name":"Scrap Ooze","floor":5,"gold_loss":0},{"damage_healed":0,"gold_gain":0,"player_choice":"Lose Max HP","damage_taken":0,"relics_obtained":["Golden Idol"],"max_hp_gain":0,"max_hp_loss":7,"event_name":"Golden Idol","floor":14,"gold_loss":0},{"damage_healed":0,"gold_gain":0,"player_choice":"Fight","damage_taken":0,"max_hp_gain":0,"max_hp_loss":0,"event_name":"Colosseum","floor":19,"gold_loss":0},{"damage_healed":0,"gold_gain":0,"player_choice":"Fled From Nobs","damage_taken":0,"max_hp_gain":0,"max_hp_loss":0,"event_name":"Colosseum","floor":19,"gold_loss":0},{"damage_healed":0,"gold_gain":100,"player_choice":"Bet on Murderer","damage_taken":0,"max_hp_gain":0,"max_hp_loss":0,"event_name":"The Joust","floor":20,"gold_loss":50}],"is_beta":true,"boss_relics":[{"not_picked":["FrozenCore","White Beast Statue"],"picked":"Fusion Hammer"}],"items_purged_floors":[10,13],"is_endless":false,"potions_floor_spawned":[6,12],"killed_by":"Slavers","ascension_level":20}