{"gold_per_floor":[119,139,154,142,161,161,189,189,189,189,216,229,247,258,258,258],"floor_reached":16,"playtime":636,"items_purged":[],"score":209,"play_id":"7d275966-628c-4be2-83ca-89af510ececf","local_time":"20180823164217","is_ascension_mode":true,"campfire_choices":[{"data":"Neutralize","floor":6,"key":"SMITH"},{"floor":8,"key":"REST"},{"data":"Sucker Punch","floor":10,"key":"SMITH"},{"floor":15,"key":"REST"}],"neow_cost":"","seed_source_timestamp":19624892406271,"circlet_count":0,"master_deck":["Defend_G","Defend_G","Defend_G","Defend_G","Defend_G","Strike_G","Strike_G","Strike_G","Strike_G","Strike_G","Survivor","Neutralize+1","AscendersBane","Poisoned Stab","Backstab","Sucker Punch+1","Quick Slash","Malaise","Backflip","PiercingWail","Deflect"],"special_seed":0,"relics":["Ring of the Snake","Question Card","Matryoshka","The Courier"],"potions_floor_usage":[7,7,12,14],"damage_taken":[{"damage":5.0,"enemies":"Cultist","floor":1.0,"turns":5.0},{"damage":1,"enemies":"Jaw Worm","floor":2,"turns":7},{"damage":7,"enemies":"Small Slimes","floor":3,"turns":4},{"damage":14,"enemies":"Exordium Thugs","floor":4,"turns":4},{"damage":5,"enemies":"2 Fungi Beasts","floor":5,"turns":4},{"damage":17,"enemies":"Lagavulin","floor":7,"turns":6},{"damage":15,"enemies":"Gremlin Nob","floor":11,"turns":4},{"damage":0,"enemies":"Lots of Slimes","floor":12,"turns":1},{"damage":8,"enemies":"Large Slime","floor":13,"turns":7},{"damage":0,"enemies":"Looter","floor":14,"turns":3},{"damage":30,"enemies":"Slime Boss","floor":16,"turns":8}],"seed_played":"-6063171907471590951","potions_obtained":[{"floor":2,"key":"Poison Potion"},{"floor":3,"key":"SteroidPotion"},{"floor":7,"key":"Explosive Potion"},{"floor":12,"key":"SkillPotion"},{"floor":13,"key":"LiquidBronze"}],"is_trial":false,"path_per_floor":["M","M","M","M","M","R","E","R","T","R","E","M","M","M","R"],"character_chosen":"THE_SILENT","items_purchased":[],"campfire_rested":2,"item_purchase_floors":[],"current_hp_per_floor":[54,53,46,32,27,27,10,29,29,29,14,14,6,6,25,0],"gold":258,"neow_bonus":"","is_prod":false,"is_daily":false,"chose_seed":false,"campfire_upgraded":2,"win_rate":0,"timestamp":1535067737,"path_taken":["M","?","M","M","M","R","E","R","T","R","E","M","M","?","R","BOSS"],"build_version":"2018-08-16","purchased_purges":0,"victory":false,"max_hp_per_floor":[66,66,66,66,66,66,66,66,66,66,66,66,66,66,66,66],"card_choices":[{"not_picked":["Prepared","Outmaneuver","Concentrate"],"picked":"SKIP","floor":1.0},{"not_picked":["Dodge and Roll","Deflect"],"picked":"Poisoned Stab","floor":2},{"not_picked":["Backflip","Sucker Punch"],"picked":"Backstab","floor":3},{"not_picked":["Underhanded Strike","Prepared","Tactician"],"picked":"SKIP","floor":4},{"not_picked":["Deadly Poison","Backflip"],"picked":"Sucker Punch","floor":5},{"not_picked":["Caltrops","Flechettes"],"picked":"Quick Slash","floor":7},{"not_picked":["Bane","Blade Dance","Backflip"],"picked":"Malaise","floor":11},{"not_picked":["Acrobatics","Underhanded Strike","Poisoned Stab"],"picked":"Backflip","floor":12},{"not_picked":["Grand Finale","Backflip","Tactician"],"picked":"PiercingWail","floor":13},{"not_picked":["Prepared","Setup","Blade Dance"],"picked":"Deflect","floor":14}],"player_experience":1019577,"relics_obtained":[{"floor":7,"key":"Question Card"},{"floor":9,"key":"Matryoshka"},{"floor":11,"key":"The Courier"}],"event_choices":[],"is_beta":false,"boss_relics":[],"items_purged_floors":[],"is_endless":false,"potions_floor_spawned":[2,3,7,12,13],"killed_by":"Slime Boss","ascension_level":16}