{"gold_per_floor":[217,232,249,249,268,268,302,1,1,28,28,53,128,160,160,233,233,244,244,244,8,19,19,52,65,65,65,65,95,113,123,123,202,202,215,234,534,549,148,178,178,203,203,203,216,216,248,258,258,258],"floor_reached":51,"playtime":2139,"items_purged":["Strike_R","Strike_R"],"score":1768,"play_id":"dbb5310b-ef3b-447d-93fa-4d5cb9968287","local_time":"20181025122324","is_ascension_mode":true,"campfire_choices":[{"data":"Havoc","floor":6.0,"key":"SMITH"},{"data":"Demon Form","floor":11.0,"key":"SMITH"},{"data":"Pommel Strike","floor":15.0,"key":"SMITH"},{"data":"Ghostly","floor":23.0,"key":"SMITH"},{"data":"Ghostly","floor":28.0,"key":"SMITH"},{"data":"Ghostly","floor":32.0,"key":"SMITH"},{"data":"Ghostly","floor":41.0,"key":"SMITH"},{"data":"Ghostly","floor":46,"key":"SMITH"},{"data":"Battle Trance","floor":49,"key":"SMITH"}],"neow_cost":"NONE","seed_source_timestamp":35388607605654,"circlet_count":0,"master_deck":["Strike_R","Strike_R","Strike_R","Defend_R","Defend_R","Defend_R","Defend_R","Bash+1","AscendersBane","Iron Wave","Twin Strike","Havoc+1","Wild Strike","Demon Form+1","Pommel Strike+1","Twin Strike","Anger+1","Impervious","Iron Wave+1","Ghostly+1","Ghostly+1","Ghostly+1","Ghostly+1","Ghostly+1","Immolate+1","Feel No Pain+1","Clumsy","Uppercut+1","Reaper+1","Sword Boomerang+1","Pommel Strike+1","Battle Trance+1","Feed+1","Sword Boomerang+1"],"special_seed":0,"relics":["Burning Blood","Lantern","Meat on the Bone","PreservedInsect","Gremlin Horn","Molten Egg 2","Matryoshka","Cursed Key","Centennial Puzzle","Blue Candle","FossilizedHelix","Anchor","Coffee Dripper","Old Coin","Orichalcum","Dream Catcher","Singing Bowl","Pocketwatch","Pear"],"potions_floor_usage":[50],"damage_taken":[{"damage":1.0,"enemies":"Cultist","floor":1.0,"turns":3.0},{"damage":5.0,"enemies":"Small Slimes","floor":2.0,"turns":3.0},{"damage":4.0,"enemies":"2 Louse","floor":3.0,"turns":3.0},{"damage":14.0,"enemies":"Blue Slaver","floor":5.0,"turns":4.0},{"damage":19.0,"enemies":"Gremlin Nob","floor":7.0,"turns":4.0},{"damage":20.0,"enemies":"3 Sentries","floor":10.0,"turns":5.0},{"damage":0.0,"enemies":"Lagavulin","floor":12.0,"turns":4.0},{"damage":0.0,"enemies":"3 Sentries","floor":14.0,"turns":6.0},{"damage":32.0,"enemies":"The Guardian","floor":16.0,"turns":8.0},{"damage":8.0,"enemies":"3 Byrds","floor":18.0,"turns":5.0},{"damage":2.0,"enemies":"Chosen","floor":22.0,"turns":3.0},{"damage":0.0,"enemies":"Slavers","floor":24.0,"turns":5.0},{"damage":2.0,"enemies":"3 Cultists","floor":25.0,"turns":4.0},{"damage":0.0,"enemies":"Gremlin Leader","floor":29.0,"turns":4.0},{"damage":1.0,"enemies":"Snecko","floor":30.0,"turns":6.0},{"damage":0.0,"enemies":"Centurion and Healer","floor":31.0,"turns":6.0},{"damage":0.0,"enemies":"Champ","floor":33.0,"turns":12.0},{"damage":0.0,"enemies":"3 Shapes","floor":35.0,"turns":3.0},{"damage":0.0,"enemies":"Orb Walker","floor":36.0,"turns":4.0},{"damage":2.0,"enemies":"Mind Bloom Boss Battle","floor":37.0,"turns":6.0},{"damage":0.0,"enemies":"Transient","floor":38.0,"turns":5.0},{"damage":0.0,"enemies":"Giant Head","floor":40.0,"turns":7.0},{"damage":14.0,"enemies":"Nemesis","floor":42.0,"turns":7.0},{"damage":0,"enemies":"3 Darklings","floor":45,"turns":5},{"damage":0,"enemies":"Giant Head","floor":47,"turns":6},{"damage":0,"enemies":"Maw","floor":48,"turns":9},{"damage":33,"enemies":"Donu and Deca","floor":50,"turns":10}],"seed_played":"-1569594682383799509","potions_obtained":[{"floor":2.0,"key":"Energy Potion"},{"floor":5.0,"key":"SpeedPotion"},{"floor":16.0,"key":"FairyPotion"},{"floor":25.0,"key":"SteroidPotion"},{"floor":42.0,"key":"Ancient Potion"},{"floor":47,"key":"SteroidPotion"}],"is_trial":false,"path_per_floor":["M","M","M","?","M","R","E","$","T","E","R","E","?","E","R","B",null,"M","?","?","$","M","R","E","M","T","$","R","E","M","M","R","B",null,"M","M","?","M","$","E","R","E","T","?","M","R","E","M","R","B"],"character_chosen":"IRONCLAD","items_purchased":["Meat on the Bone","Pommel Strike","Immolate+1","Orichalcum","Dream Catcher"],"campfire_rested":0,"item_purchase_floors":[8,8,21,39,39],"current_hp_per_floor":[73,74,75,75,67,67,54,54,54,52,52,58,47,53,53,39,66,64,64,37,37,37,37,37,37,37,37,37,37,37,37,37,37,37,37,37,37,37,37,37,37,39,39,39,41,41,53,57,57,42],"gold":258,"neow_bonus":"HUNDRED_GOLD","is_prod":false,"is_daily":false,"chose_seed":false,"campfire_upgraded":9,"win_rate":0,"timestamp":1540495404,"path_taken":["M","?","M","?","M","R","E","$","T","E","R","E","?","E","R","BOSS","M","?","?","$","M","R","E","M","T","?","R","E","M","M","R","BOSS","M","M","?","M","$","E","R","E","T","?","M","R","E","M","R","BOSS"],"build_version":"2018-10-18","purchased_purges":2,"victory":true,"max_hp_per_floor":[75,75,75,75,75,75,75,75,75,75,75,75,75,75,75,75,75,75,75,37,37,37,37,37,37,37,37,37,37,37,37,37,37,37,37,37,37,37,37,37,37,39,39,39,41,41,53,57,57,57],"card_choices":[{"not_picked":["Sever Soul","Flex"],"picked":"Iron Wave","floor":1.0},{"not_picked":["Burning Pact","Clash"],"picked":"Twin Strike","floor":2.0},{"not_picked":["Wild Strike","Body Slam"],"picked":"Havoc","floor":3.0},{"not_picked":["True Grit","Clash"],"picked":"Wild Strike","floor":5.0},{"not_picked":["Sword Boomerang","Perfected Strike"],"picked":"Demon Form","floor":7.0},{"not_picked":["Spot Weakness","Havoc"],"picked":"Twin Strike","floor":10.0},{"not_picked":["Iron Wave","Sword Boomerang"],"picked":"Anger","floor":12.0},{"not_picked":["Thunderclap+1","Fire Breathing","Cleave+1"],"picked":"SKIP","floor":14.0},{"not_picked":["Exhume","Brutality"],"picked":"Impervious","floor":16.0},{"not_picked":["True Grit","Warcry"],"picked":"Iron Wave+1","floor":18.0},{"not_picked":["Armaments","Iron Wave+1","Rampage+1"],"picked":"SKIP","floor":22.0},{"not_picked":["Second Wind","Exhume"],"picked":"Feel No Pain+1","floor":24.0},{"not_picked":["Clothesline+1","Flame Barrier","Warcry"],"picked":"SKIP","floor":25.0},{"not_picked":["Blood for Blood+1","Dropkick+1","Clash+1"],"picked":"SKIP","floor":29.0},{"not_picked":["Rampage+1","Shrug It Off","Havoc"],"picked":"SKIP","floor":30.0},{"not_picked":["Shrug It Off","Cleave+1"],"picked":"Uppercut+1","floor":31.0},{"not_picked":["Offering","Limit Break"],"picked":"Reaper+1","floor":33.0},{"not_picked":["Corruption+1","Rage"],"picked":"Sword Boomerang+1","floor":35.0},{"not_picked":["Iron Wave+1","Armaments"],"picked":"Pommel Strike+1","floor":36.0},{"not_picked":["Warcry","Twin Strike+1"],"picked":"Battle Trance","floor":37.0},{"not_picked":["Iron Wave+1","Metallicize","Dual Wield"],"picked":"SKIP","floor":38.0},{"not_picked":["Pommel Strike+1","Thunderclap+1"],"picked":"Feed+1","floor":40.0},{"not_picked":["Disarm","Havoc","Sever Soul+1"],"picked":"Singing Bowl","floor":42.0},{"not_picked":["Armaments+1","Havoc","Corruption"],"picked":"Singing Bowl","floor":45},{"not_picked":["Disarm","Metallicize","Blood for Blood+1"],"picked":"Singing Bowl","floor":47},{"not_picked":["Thunderclap+1","Perfected Strike+1"],"picked":"Sword Boomerang+1","floor":48}],"player_experience":1462724,"relics_obtained":[{"floor":7.0,"key":"Lantern"},{"floor":9.0,"key":"PreservedInsect"},{"floor":10.0,"key":"Gremlin Horn"},{"floor":12.0,"key":"Molten Egg 2"},{"floor":14.0,"key":"Matryoshka"},{"floor":24.0,"key":"Centennial Puzzle"},{"floor":26.0,"key":"Blue Candle"},{"floor":26.0,"key":"FossilizedHelix"},{"floor":29.0,"key":"Anchor"},{"floor":37.0,"key":"Old Coin"},{"floor":40.0,"key":"Singing Bowl"},{"floor":42.0,"key":"Pocketwatch"},{"floor":47,"key":"Pear"}],"event_choices":[{"damage_healed":0.0,"max_hp_gain":0.0,"max_hp_loss":0.0,"gold_gain":0.0,"event_name":"Living Wall","player_choice":"Grow","floor":4.0,"gold_loss":0.0,"damage_taken":0.0,"cards_upgraded":["Bash"]},{"damage_healed":0.0,"max_hp_gain":0.0,"max_hp_loss":0.0,"gold_gain":75.0,"event_name":"World of Goop","player_choice":"Gather Gold","floor":13.0,"gold_loss":0.0,"damage_taken":11.0},{"damage_healed":0.0,"max_hp_gain":0.0,"max_hp_loss":0.0,"gold_gain":0.0,"event_name":"The Mausoleum","player_choice":"Ignored","floor":19.0,"gold_loss":0.0,"damage_taken":0.0},{"damage_healed":0.0,"max_hp_gain":0.0,"max_hp_loss":38.0,"gold_gain":0.0,"event_name":"Ghosts","player_choice":"Became a Ghost","floor":20.0,"gold_loss":0.0,"damage_taken":0.0,"cards_obtained":["Ghostly","Ghostly","Ghostly","Ghostly","Ghostly"]},{"damage_healed":0.0,"max_hp_gain":0.0,"max_hp_loss":0.0,"gold_gain":0.0,"event_name":"MindBloom","player_choice":"Fight","floor":37.0,"gold_loss":0.0,"damage_taken":0.0},{"damage_healed":0,"gold_gain":0,"player_choice":"0 cards matched","damage_taken":0,"max_hp_gain":0,"max_hp_loss":0,"event_name":"Match and Keep!","floor":44,"gold_loss":0,"cards_obtained":[]}],"is_beta":false,"boss_relics":[{"not_picked":["Black Star","Mark of Pain"],"picked":"Cursed Key"},{"not_picked":["Orrery","Black Blood"],"picked":"Coffee Dripper"}],"items_purged_floors":[21,39],"is_endless":false,"potions_floor_spawned":[2,5,12,16,25,29,37,42,47],"ascension_level":15}