{"gold_per_floor":[110,110,110,110,35,78,78,92,144,144,167,185,209,209,209,339,339,355,355,15,29,47,47,47,47,47,47,66,94,104,130,130,235,235,246,346,361,371,151,151,182,193,220,238,238,256,478,10,10,10],"floor_reached":51,"playtime":2679,"items_purged":["Strike_G","Strike_G","Defend_G","Parasite"],"score":872,"play_id":"8e21d4ec-9db4-4293-9940-848f18aca011","local_time":"20190113143431","is_ascension_mode":false,"campfire_choices":[{"data":"Noxious Fumes","floor":7.0,"key":"SMITH"},{"data":"Neutralize","floor":10.0,"key":"SMITH"},{"data":"Survivor","floor":15.0,"key":"SMITH"},{"data":"Defend_G","floor":23.0,"key":"SMITH"},{"data":"Defend_G","floor":25.0,"key":"SMITH"},{"data":"Defend_G","floor":32.0,"key":"SMITH"},{"floor":40.0,"key":"REST"},{"floor":45,"key":"REST"},{"floor":49,"key":"RECALL"}],"neow_cost":"TEN_PERCENT_HP_LOSS","seed_source_timestamp":0,"circlet_count":0,"master_deck":["Defend_G+1","Defend_G+1","Defend_G+1","Survivor+1","Neutralize+1","Noxious Fumes+1"],"special_seed":0,"relics":["Ring of the Snake","Strawberry","Bloody Idol","Letter Opener","Orichalcum","The Courier","Empty Cage","Membership Card","Thread and Needle","Regal Pillow","Red Mask","Dead Branch","Runic Pyramid","FossilizedHelix","Boot","Blood Vial","Oddly Smooth Stone","Paper Crane","Art of War","Happy Flower","Omamori","Bag of Preparation"],"potions_floor_usage":[41,41,41],"damage_taken":[{"damage":1.0,"enemies":"Jaw Worm","floor":1.0,"turns":6.0},{"damage":5.0,"enemies":"Lagavulin","floor":6.0,"turns":8.0},{"damage":0.0,"enemies":"Cultist","floor":8.0,"turns":4.0},{"damage":0.0,"enemies":"2 Louse","floor":11.0,"turns":3.0},{"damage":1.0,"enemies":"2 Fungi Beasts","floor":12.0,"turns":4.0},{"damage":0.0,"enemies":"Lots of Slimes","floor":13.0,"turns":3.0},{"damage":33.0,"enemies":"Hexaghost","floor":16.0,"turns":11.0},{"damage":15.0,"enemies":"3 Byrds","floor":18.0,"turns":6.0},{"damage":0.0,"enemies":"Shell Parasite","floor":21.0,"turns":9.0},{"damage":0.0,"enemies":"Snake Plant","floor":22.0,"turns":7.0},{"damage":0.0,"enemies":"Snecko","floor":28.0,"turns":9.0},{"damage":0.0,"enemies":"Masked Bandits","floor":29.0,"turns":6.0},{"damage":8.0,"enemies":"3 Cultists","floor":30.0,"turns":6.0},{"damage":26.0,"enemies":"Slavers","floor":31.0,"turns":6.0},{"damage":1.0,"enemies":"Champ","floor":33.0,"turns":26.0},{"damage":16.0,"enemies":"Orb Walker","floor":35.0,"turns":8.0},{"damage":0.0,"enemies":"3 Darklings","floor":37.0,"turns":6.0},{"damage":29.0,"enemies":"4 Shapes","floor":38.0,"turns":5.0},{"damage":68,"enemies":"Giant Head","floor":41,"turns":14},{"damage":8,"enemies":"Transient","floor":42,"turns":5},{"damage":0,"enemies":"Writhing Mass","floor":44,"turns":12},{"damage":0,"enemies":"3 Darklings","floor":46,"turns":6},{"damage":12,"enemies":"Donu and Deca","floor":50,"turns":13}],"seed_played":"-8776181079627122396","potions_obtained":[{"floor":1.0,"key":"Poison Potion"},{"floor":6.0,"key":"Poison Potion"},{"floor":12.0,"key":"Energy Potion"},{"floor":18.0,"key":"Block Potion"},{"floor":29.0,"key":"LiquidBronze"},{"floor":30.0,"key":"Regen Potion"},{"floor":33.0,"key":"Strength Potion"},{"floor":38.0,"key":"SteroidPotion"},{"floor":41,"key":"FairyPotion"},{"floor":42,"key":"Swift Potion"}],"is_trial":false,"path_per_floor":["M","?","?","?","$","E","R","M","T","R","M","M","M","T","R","B",null,"M","?","$","M","M","R","$","R","T","?","M","?","M","E","R","B",null,"M","?","M","M","$","R","E","M","T","M","R","M","?","$","R","B",null],"character_chosen":"THE_SILENT","items_purchased":["Membership Card","Thread and Needle","FossilizedHelix","Poison Potion","Poison Potion","Oddly Smooth Stone","Paper Crane","Art of War","Happy Flower","Omamori","Bag of Preparation"],"campfire_rested":2,"item_purchase_floors":[20,20,39,39,39,48,48,48,48,48,48],"current_hp_per_floor":[62,66,49,49,49,44,44,44,44,44,44,43,43,43,43,10,70,55,55,55,60,65,65,65,65,65,65,70,70,67,46,46,65,70,59,64,69,45,45,70,7,12,17,24,60,67,70,67,67,55],"gold":10,"neow_bonus":"REMOVE_TWO","is_prod":false,"is_daily":false,"chose_seed":false,"campfire_upgraded":6,"win_rate":0,"timestamp":1547386471,"path_taken":["M","?","?","?","$","E","R","M","T","R","?","M","M","?","R","BOSS","M","?","$","M","M","R","$","R","T","?","?","?","M","E","R","BOSS","M","?","?","M","$","R","E","M","T","M","R","M","?","$","R","BOSS"],"build_version":"2019-01-10","purchased_purges":4,"victory":true,"max_hp_per_floor":[63,70,70,70,70,70,70,70,70,70,70,70,70,70,70,70,70,70,70,70,70,70,70,70,70,70,70,70,70,70,70,70,70,70,70,70,70,70,70,70,70,70,70,70,70,70,70,67,67,67],"card_choices":[{"not_picked":["Reflex","Eviscerate"],"picked":"Noxious Fumes","floor":1.0},{"not_picked":["Flechettes","Setup","Concentrate"],"picked":"SKIP","floor":6.0},{"not_picked":["Sucker Punch","Deadly Poison","Poisoned Stab"],"picked":"SKIP","floor":8.0},{"not_picked":["Cloak And Dagger","Deadly Poison","After Image"],"picked":"SKIP","floor":11.0},{"not_picked":["PiercingWail","Eviscerate","Cloak And Dagger"],"picked":"SKIP","floor":12.0},{"not_picked":["Calculated Gamble","Acrobatics","Dodge and Roll"],"picked":"SKIP","floor":13.0},{"not_picked":["Flying Knee","Deflect","Quick Slash"],"picked":"SKIP","floor":18.0},{"not_picked":["PiercingWail","Bane","Underhanded Strike+1"],"picked":"SKIP","floor":21.0},{"not_picked":["Well Laid Plans","Bouncing Flask+1","Concentrate"],"picked":"SKIP","floor":22.0},{"not_picked":["Noxious Fumes","Masterful Stab","Terror"],"picked":"SKIP","floor":28.0},{"not_picked":["Deflect","Grand Finale","Expertise"],"picked":"SKIP","floor":30.0},{"not_picked":["Catalyst","Noxious Fumes","Quick Slash"],"picked":"SKIP","floor":31.0},{"not_picked":["Backflip+1","Slice+1","Dagger Spray"],"picked":"SKIP","floor":35.0},{"not_picked":["Crippling Poison+1","Prepared+1","Bullet Time"],"picked":"SKIP","floor":37.0},{"not_picked":["Slice+1","Backstab","Flying Knee"],"picked":"SKIP","floor":38.0},{"not_picked":["Backstab","Acrobatics+1","Infinite Blades"],"picked":"SKIP","floor":41},{"not_picked":["Predator","All Out Attack+1","Backflip+1"],"picked":"SKIP","floor":42},{"not_picked":["Dash+1","Sucker Punch","Cloak And Dagger"],"picked":"SKIP","floor":44},{"not_picked":["Reflex","Backflip","Cloak And Dagger+1"],"picked":"SKIP","floor":46}],"player_experience":447067,"relics_obtained":[{"floor":6.0,"key":"Letter Opener"},{"floor":9.0,"key":"Orichalcum"},{"floor":14.0,"key":"The Courier"},{"floor":26.0,"key":"Regal Pillow"},{"floor":29.0,"key":"Red Mask"},{"floor":31.0,"key":"Dead Branch"},{"floor":41,"key":"Boot"},{"floor":43,"key":"Blood Vial"}],"event_choices":[{"damage_healed":0.0,"max_hp_gain":0.0,"max_hp_loss":0.0,"gold_gain":0.0,"event_name":"Scrap Ooze","player_choice":"Success","floor":2.0,"gold_loss":0.0,"damage_taken":3.0,"relics_obtained":["Strawberry"]},{"damage_healed":0.0,"max_hp_gain":0.0,"max_hp_loss":0.0,"gold_gain":0.0,"event_name":"Golden Idol","player_choice":"Take Damage","floor":3.0,"gold_loss":0.0,"damage_taken":17.0,"relics_obtained":["Golden Idol"]},{"damage_healed":0.0,"max_hp_gain":0.0,"max_hp_loss":0.0,"gold_gain":0.0,"event_name":"Match and Keep!","player_choice":"0 cards matched","floor":4.0,"gold_loss":0.0,"damage_taken":0.0,"cards_obtained":[]},{"damage_healed":0.0,"max_hp_gain":0.0,"max_hp_loss":0.0,"gold_gain":0.0,"event_name":"Forgotten Altar","player_choice":"Gave Idol","floor":19.0,"relics_lost":["Golden Idol"],"gold_loss":0.0,"damage_taken":0.0,"relics_obtained":["Bloody Idol"]},{"damage_healed":0.0,"max_hp_gain":0.0,"max_hp_loss":0.0,"gold_gain":0.0,"event_name":"Duplicator","player_choice":"Ignored","floor":27.0,"gold_loss":0.0,"damage_taken":0.0},{"damage_healed":0.0,"max_hp_gain":0.0,"max_hp_loss":0.0,"gold_gain":0.0,"event_name":"Masked Bandits","player_choice":"Fought Bandits","floor":29.0,"gold_loss":0.0,"damage_taken":0.0},{"damage_healed":0.0,"max_hp_gain":0.0,"max_hp_loss":0.0,"gold_gain":100.0,"event_name":"Golden Shrine","player_choice":"Pray","floor":36.0,"gold_loss":0.0,"damage_taken":0.0},{"damage_healed":0,"gold_gain":222,"player_choice":"Wore Mask","damage_taken":0,"max_hp_gain":0,"max_hp_loss":0,"event_name":"Tomb of Lord Red Mask","floor":47,"gold_loss":0}],"is_beta":false,"boss_relics":[{"not_picked":["Cursed Key","WristBlade"],"picked":"Empty Cage"},{"not_picked":["Eternal Feather","Calling Bell"],"picked":"Runic Pyramid"}],"items_purged_floors":[5,20,39,48],"is_endless":false,"potions_floor_spawned":[1,6,12,18,29,30,33,38,41,42],"ascension_level":0}