{"gold_per_floor":[114,124,142,209,128,155,155,183,208,242,242,269,294,320,320,399,399,416,426,176,187,187,218,235,265,339,371,641,674,685,714,714,792,792,803,903,657,674,686,719,719,754,754,783,808,819,819,833,833,833,833,833,833,353,378,378],"floor_reached":57,"playtime":2921,"items_purged":["Anger+1"],"score":4062,"play_id":"c24d1084-b723-4092-bd2b-05c4507012a6","local_time":"20190121140356","daily_mods":["SealedDeck","DeadlyEvents","Elite Swarm"],"is_ascension_mode":true,"campfire_choices":[{"data":"Corruption","floor":15,"key":"SMITH"},{"data":"Feel No Pain","floor":32,"key":"SMITH"},{"data":"Demon Form","floor":41,"key":"SMITH"},{"floor":47,"key":"RECALL"},{"floor":49,"key":"REST"},{"data":"Armaments","floor":53,"key":"SMITH"}],"neow_cost":"","seed_source_timestamp":0,"circlet_count":0,"master_deck":["AscendersBane","Havoc","Armaments+1","Battle Trance","Flame Barrier","Shrug It Off","Body Slam","Clothesline","Spot Weakness","Corruption+1","Pommel Strike+1","Feel No Pain+1","Spot Weakness","Impervious","Limit Break","Exhume","Immolate+1","Impervious","Offering","Body Slam+1","Flame Barrier","Fiend Fire+1","Demon Form+1","Impervious+1","Exhume+1","Bludgeon+1","Barricade","Heavy Blade+1","Disarm+1","Exhume+1","Juggernaut+1","Exhume+1","Entrench+1","Disarm+1","Mayhem+1","Barricade+1"],"special_seed":0,"relics":["Burning Blood","Orichalcum","Whetstone","Centennial Puzzle","Molten Egg 2","Boot","Odd Mushroom","Gremlin Horn","Snecko Eye","Membership Card","Pear","Toxic Egg 2","Bottled Tornado","Dream Catcher","Regal Pillow","Mark of Pain","Prayer Wheel","Incense Burner","Lantern","Bag of Preparation","Frozen Egg 2","Pen Nib","Turnip","Smiling Mask","Bag of Marbles","TheAbacus","Mercury Hourglass","Champion Belt"],"potions_floor_usage":[12,56,56,56],"damage_taken":[{"damage":0.0,"enemies":"Cultist","floor":1.0,"turns":2.0},{"damage":11.0,"enemies":"2 Louse","floor":2.0,"turns":3.0},{"damage":0.0,"enemies":"Small Slimes","floor":3.0,"turns":2.0},{"damage":16.0,"enemies":"3 Sentries","floor":6.0,"turns":7.0},{"damage":0.0,"enemies":"Gremlin Nob","floor":8.0,"turns":3.0},{"damage":0,"enemies":"Lagavulin","floor":10,"turns":6},{"damage":7,"enemies":"Gremlin Nob","floor":12,"turns":4},{"damage":0,"enemies":"The Mushroom Lair","floor":13,"turns":3},{"damage":0,"enemies":"Lagavulin","floor":14,"turns":6},{"damage":26,"enemies":"Slime Boss","floor":16,"turns":11},{"damage":6,"enemies":"Chosen","floor":18,"turns":3},{"damage":6,"enemies":"Spheric Guardian","floor":19,"turns":3},{"damage":6,"enemies":"Snecko","floor":21,"turns":1},{"damage":0,"enemies":"Book of Stabbing","floor":23,"turns":2},{"damage":6,"enemies":"Centurion and Healer","floor":24,"turns":3},{"damage":6,"enemies":"Gremlin Leader","floor":25,"turns":3},{"damage":6,"enemies":"Slavers","floor":27,"turns":1},{"damage":0,"enemies":"Gremlin Leader","floor":29,"turns":2},{"damage":0,"enemies":"Snake Plant","floor":30,"turns":1},{"damage":6,"enemies":"Slavers","floor":31,"turns":2},{"damage":6,"enemies":"Automaton","floor":33,"turns":4},{"damage":6,"enemies":"Orb Walker","floor":35,"turns":2},{"damage":6,"enemies":"Mind Bloom Boss Battle","floor":36,"turns":4},{"damage":6,"enemies":"3 Darklings","floor":38,"turns":3},{"damage":13,"enemies":"Spire Growth","floor":39,"turns":3},{"damage":0,"enemies":"Reptomancer","floor":40,"turns":4},{"damage":6,"enemies":"Giant Head","floor":42,"turns":3},{"damage":37,"enemies":"Nemesis","floor":44,"turns":3},{"damage":6,"enemies":"Giant Head","floor":45,"turns":4},{"damage":6,"enemies":"Jaw Worm Horde","floor":46,"turns":2},{"damage":0,"enemies":"3 Darklings","floor":48,"turns":3},{"damage":0,"enemies":"Donu and Deca","floor":50,"turns":4},{"damage":6,"enemies":"Awakened One","floor":51,"turns":7},{"damage":40,"enemies":"Shield and Spear","floor":55,"turns":6},{"damage":6,"enemies":"The Heart","floor":56,"turns":7}],"seed_played":"6408274570599421509","potions_obtained":[{"floor":2.0,"key":"SkillPotion"},{"floor":3.0,"key":"SpeedPotion"},{"floor":12,"key":"GamblersBrew"},{"floor":23,"key":"EntropicBrew"},{"floor":45,"key":"PowerPotion"}],"is_trial":true,"path_per_floor":["M","M","M","?","$","E","?","E","T","E","$","E","?","E","R","B",null,"M","M","$","M","?","E","M","E","T","E","?","E","M","E","R","B",null,"M","?","$","M","M","E","R","E","T","E","E","M","R","M","R","B","B",null,"R","$","E","B",null],"character_chosen":"IRONCLAD","items_purchased":["Spot Weakness","Membership Card","Incense Burner","Lantern","Disarm+1","Bag of Marbles","TheAbacus","Mercury Hourglass","Mayhem+1"],"campfire_rested":1,"item_purchase_floors":[5,20,37,37,54,54,54,54,54],"current_hp_per_floor":[74,69,75,75,75,65,65,71,71,75,75,74,75,75,75,55,70,70,70,70,70,49,65,65,65,65,65,29,35,41,41,41,41,78,78,78,78,78,71,77,77,77,77,46,46,46,46,52,90,90,90,90,90,90,56,56],"gold":378,"neow_bonus":"","is_prod":false,"is_daily":false,"chose_seed":false,"campfire_upgraded":4,"win_rate":0,"timestamp":1548108236,"path_taken":["M","M","M","?","$","E","?","E","T","E","$","E","?","E","R","BOSS","M","M","$","M","?","E","M","E","T","E","?","E","M","E","R","BOSS","M","?","?","M","?","E","R","E","T","E","?","M","R","M","R","BOSS","BOSS","R","$","E","BOSS"],"build_version":"2019-01-17v2","purchased_purges":1,"victory":true,"max_hp_per_floor":[75,75,75,75,75,75,75,75,75,75,75,75,75,75,75,75,75,75,75,75,75,80,90,90,90,90,90,90,90,90,90,90,90,90,90,90,90,90,90,90,90,90,90,90,90,90,90,90,90,90,90,90,90,90,90,90],"card_choices":[{"not_picked":["Warcry","Body Slam","Perfected Strike"],"picked":"SKIP","floor":1.0},{"not_picked":["Entrench","Whirlwind"],"picked":"Pommel Strike","floor":2.0},{"not_picked":["Dual Wield","Headbutt"],"picked":"Feel No Pain","floor":3.0},{"not_picked":["Barricade","Exhume"],"picked":"Impervious","floor":6.0},{"not_picked":["Bludgeon","Immolate"],"picked":"Limit Break","floor":8},{"not_picked":["Berserk","Fiend Fire"],"picked":"Exhume","floor":10},{"not_picked":["Feed+1","Demon Form"],"picked":"Immolate+1","floor":12},{"not_picked":["Berserk","Juggernaut"],"picked":"Impervious","floor":14},{"not_picked":["Immolate+1","Limit Break"],"picked":"Offering","floor":16},{"not_picked":["Headbutt+1","Anger+1"],"picked":"Body Slam+1","floor":18},{"not_picked":["Ghostly Armor","Combust","Anger+1"],"picked":"SKIP","floor":19},{"not_picked":["Searing Blow+1","Shrug It Off+1"],"picked":"Flame Barrier","floor":21},{"not_picked":["Double Tap","Brutality"],"picked":"Fiend Fire+1","floor":23},{"not_picked":["Perfected Strike+1","Inflame","Body Slam+1"],"picked":"SKIP","floor":24},{"not_picked":["Immolate+1","Exhume"],"picked":"Demon Form","floor":25},{"not_picked":["Double Tap+1","Offering+1"],"picked":"Impervious+1","floor":27},{"not_picked":["Offering+1","Immolate+1"],"picked":"Exhume+1","floor":29},{"not_picked":["Flex+1","Body Slam+1","Bloodletting+1"],"picked":"SKIP","floor":30},{"not_picked":["Offering+1","Demon Form"],"picked":"Bludgeon+1","floor":31},{"not_picked":["Double Tap+1","Exhume+1"],"picked":"Barricade","floor":33},{"not_picked":["Armaments+1","Rupture+1"],"picked":"Heavy Blade+1","floor":35},{"not_picked":["Perfected Strike+1","Pummel+1"],"picked":"Disarm+1","floor":36},{"not_picked":["Flex+1","Clash+1","Havoc+1"],"picked":"SKIP","floor":38},{"not_picked":["Demon Form","Armaments+1","Combust"],"picked":"SKIP","floor":38},{"not_picked":["Flex+1","Fire Breathing","Thunderclap+1"],"picked":"SKIP","floor":39},{"not_picked":["Anger+1","Body Slam+1","Warcry+1"],"picked":"SKIP","floor":39},{"not_picked":["Fiend Fire+1","Immolate+1"],"picked":"Exhume+1","floor":40},{"not_picked":["Offering+1","Brutality"],"picked":"Juggernaut","floor":42},{"not_picked":["Juggernaut+1","Fiend Fire+1"],"picked":"Exhume+1","floor":44},{"not_picked":["Immolate+1","Fiend Fire+1","Bludgeon+1"],"picked":"SKIP","floor":45},{"not_picked":["Twin Strike+1","Heavy Blade+1"],"picked":"Entrench+1","floor":46},{"not_picked":["Warcry+1","Cleave+1","Clothesline+1"],"picked":"SKIP","floor":46},{"not_picked":["Warcry+1","Sever Soul+1","Seeing Red+1"],"picked":"SKIP","floor":48},{"not_picked":["Corruption+1","Bloodletting+1","Body Slam+1"],"picked":"SKIP","floor":48},{"not_picked":["Immolate+1","Offering+1"],"picked":"Barricade+1","floor":55}],"player_experience":2029027,"relics_obtained":[{"floor":6.0,"key":"Orichalcum"},{"floor":8,"key":"Whetstone"},{"floor":9,"key":"Centennial Puzzle"},{"floor":10,"key":"Molten Egg 2"},{"floor":12,"key":"Boot"},{"floor":13,"key":"Odd Mushroom"},{"floor":14,"key":"Gremlin Horn"},{"floor":23,"key":"Pear"},{"floor":25,"key":"Toxic Egg 2"},{"floor":27,"key":"Bottled Tornado"},{"floor":29,"key":"Dream Catcher"},{"floor":31,"key":"Regal Pillow"},{"floor":36,"key":"Prayer Wheel"},{"floor":40,"key":"Bag of Preparation"},{"floor":42,"key":"Frozen Egg 2"},{"floor":43,"key":"Pen Nib"},{"floor":44,"key":"Turnip"},{"floor":45,"key":"Smiling Mask"},{"floor":55,"key":"Champion Belt"}],"event_choices":[{"damage_healed":0.0,"max_hp_gain":0.0,"max_hp_loss":0.0,"gold_gain":67.0,"event_name":"Golden Wing","player_choice":"Gained Gold","floor":4.0,"gold_loss":0.0,"damage_taken":0.0},{"damage_healed":0.0,"max_hp_gain":0.0,"max_hp_loss":0.0,"gold_gain":0.0,"event_name":"Liars Game","player_choice":"Ignored","floor":7.0,"gold_loss":0.0,"damage_taken":0.0},{"damage_healed":0,"gold_gain":0,"player_choice":"Fought Mushrooms","damage_taken":0,"max_hp_gain":0,"max_hp_loss":0,"event_name":"Mushrooms","floor":13,"gold_loss":0},{"damage_healed":0,"gold_gain":0,"player_choice":"Shed Blood","damage_taken":26,"max_hp_gain":5,"max_hp_loss":0,"event_name":"Forgotten Altar","floor":22,"gold_loss":0},{"damage_healed":0,"gold_gain":270,"player_choice":"GOLD GOLD GOLD ","damage_taken":36,"max_hp_gain":0,"max_hp_loss":0,"event_name":"Knowing Skull","floor":28,"potions_obtained":[],"gold_loss":0,"cards_obtained":[]},{"damage_healed":0,"gold_gain":0,"player_choice":"Fight","damage_taken":0,"max_hp_gain":0,"max_hp_loss":0,"event_name":"MindBloom","floor":36,"gold_loss":0}],"is_beta":false,"boss_relics":[{"not_picked":["Fusion Hammer","Runic Cube"],"picked":"Snecko Eye"},{"not_picked":["Runic Pyramid","Eternal Feather"],"picked":"Mark of Pain"}],"items_purged_floors":[20],"is_endless":false,"potions_floor_spawned":[2,3,6,12,14,21,23,24,29,31,35,42,44,45,46],"ascension_level":20}