{"gold_per_floor":[213,213,236,260,260,260,260,260,314,330,343,359,359],"floor_reached":13,"playtime":424,"items_purged":[],"score":131,"play_id":"a3518518-0664-491c-888c-10d96126a362","local_time":"20190505183452","is_ascension_mode":true,"campfire_choices":[{"data":"Bash","floor":6,"key":"SMITH"},{"floor":8,"key":"REST"}],"neow_cost":"NONE","seed_source_timestamp":742743867433500,"circlet_count":0,"master_deck":["AscendersBane","Strike_R","Strike_R","Strike_R","Strike_R","Strike_R","Defend_R","Defend_R","Defend_R","Defend_R","Bash+1","Burning Pact","Feel No Pain","Double Tap","Metallicize"],"relics":["Burning Blood","Golden Idol","Paper Frog","Juzu Bracelet"],"potions_floor_usage":[13],"damage_taken":[{"damage":8,"enemies":"Jaw Worm","floor":1,"turns":5},{"damage":0,"enemies":"Small Slimes","floor":3,"turns":3},{"damage":11,"enemies":"Cultist","floor":4,"turns":4},{"damage":26,"enemies":"2 Fungi Beasts","floor":10,"turns":5},{"damage":30,"enemies":"Exordium Thugs","floor":11,"turns":7},{"damage":0,"enemies":"Blue Slaver","floor":12,"turns":7},{"damage":33,"enemies":"3 Sentries","floor":13,"turns":9}],"seed_played":"-2370790206639155249","potions_obtained":[{"floor":1,"key":"EssenceOfSteel"},{"floor":11,"key":"Ancient Potion"}],"is_trial":false,"path_per_floor":["M","?","M","M","$","R","T","R","T","M","M","M","E"],"character_chosen":"IRONCLAD","items_purchased":[],"campfire_rested":1,"item_purchase_floors":[],"current_hp_per_floor":[66,48,54,49,49,49,49,71,71,51,27,33,0],"gold":359,"neow_bonus":"HUNDRED_GOLD","is_prod":false,"is_daily":false,"chose_seed":false,"campfire_upgraded":1,"win_rate":0,"timestamp":1557052492,"path_taken":["M","?","M","M","$","R","?","R","T","M","M","M","E"],"build_version":"2019-01-23","purchased_purges":0,"victory":false,"max_hp_per_floor":[75,75,75,75,75,75,75,75,75,75,75,75,75],"card_choices":[{"not_picked":["Rupture","Wild Strike","Pommel Strike"],"picked":"SKIP","floor":1},{"not_picked":["Flex","Wild Strike"],"picked":"Burning Pact","floor":3},{"not_picked":["Second Wind","Thunderclap"],"picked":"Feel No Pain","floor":4},{"not_picked":["Feel No Pain","Iron Wave"],"picked":"Double Tap","floor":10},{"not_picked":["Flex","Inflame"],"picked":"Metallicize","floor":11},{"not_picked":["Iron Wave","Sword Boomerang","Anger"],"picked":"SKIP","floor":12}],"player_experience":481306,"relics_obtained":[{"floor":7,"key":"Paper Frog"},{"floor":9,"key":"Juzu Bracelet"}],"event_choices":[{"damage_healed":0,"gold_gain":0,"player_choice":"Take Damage","damage_taken":18,"relics_obtained":["Golden Idol"],"max_hp_gain":0,"max_hp_loss":0,"event_name":"Golden Idol","floor":2,"gold_loss":0}],"is_beta":false,"boss_relics":[],"items_purged_floors":[],"is_endless":false,"potions_floor_spawned":[1,11],"killed_by":"3 Sentries","ascension_level":14}