{"gold_per_floor":[115,165,177,188,136,136,170,186,210,210,38,38,38,52,52,130,130,145,145,158,176,194,227,227,227,227,227,256,267,47,47,47,124,124,140,140,140,155,174,174,184,184,184,184,200,300,300,317,317,317,317],"floor_reached":52,"playtime":2162,"items_purged":[],"score":1784,"play_id":"4e1069c7-f363-452f-a741-683eec55d302","local_time":"20181207210512","daily_mods":["SealedDeck"],"is_ascension_mode":true,"campfire_choices":[{"data":"Searing Blow","floor":6.0,"key":"SMITH"},{"data":"Searing Blow+1","floor":10.0,"key":"SMITH"},{"data":"Searing Blow+2","floor":15.0,"key":"SMITH"},{"data":"Searing Blow+4","floor":24.0,"key":"SMITH"},{"data":"Searing Blow+5","floor":27.0,"key":"SMITH"},{"data":"Searing Blow+6","floor":32.0,"key":"SMITH"},{"data":"Madness","floor":40.0,"key":"SMITH"},{"data":"Searing Blow+7","floor":42.0,"key":"SMITH"},{"data":"Madness","floor":44.0,"key":"SMITH"},{"data":"Dual Wield","floor":47.0,"key":"SMITH"},{"floor":49.0,"key":"REST"}],"neow_cost":"","seed_source_timestamp":0,"circlet_count":0,"master_deck":["AscendersBane","Thunderclap","Headbutt","Bloodletting+1","Ghostly Armor","Shrug It Off+1","Corruption","Battle Trance","Searing Blow+8","Armaments","Fiend Fire","Impervious","Disarm","Dual Wield+1","Impervious","Madness+1","Madness+1"],"special_seed":0,"relics":["Burning Blood","Centennial Puzzle","Lantern","War Paint","Busted Crown","Orichalcum","Sundial","Oddly Smooth Stone","Empty Cage","Du-Vu Doll","FossilizedHelix"],"potions_floor_usage":[50],"damage_taken":[{"damage":6.0,"enemies":"Jaw Worm","floor":1.0,"turns":5.0},{"damage":0.0,"enemies":"Cultist","floor":3.0,"turns":3.0},{"damage":11.0,"enemies":"Small Slimes","floor":4.0,"turns":4.0},{"damage":14.0,"enemies":"3 Sentries","floor":7.0,"turns":10.0},{"damage":6.0,"enemies":"Gremlin Gang","floor":8.0,"turns":3.0},{"damage":3.0,"enemies":"Blue Slaver","floor":14.0,"turns":2.0},{"damage":14.0,"enemies":"Hexaghost","floor":16.0,"turns":6.0},{"damage":16.0,"enemies":"3 Byrds","floor":18.0,"turns":4.0},{"damage":3.0,"enemies":"Spheric Guardian","floor":20.0,"turns":1.0},{"damage":5.0,"enemies":"Centurion and Healer","floor":21.0,"turns":3.0},{"damage":3.0,"enemies":"Snake Plant","floor":22.0,"turns":3.0},{"damage":6.0,"enemies":"Book of Stabbing","floor":23.0,"turns":3.0},{"damage":9.0,"enemies":"Slavers","floor":28.0,"turns":2.0},{"damage":3.0,"enemies":"Cultist and Chosen","floor":29.0,"turns":3.0},{"damage":28.0,"enemies":"Automaton","floor":33.0,"turns":6.0},{"damage":0.0,"enemies":"Orb Walker","floor":35.0,"turns":1.0},{"damage":0.0,"enemies":"3 Darklings","floor":38.0,"turns":4.0},{"damage":0.0,"enemies":"Maw","floor":39.0,"turns":6.0},{"damage":47.0,"enemies":"Spire Growth","floor":41.0,"turns":5.0},{"damage":0.0,"enemies":"Writhing Mass","floor":45.0,"turns":3.0},{"damage":0.0,"enemies":"Mind Bloom Boss Battle","floor":46.0,"turns":6.0},{"damage":0.0,"enemies":"Maw","floor":48.0,"turns":5.0},{"damage":33,"enemies":"Time Eater","floor":50,"turns":5},{"damage":13,"enemies":"Awakened One","floor":51,"turns":5}],"seed_played":"1155725559036108332","potions_obtained":[{"floor":1.0,"key":"Swift Potion"},{"floor":3.0,"key":"Swift Potion"},{"floor":16.0,"key":"Explosive Potion"},{"floor":23.0,"key":"Energy Potion"},{"floor":35.0,"key":"SteroidPotion"},{"floor":38.0,"key":"Regen Potion"},{"floor":45.0,"key":"SteroidPotion"},{"floor":46.0,"key":"Strength Potion"}],"is_trial":true,"path_per_floor":["M","?","M","M","$","R","E","M","T","R","$","?","$","M","R","B",null,"M","?","M","M","M","E","R","?","T","R","E","M","$","?","R","B",null,"M","?","?","M","M","R","M","R","T","R","M","?","R","M","R","B","B",null],"character_chosen":"IRONCLAD","items_purchased":["Armaments","War Paint","Impervious","Disarm"],"campfire_rested":1,"item_purchase_floors":[5,11,30,30],"current_hp_per_floor":[68,68,74,69,69,69,61,61,61,61,61,61,61,64,64,56,70,60,60,63,64,67,67,67,67,67,67,64,67,67,67,67,45,68,74,60,60,66,72,72,31,31,31,31,46,52,52,58,75,48,41],"gold":317,"neow_bonus":"","is_prod":false,"is_daily":false,"chose_seed":false,"campfire_upgraded":10,"win_rate":0,"timestamp":1544245512,"path_taken":["M","?","?","M","$","R","E","M","T","R","$","?","?","M","R","BOSS","M","?","M","?","M","E","R","?","T","R","E","M","$","?","R","BOSS","M","?","?","M","M","R","M","R","T","R","M","?","R","M","R","BOSS","BOSS"],"build_version":"2018-12-06","purchased_purges":0,"victory":true,"max_hp_per_floor":[75,75,75,75,75,75,75,75,75,75,75,75,75,75,75,75,75,75,75,75,75,75,75,75,75,75,75,75,75,75,75,75,75,75,75,75,75,75,75,75,75,75,75,75,75,75,75,75,75,75,75],"card_choices":[{"not_picked":["Ghostly Armor","Shrug It Off","Headbutt"],"picked":"SKIP","floor":1.0},{"not_picked":["Flame Barrier","Rupture","Havoc"],"picked":"SKIP","floor":3.0},{"not_picked":["Second Wind","Flame Barrier","Iron Wave"],"picked":"SKIP","floor":4.0},{"not_picked":["Rage","Whirlwind","Second Wind"],"picked":"SKIP","floor":7.0},{"not_picked":["Heavy Blade","Body Slam","Headbutt"],"picked":"SKIP","floor":8.0},{"not_picked":["Sword Boomerang","Whirlwind","Flame Barrier"],"picked":"SKIP","floor":14.0},{"not_picked":["Immolate","Reaper"],"picked":"Fiend Fire","floor":16.0},{"not_picked":["Body Slam+1"],"picked":"SKIP","floor":18.0},{"not_picked":["Perfected Strike"],"picked":"SKIP","floor":20.0},{"not_picked":["Sword Boomerang"],"picked":"SKIP","floor":21.0},{"not_picked":["Evolve"],"picked":"SKIP","floor":22.0},{"not_picked":["Sentinel"],"picked":"SKIP","floor":23.0},{"not_picked":["Body Slam"],"picked":"SKIP","floor":28.0},{"not_picked":["Pommel Strike"],"picked":"SKIP","floor":29.0},{"not_picked":[],"picked":"Impervious","floor":33.0},{"not_picked":["Havoc"],"picked":"SKIP","floor":35.0},{"not_picked":["Fire Breathing"],"picked":"SKIP","floor":38.0},{"not_picked":["Fire Breathing"],"picked":"SKIP","floor":38.0},{"not_picked":["Twin Strike+1"],"picked":"SKIP","floor":39.0},{"not_picked":["Thunderclap+1"],"picked":"SKIP","floor":41.0},{"not_picked":["Intimidate"],"picked":"SKIP","floor":45.0},{"not_picked":["Clothesline+1"],"picked":"SKIP","floor":48.0}],"player_experience":1757524,"relics_obtained":[{"floor":7.0,"key":"Centennial Puzzle"},{"floor":9.0,"key":"Lantern"},{"floor":23.0,"key":"Orichalcum"},{"floor":26.0,"key":"Sundial"},{"floor":28.0,"key":"Oddly Smooth Stone"},{"floor":43.0,"key":"Du-Vu Doll"},{"floor":46.0,"key":"FossilizedHelix"}],"event_choices":[{"damage_healed":0.0,"max_hp_gain":0.0,"max_hp_loss":0.0,"gold_gain":50.0,"event_name":"Golden Shrine","player_choice":"Pray","floor":2.0,"gold_loss":0.0,"damage_taken":0.0},{"damage_healed":0.0,"max_hp_gain":0.0,"max_hp_loss":0.0,"gold_gain":0.0,"event_name":"Liars Game","player_choice":"Ignored","floor":12.0,"gold_loss":0.0,"damage_taken":0.0},{"damage_healed":0.0,"max_hp_gain":0.0,"max_hp_loss":0.0,"gold_gain":0.0,"event_name":"Upgrade Shrine","player_choice":"Upgraded","floor":19.0,"gold_loss":0.0,"damage_taken":0.0,"cards_upgraded":["Searing Blow"]},{"damage_healed":0.0,"max_hp_gain":0.0,"max_hp_loss":0.0,"gold_gain":0.0,"event_name":"Back to Basics","player_choice":"Simplicity","floor":25.0,"gold_loss":0.0,"damage_taken":0.0,"cards_upgraded":[]},{"damage_healed":0.0,"max_hp_gain":0.0,"max_hp_loss":0.0,"gold_gain":0.0,"event_name":"The Library","player_choice":"Read","floor":31.0,"gold_loss":0.0,"damage_taken":0.0,"cards_obtained":["Dual Wield"]},{"damage_healed":0.0,"max_hp_gain":0.0,"max_hp_loss":0.0,"gold_gain":0.0,"event_name":"Winding Halls","player_choice":"Embrace Madness","floor":36.0,"gold_loss":0.0,"damage_taken":14.0,"cards_obtained":["Madness","Madness"]},{"damage_healed":0.0,"max_hp_gain":0.0,"max_hp_loss":0.0,"gold_gain":0.0,"event_name":"Mysterious Sphere","player_choice":"Ignored","floor":37.0,"gold_loss":0.0,"damage_taken":0.0},{"damage_healed":0.0,"max_hp_gain":0.0,"max_hp_loss":0.0,"gold_gain":0.0,"event_name":"MindBloom","player_choice":"Fight","floor":46.0,"gold_loss":0.0,"damage_taken":0.0}],"is_beta":false,"boss_relics":[{"not_picked":["Tiny House","Black Star"],"picked":"Busted Crown"},{"not_picked":["Sozu","Eternal Feather"],"picked":"Empty Cage"}],"items_purged_floors":[],"is_endless":false,"potions_floor_spawned":[1,3,16,20,21,23,28,35,38,39,45,46],"ascension_level":20}