{"gold_per_floor":[115,390,409,429,429,429,36,36,36,36,80,99,99,113,113,208,208,226,246,246,165,165,165,186,230,230,230,45,65,109,109,109,205,205,219,219,0,0,23,61,61,79,130,144,144,182,182,195,195,195],"floor_reached":50,"playtime":2492,"items_purged":["Regret","Writhe"],"score":1095,"play_id":"f93cbe99-78d4-45c6-aaf9-2b2e5f038576","local_time":"20190306022641","is_ascension_mode":true,"campfire_choices":[{"data":"Neutralize","floor":6.0,"key":"SMITH"},{"data":"Dagger Spray","floor":8.0,"key":"SMITH"},{"floor":13.0,"key":"REST"},{"data":"Footwork","floor":15.0,"key":"SMITH"},{"data":"Footwork","floor":23.0,"key":"SMITH"},{"data":"Survivor","floor":27.0,"key":"SMITH"},{"data":"Caltrops","floor":32.0,"key":"SMITH"},{"floor":41.0,"key":"REST"},{"data":"Dagger Spray","floor":45.0,"key":"SMITH"},{"floor":49,"key":"REST"}],"neow_cost":"NONE","seed_source_timestamp":368117621240253,"circlet_count":0,"master_deck":["AscendersBane","Defend_G+1","Defend_G+1","Defend_G+1","Defend_G+1","Defend_G+1","Strike_G+1","Strike_G+1","Strike_G+1","Strike_G+1","Survivor+1","Neutralize+1","Dagger Spray+1","Footwork+1","Dagger Spray+1","Dagger Spray","Cloak And Dagger","Well Laid Plans","Adrenaline","Footwork+1","Backflip","Blur+1","Caltrops+1","PiercingWail","After Image"],"special_seed":0,"relics":["Ring of the Snake","NeowsBlessing","Golden Idol","Strawberry","Bag of Marbles","Ornamental Fan","Bottled Flame","Pantograph","Cursed Key","Mango","Omamori","Blood Vial","Velvet Choker","Red Mask","Ice Cream","Potion Belt","Vajra"],"potions_floor_usage":[50],"damage_taken":[{"damage":0.0,"enemies":"Cultist","floor":1.0,"turns":1.0},{"damage":0.0,"enemies":"Small Slimes","floor":3.0,"turns":1.0},{"damage":0.0,"enemies":"Jaw Worm","floor":4.0,"turns":1.0},{"damage":39.0,"enemies":"Gremlin Nob","floor":11.0,"turns":5.0},{"damage":0.0,"enemies":"3 Louse","floor":12.0,"turns":1.0},{"damage":1.0,"enemies":"Blue Slaver","floor":14.0,"turns":5.0},{"damage":28.0,"enemies":"Hexaghost","floor":16.0,"turns":15.0},{"damage":25.0,"enemies":"Chosen","floor":18.0,"turns":5.0},{"damage":0.0,"enemies":"3 Byrds","floor":19.0,"turns":1.0},{"damage":0.0,"enemies":"3 Cultists","floor":24.0,"turns":4.0},{"damage":3.0,"enemies":"Slavers","floor":25.0,"turns":3.0},{"damage":0.0,"enemies":"Centurion and Healer","floor":29.0,"turns":6.0},{"damage":0.0,"enemies":"Gremlin Leader","floor":30.0,"turns":8.0},{"damage":10.0,"enemies":"Automaton","floor":33.0,"turns":18.0},{"damage":13.0,"enemies":"3 Shapes","floor":35.0,"turns":5.0},{"damage":15.0,"enemies":"Orb Walker","floor":39.0,"turns":5.0},{"damage":33.0,"enemies":"Reptomancer","floor":40.0,"turns":11.0},{"damage":7.0,"enemies":"Jaw Worm Horde","floor":42.0,"turns":6.0},{"damage":0.0,"enemies":"4 Shapes","floor":44.0,"turns":3.0},{"damage":77,"enemies":"Giant Head","floor":46,"turns":15},{"damage":0,"enemies":"Sphere and 2 Shapes","floor":48,"turns":4},{"damage":78,"enemies":"Donu and Deca","floor":50,"turns":14}],"seed_played":"-6719109409017186937","potions_obtained":[{"floor":4.0,"key":"LiquidBronze"},{"floor":11.0,"key":"Explosive Potion"},{"floor":16.0,"key":"AttackPotion"},{"floor":24.0,"key":"FairyPotion"},{"floor":30.0,"key":"Strength Potion"},{"floor":39.0,"key":"EssenceOfSteel"},{"floor":42.0,"key":"Fire Potion"},{"floor":44.0,"key":"FairyPotion"}],"is_trial":false,"path_per_floor":["M","?","M","M","?","R","$","R","T","T","E","M","R","M","R","B",null,"M","M","?","$","?","R","M","E","T","R","$","M","E","$","R","B",null,"M","?","?","?","M","E","R","M","T","M","R","E","?","M","R","B"],"character_chosen":"THE_SILENT","items_purchased":["Strawberry","Bag of Marbles","Footwork","Caltrops"],"campfire_rested":3,"item_purchase_floors":[7,7,21,28],"current_hp_per_floor":[59,59,59,59,36,36,43,43,43,43,4,4,25,24,24,21,60,35,35,35,35,35,35,35,46,46,46,46,46,46,46,46,63,81,70,70,70,70,57,26,52,47,47,49,49,8,8,10,36,0],"gold":195,"neow_bonus":"THREE_ENEMY_KILL","is_prod":false,"is_daily":false,"chose_seed":false,"campfire_upgraded":7,"win_rate":0,"timestamp":1551835601,"path_taken":["M","?","?","M","?","R","$","R","T","?","E","M","R","M","R","BOSS","M","M","?","$","?","R","M","E","T","R","$","?","E","$","R","BOSS","M","?","?","?","M","E","R","M","T","?","R","E","?","M","R","BOSS"],"build_version":"2019-01-23","purchased_purges":2,"victory":false,"max_hp_per_floor":[66,66,66,66,66,66,73,73,73,73,73,73,73,73,73,73,73,73,73,73,73,73,73,73,87,87,87,87,87,87,87,87,87,87,87,87,87,87,87,87,87,87,87,87,87,87,87,87,87,87],"card_choices":[{"not_picked":["Poisoned Stab","Blade Dance"],"picked":"Dagger Spray","floor":1.0},{"not_picked":["Expertise","Terror"],"picked":"Footwork","floor":3.0},{"not_picked":["Setup","Deflect"],"picked":"Dagger Spray","floor":4.0},{"not_picked":["Prepared","Acrobatics"],"picked":"Dagger Spray","floor":11.0},{"not_picked":["Reflex","Backflip"],"picked":"Cloak And Dagger","floor":12.0},{"not_picked":["Poisoned Stab","Deflect"],"picked":"Well Laid Plans","floor":14.0},{"not_picked":["Unload","Venomology"],"picked":"Adrenaline","floor":16.0},{"not_picked":["Predator","Poisoned Stab","Acrobatics"],"picked":"SKIP","floor":18.0},{"not_picked":["Choke","Acrobatics","Catalyst"],"picked":"SKIP","floor":19.0},{"not_picked":["Prepared","Poisoned Stab"],"picked":"Backflip","floor":24.0},{"not_picked":["Reflex","Cloak And Dagger"],"picked":"Blur+1","floor":25.0},{"not_picked":["Slice","Dagger Spray","Phantasmal Killer"],"picked":"SKIP","floor":29.0},{"not_picked":["Dagger Throw","Finisher"],"picked":"PiercingWail","floor":30.0},{"not_picked":["Unload","Bullet Time"],"picked":"Tools of the Trade","floor":33.0},{"not_picked":["Acrobatics+1","Bane","Quick Slash"],"picked":"SKIP","floor":35.0},{"not_picked":["Quick Slash+1","Flying Knee"],"picked":"After Image","floor":39.0},{"not_picked":["Flying Knee","Tactician","Phantasmal Killer"],"picked":"SKIP","floor":40.0},{"not_picked":["Sucker Punch+1","Blade Dance","Terror"],"picked":"SKIP","floor":42.0},{"not_picked":["Deadly Poison","Acrobatics","Outmaneuver"],"picked":"SKIP","floor":44.0},{"not_picked":["Doppelganger","Dagger Spray","Cloak And Dagger"],"picked":"SKIP","floor":46},{"not_picked":["Quick Slash","Dagger Spray","Dagger Throw"],"picked":"SKIP","floor":48}],"player_experience":517090,"relics_obtained":[{"floor":9.0,"key":"Ornamental Fan"},{"floor":10.0,"key":"Bottled Flame"},{"floor":11.0,"key":"Pantograph"},{"floor":25.0,"key":"Mango"},{"floor":26.0,"key":"Omamori"},{"floor":30.0,"key":"Blood Vial"},{"floor":40.0,"key":"Ice Cream"},{"floor":43.0,"key":"Potion Belt"},{"floor":46,"key":"Vajra"}],"event_choices":[{"damage_healed":0.0,"max_hp_gain":0.0,"max_hp_loss":0.0,"gold_gain":275.0,"event_name":"Golden Shrine","player_choice":"Desecrate","floor":2.0,"gold_loss":0.0,"damage_taken":0.0,"cards_obtained":["Regret"]},{"damage_healed":0.0,"max_hp_gain":0.0,"max_hp_loss":0.0,"gold_gain":0.0,"event_name":"Golden Idol","player_choice":"Take Damage","floor":5.0,"gold_loss":0.0,"damage_taken":23.0,"relics_obtained":["Golden Idol"]},{"damage_healed":0.0,"max_hp_gain":0.0,"max_hp_loss":0.0,"gold_gain":0.0,"event_name":"Back to Basics","player_choice":"Simplicity","floor":20.0,"gold_loss":0.0,"damage_taken":0.0,"cards_upgraded":["Defend_G","Defend_G","Defend_G","Defend_G","Defend_G","Strike_G","Strike_G","Strike_G","Strike_G","Strike_G"]},{"cards_removed":["Strike_G"],"damage_healed":0.0,"max_hp_gain":0.0,"max_hp_loss":0.0,"gold_gain":0.0,"event_name":"Purifier","player_choice":"Purged","floor":22.0,"gold_loss":0.0,"damage_taken":0.0},{"cards_removed":["Tools of the Trade"],"damage_healed":0.0,"max_hp_gain":0.0,"max_hp_loss":0.0,"gold_gain":0.0,"event_name":"Falling","player_choice":"Removed Power","floor":36.0,"gold_loss":0.0,"damage_taken":0.0},{"damage_healed":0.0,"max_hp_gain":0.0,"max_hp_loss":0.0,"gold_gain":0.0,"event_name":"Tomb of Lord Red Mask","player_choice":"Paid","floor":37.0,"gold_loss":219.0,"damage_taken":0.0,"relics_obtained":["Red Mask"]},{"damage_healed":0.0,"max_hp_gain":0.0,"max_hp_loss":0.0,"gold_gain":0.0,"event_name":"SecretPortal","player_choice":"Ignored","floor":38.0,"gold_loss":0.0,"damage_taken":0.0},{"damage_healed":0,"gold_gain":0,"player_choice":"Ignored","damage_taken":0,"max_hp_gain":0,"max_hp_loss":0,"event_name":"Mysterious Sphere","floor":47,"gold_loss":0}],"is_beta":false,"boss_relics":[{"not_picked":["Lizard Tail","Calling Bell"],"picked":"Cursed Key"},{"not_picked":["Tiny House","White Beast Statue"],"picked":"Velvet Choker"}],"items_purged_floors":[7,28],"is_endless":false,"potions_floor_spawned":[4,11,14,16,24,25,30,39,42,44],"killed_by":"Donu and Deca","ascension_level":18}