{"gold_per_floor":[119,48,48,63,83,109,109,141,141,153,153,172,184,212,212,286,286,302,312,22,22,22,22,51,51,51,61,76,91,125,50,50,124,124,134,151,6,19,35,62,62,91,91,110,8,22,35,45,45,45],"floor_reached":51,"playtime":2960,"items_purged":["Strike_B"],"score":1290,"play_id":"71edebe8-6dfa-43c6-8e58-e248ec8eaaba","local_time":"20180922210605","is_ascension_mode":true,"campfire_choices":[{"data":"Zap","floor":7.0,"key":"SMITH"},{"data":"Dualcast","floor":11.0,"key":"SMITH"},{"data":"Coolheaded","floor":15.0,"key":"SMITH"},{"floor":23.0,"key":"REST"},{"floor":25.0,"key":"REST"},{"floor":32.0,"key":"REST"},{"floor":41.0,"key":"REST"},{"floor":49,"key":"REST"}],"neow_cost":"NONE","seed_source_timestamp":0,"circlet_count":0,"master_deck":["Strike_B","Strike_B","Strike_B","Defend_B","Defend_B","Defend_B","Defend_B","Zap+1","Dualcast+1","AscendersBane","Coolheaded+1","Glacier","Ball Lightning","Capacitor","Doom and Gloom+1","Compile Driver+1","Cold Snap+1","Streamline+1","Echo Form","Ball Lightning+1","Conserve Battery","Reinforced Body","Reinforced Body","Self Repair","Hologram+1","Fission","Defragment","Stack+1","Core Surge+1","Fission","FTL+1","Go for the Eyes+1"],"special_seed":0,"relics":["Cracked Core","Bag of Preparation","Letter Opener","Pear","Molten Egg 2","Happy Flower","Fusion Hammer","Question Card","Regal Pillow","Pocketwatch","Oddly Smooth Stone","Nuclear Battery","Darkstone Periapt","Omamori","Bottled Lightning"],"potions_floor_usage":[42,42,50,50],"damage_taken":[{"damage":6.0,"enemies":"Small Slimes","floor":1.0,"turns":3.0},{"damage":0.0,"enemies":"Jaw Worm","floor":4.0,"turns":4.0},{"damage":0.0,"enemies":"2 Louse","floor":5.0,"turns":1.0},{"damage":28.0,"enemies":"Lagavulin","floor":6.0,"turns":10.0},{"damage":11.0,"enemies":"3 Sentries","floor":8.0,"turns":10.0},{"damage":0.0,"enemies":"Blue Slaver","floor":10.0,"turns":3.0},{"damage":0.0,"enemies":"3 Louse","floor":12.0,"turns":2.0},{"damage":15.0,"enemies":"Exordium Wildlife","floor":13.0,"turns":3.0},{"damage":16.0,"enemies":"Gremlin Nob","floor":14.0,"turns":4.0},{"damage":19.0,"enemies":"Slime Boss","floor":16.0,"turns":7.0},{"damage":23.0,"enemies":"2 Thieves","floor":18.0,"turns":4.0},{"damage":0.0,"enemies":"Spheric Guardian","floor":19.0,"turns":3.0},{"damage":20.0,"enemies":"Slavers","floor":24.0,"turns":4.0},{"damage":1.0,"enemies":"Snake Plant","floor":27.0,"turns":4.0},{"damage":0.0,"enemies":"3 Cultists","floor":28.0,"turns":3.0},{"damage":0.0,"enemies":"Sentry and Sphere","floor":29.0,"turns":3.0},{"damage":9.0,"enemies":"Gremlin Leader","floor":30.0,"turns":6.0},{"damage":35.0,"enemies":"Collector","floor":33.0,"turns":9.0},{"damage":9.0,"enemies":"3 Shapes","floor":35.0,"turns":5.0},{"damage":0.0,"enemies":"Orb Walker","floor":36.0,"turns":4.0},{"damage":7.0,"enemies":"4 Shapes","floor":38.0,"turns":7.0},{"damage":0.0,"enemies":"Maw","floor":39.0,"turns":9.0},{"damage":15.0,"enemies":"Nemesis","floor":40.0,"turns":9.0},{"damage":30,"enemies":"Giant Head","floor":42,"turns":9},{"damage":16,"enemies":"Reptomancer","floor":44,"turns":5},{"damage":11,"enemies":"Sphere and 2 Shapes","floor":46,"turns":5},{"damage":5,"enemies":"Transient","floor":47,"turns":5},{"damage":0,"enemies":"4 Shapes","floor":48,"turns":7},{"damage":18,"enemies":"Donu and Deca","floor":50,"turns":15}],"seed_played":"-7492633692589992548","potions_obtained":[{"floor":4.0,"key":"Regen Potion"},{"floor":6.0,"key":"Regen Potion"},{"floor":8.0,"key":"Ancient Potion"},{"floor":12.0,"key":"SpeedPotion"},{"floor":27.0,"key":"Strength Potion"},{"floor":29.0,"key":"Energy Potion"},{"floor":36.0,"key":"SkillPotion"}],"is_trial":false,"path_per_floor":["M","?","?","M","M","E","R","E","T","M","R","M","M","E","R","B",null,"M","M","$","?","?","R","E","R","T","M","M","M","E","$","R","B",null,"M","M","$","M","M","E","R","E","T","M","$","M","M","M","R","B"],"character_chosen":"DEFECT","items_purchased":["Question Card","Conserve Battery","Core Surge+1","Strength Potion","SkillPotion"],"campfire_rested":5,"item_purchase_floors":[20,20,37,45,45],"current_hp_per_floor":[58,58,58,58,58,30,30,81,81,81,81,81,66,50,50,31,69,46,46,46,46,23,48,28,68,68,67,67,67,65,65,86,58,79,77,84,84,84,86,78,86,63,63,54,54,50,52,59,86,75],"gold":45,"neow_bonus":"RANDOM_COMMON_RELIC","is_prod":false,"is_daily":false,"chose_seed":false,"campfire_upgraded":3,"win_rate":0,"timestamp":1537675565,"path_taken":["M","?","?","M","M","E","R","E","T","M","R","M","M","E","R","BOSS","M","M","$","?","?","R","E","R","T","?","?","M","E","$","R","BOSS","M","M","$","M","?","E","R","E","T","M","$","M","?","M","R","BOSS"],"build_version":"2018-09-20","purchased_purges":1,"victory":true,"max_hp_per_floor":[71,71,71,71,71,71,71,81,81,81,81,81,81,81,81,81,81,81,81,81,81,86,86,86,86,86,86,86,86,86,86,86,86,86,86,86,86,86,86,86,86,86,86,86,86,86,86,86,86,86],"card_choices":[{"not_picked":["Barrage","Go for the Eyes"],"picked":"Coolheaded","floor":1.0},{"not_picked":["Hello World","Reprogram"],"picked":"Glacier","floor":4.0},{"not_picked":["Steam","Steam Power"],"picked":"Ball Lightning","floor":5.0},{"not_picked":["Go for the Eyes","Leap"],"picked":"Capacitor","floor":6.0},{"not_picked":["Multi-Cast","Turbo","Rainbow"],"picked":"SKIP","floor":8.0},{"not_picked":["Rebound+1","Steam"],"picked":"Doom and Gloom+1","floor":10.0},{"not_picked":["Cold Snap+1","Loop"],"picked":"Compile Driver+1","floor":12.0},{"not_picked":["Rip and Tear+1","Compile Driver+1"],"picked":"Cold Snap+1","floor":13.0},{"not_picked":["Compile Driver+1","Turbo"],"picked":"Streamline+1","floor":14.0},{"not_picked":["Amplify","Reboot"],"picked":"Echo Form","floor":16.0},{"not_picked":["Blizzard+1","Darkness"],"picked":"Ball Lightning+1","floor":18.0},{"not_picked":["Compile Driver+1","Stack","Gash+1"],"picked":"SKIP","floor":19.0},{"not_picked":["Scrape+1","Barrage+1","Leap"],"picked":"Reinforced Body","floor":24.0},{"not_picked":["Ball Lightning+1","Redo","Steam"],"picked":"Reinforced Body","floor":27.0},{"not_picked":["Sweeping Beam+1","Beam Cell+1","Creative AI"],"picked":"Self Repair","floor":28.0},{"not_picked":["Gash+1","Barrage+1","Sweeping Beam+1","Stack"],"picked":"SKIP","floor":29.0},{"not_picked":["Rip and Tear+1","Sweeping Beam+1","Turbo"],"picked":"Hologram+1","floor":30.0},{"not_picked":["Buffer","Thunder Strike+1","Hyperbeam+1"],"picked":"Fission","floor":33.0},{"not_picked":["Tempest","Compile Driver+1","Leap+1"],"picked":"Defragment","floor":35.0},{"not_picked":["Barrage+1","Streamline+1","Gash+1"],"picked":"Stack+1","floor":36.0},{"not_picked":["Streamline+1","Cold Snap+1","Doom and Gloom+1","Recycle"],"picked":"SKIP","floor":38.0},{"not_picked":["Sweeping Beam+1","Rip and Tear+1","Conserve Battery","Streamline+1"],"picked":"SKIP","floor":39.0},{"not_picked":["Barrage+1","Auto Shields","Compile Driver+1","Streamline+1"],"picked":"SKIP","floor":40.0},{"not_picked":["Rebound+1","Melter+1","Barrage+1"],"picked":"Fission","floor":42},{"not_picked":["Chaos","Doom and Gloom+1","Coolheaded"],"picked":"FTL+1","floor":44},{"not_picked":["Beam Cell+1","Compile Driver+1","Sweeping Beam+1","Turbo"],"picked":"SKIP","floor":46},{"not_picked":["Compile Driver+1","Cold Snap+1","Leap"],"picked":"Go for the Eyes+1","floor":47},{"not_picked":["Doom and Gloom+1","Heatsinks","Fusion","Beam Cell+1"],"picked":"SKIP","floor":48}],"player_experience":1195902,"relics_obtained":[{"floor":6.0,"key":"Letter Opener"},{"floor":8.0,"key":"Pear"},{"floor":9.0,"key":"Molten Egg 2"},{"floor":14.0,"key":"Happy Flower"},{"floor":24.0,"key":"Regal Pillow"},{"floor":26.0,"key":"Pocketwatch"},{"floor":30.0,"key":"Oddly Smooth Stone"},{"floor":40.0,"key":"Darkstone Periapt"},{"floor":42,"key":"Omamori"},{"floor":43,"key":"Bottled Lightning"}],"event_choices":[{"event_name":"World of Goop","player_choice":"Left","floor":2.0,"damage_taken":0.0},{"event_name":"Liars Game","player_choice":"disagreed","floor":3.0,"damage_taken":0.0},{"event_name":"The Mausoleum","player_choice":"No","floor":21.0,"damage_taken":0.0},{"event_name":"Forgotten Altar","player_choice":"Shed Blood","floor":22.0,"damage_taken":0.0}],"is_beta":false,"boss_relics":[{"not_picked":["Runic Pyramid","Sozu"],"picked":"Fusion Hammer"},{"not_picked":["Philosopher\u0027s Stone","Velvet Choker"],"picked":"Nuclear Battery"}],"items_purged_floors":[31],"is_endless":false,"potions_floor_spawned":[4,6,8,12,16,27,28,29,36,40,46,48],"ascension_level":15}