{"gold_per_floor":[117,135,148,168,187,187,187,187,187,227,250,250,288,308,308,404,404,422,422,436,461,46,46,84,103,103,103,134,164,376,388,400,508,520,546,558,586,598,610,622,670,682,694,750,3,19,32,365,365,365,365],"floor_reached":52,"playtime":1681,"items_purged":["Doubt"],"score":2099,"play_id":"5f795abf-5b12-471a-88de-b35dec2759f5","local_time":"20181005125224","daily_mods":["SealedDeck"],"is_ascension_mode":true,"campfire_choices":[{"data":"Inflame","floor":6.0,"key":"SMITH"},{"data":"Armaments","floor":8.0,"key":"SMITH"},{"data":"Disarm","floor":15.0,"key":"SMITH"},{"data":"Flame Barrier","floor":23.0,"key":"SMITH"},{"data":"Whirlwind","floor":27.0,"key":"SMITH"},{"floor":32.0,"key":"REST"},{"data":"Discovery","floor":40.0,"key":"SMITH"},{"floor":42.0,"key":"REST"},{"floor":49,"key":"REST"}],"neow_cost":"","seed_source_timestamp":0,"circlet_count":0,"master_deck":["AscendersBane","Thunderclap","Shrug It Off","Shrug It Off","Armaments+1","Metallicize","Anger","Whirlwind+1","Inflame+1","Pummel","Disarm+1","Battle Trance","Offering","Flame Barrier+1","Inflame+1","Exhume","Discovery+1","Panacea"],"special_seed":0,"relics":["Burning Blood","The Courier","Pantograph","Gremlin Horn","Question Card","Cursed Key","Chemical X","Potion Belt","Anchor","Bottled Flame","MawBank","Velvet Choker","Darkstone Periapt","Bag of Preparation","Smiling Mask","Brimstone","Strawberry","Ancient Tea Set","Centennial Puzzle"],"potions_floor_usage":[50,51,51],"damage_taken":[{"damage":0.0,"enemies":"2 Louse","floor":1.0,"turns":2.0},{"damage":0.0,"enemies":"Jaw Worm","floor":2.0,"turns":3.0},{"damage":0.0,"enemies":"Cultist","floor":3.0,"turns":3.0},{"damage":4.0,"enemies":"3 Louse","floor":4.0,"turns":3.0},{"damage":1.0,"enemies":"2 Fungi Beasts","floor":5.0,"turns":3.0},{"damage":0.0,"enemies":"Lagavulin","floor":10.0,"turns":5.0},{"damage":5.0,"enemies":"Exordium Thugs","floor":11.0,"turns":3.0},{"damage":9.0,"enemies":"3 Sentries","floor":13.0,"turns":3.0},{"damage":0.0,"enemies":"3 Louse","floor":14.0,"turns":1.0},{"damage":31.0,"enemies":"Hexaghost","floor":16.0,"turns":8.0},{"damage":8.0,"enemies":"Spheric Guardian","floor":18.0,"turns":3.0},{"damage":6.0,"enemies":"Chosen","floor":20.0,"turns":3.0},{"damage":4.0,"enemies":"Centurion and Healer","floor":21.0,"turns":3.0},{"damage":17.0,"enemies":"Slavers","floor":24.0,"turns":2.0},{"damage":5.0,"enemies":"Cultist and Chosen","floor":25.0,"turns":4.0},{"damage":6.0,"enemies":"Gremlin Leader","floor":28.0,"turns":2.0},{"damage":7.0,"enemies":"Shelled Parasite and Fungi","floor":29.0,"turns":3.0},{"damage":6.0,"enemies":"Automaton","floor":33.0,"turns":4.0},{"damage":0.0,"enemies":"3 Shapes","floor":35.0,"turns":1.0},{"damage":0.0,"enemies":"3 Darklings","floor":37.0,"turns":1.0},{"damage":41.0,"enemies":"Giant Head","floor":41.0,"turns":5.0},{"damage":32.0,"enemies":"2 Orb Walkers","floor":44.0,"turns":3.0},{"damage":0.0,"enemies":"Sphere and 2 Shapes","floor":46.0,"turns":1.0},{"damage":20,"enemies":"Maw","floor":47,"turns":4},{"damage":41,"enemies":"Time Eater","floor":50,"turns":5},{"damage":57,"enemies":"Awakened One","floor":51,"turns":6}],"seed_played":"-4510373502192345738","potions_obtained":[{"floor":4.0,"key":"FearPotion"},{"floor":10.0,"key":"PowerPotion"},{"floor":25.0,"key":"SkillPotion"},{"floor":28.0,"key":"LiquidBronze"},{"floor":41.0,"key":"Regen Potion"},{"floor":47,"key":"GamblersBrew"}],"is_trial":true,"path_per_floor":["M","M","M","M","M","R","?","R","T","E","M","?","E","M","R","B",null,"M","?","M","M","$","R","E","M","T","R","E","M","?","?","R","B",null,"M","$","M","?","?","R","E","R","T","E","$","M","M","?","R","B","B"],"character_chosen":"IRONCLAD","items_purchased":["Chemical X","Potion Belt","Anchor","SteroidPotion","Brimstone","Strawberry","Ancient Tea Set","Centennial Puzzle","Panacea"],"campfire_rested":3,"item_purchase_floors":[22,22,22,45,45,45,45,45,45],"current_hp_per_floor":[74,75,75,75,75,75,49,49,49,55,56,45,42,48,48,48,68,66,66,66,68,68,68,57,58,58,58,58,57,57,57,75,75,75,75,75,75,75,75,75,40,62,68,42,49,55,41,41,67,53,42],"gold":365,"neow_bonus":"","is_prod":false,"is_daily":false,"chose_seed":false,"campfire_upgraded":6,"win_rate":0,"timestamp":1538769144,"path_taken":["M","M","M","M","M","R","?","R","T","E","?","?","E","M","R","BOSS","M","?","M","M","$","R","E","?","T","R","E","M","?","?","R","BOSS","M","$","M","?","?","R","E","R","T","E","$","M","?","?","R","BOSS","BOSS"],"build_version":"2018-10-04","purchased_purges":1,"victory":true,"max_hp_per_floor":[75,75,75,75,75,75,75,75,75,75,75,75,75,75,75,75,75,75,75,75,75,75,75,75,75,75,75,75,75,75,75,75,75,75,75,75,75,75,75,75,75,75,81,81,88,88,88,88,88,88,88],"card_choices":[{"not_picked":["Cleave","Thunderclap"],"picked":"Pummel","floor":1.0},{"not_picked":["Armaments","Searing Blow","Wild Strike"],"picked":"SKIP","floor":2.0},{"not_picked":["Twin Strike","Dropkick"],"picked":"Disarm","floor":3.0},{"not_picked":["Twin Strike","Cleave","Headbutt"],"picked":"SKIP","floor":4.0},{"not_picked":["Seeing Red","Headbutt","Pommel Strike"],"picked":"SKIP","floor":5.0},{"not_picked":["Dark Embrace","Perfected Strike","Uppercut"],"picked":"SKIP","floor":10.0},{"not_picked":["Warcry","Twin Strike","Bloodletting"],"picked":"SKIP","floor":11.0},{"not_picked":["Berserk","Flex","Barricade"],"picked":"SKIP","floor":13.0},{"not_picked":["Rupture","Headbutt","Warcry"],"picked":"Battle Trance","floor":14.0},{"not_picked":["Barricade","Fiend Fire","Juggernaut"],"picked":"Offering","floor":16.0},{"not_picked":["Rage","Feel No Pain","Anger","Rampage"],"picked":"SKIP","floor":18.0},{"not_picked":["Anger","Perfected Strike","Searing Blow"],"picked":"Flame Barrier","floor":20.0},{"not_picked":["Sword Boomerang","Clash","Infernal Blade","Headbutt"],"picked":"SKIP","floor":21.0},{"not_picked":["Warcry","True Grit","Iron Wave"],"picked":"Inflame+1","floor":24.0},{"not_picked":["Uppercut","Clothesline","Perfected Strike","Havoc"],"picked":"SKIP","floor":25.0},{"not_picked":["Inflame+1","Blood for Blood","Body Slam","Immolate"],"picked":"SKIP","floor":28.0},{"not_picked":["Clothesline","Cleave","Anger","Whirlwind"],"picked":"SKIP","floor":29.0},{"not_picked":["Barricade","Dark Embrace","Immolate"],"picked":"Exhume","floor":33.0},{"not_picked":["Clash","Flex+1","Pommel Strike","Thunderclap"],"picked":"SKIP","floor":35.0},{"not_picked":["Cleave+1","True Grit","Pommel Strike","Brutality"],"picked":"SKIP","floor":37.0},{"not_picked":["Magnetism","Mayhem","Panache"],"picked":"Discovery","floor":39.0},{"not_picked":["Sever Soul","Second Wind+1","Perfected Strike+1","Flex"],"picked":"SKIP","floor":41.0},{"not_picked":["Cleave","Body Slam","Perfected Strike+1","Rampage"],"picked":"SKIP","floor":44.0},{"not_picked":["Warcry","Shrug It Off","Headbutt","Perfected Strike"],"picked":"SKIP","floor":46.0},{"not_picked":["Havoc","Hemokinesis","Cleave","Dual Wield"],"picked":"SKIP","floor":47}],"player_experience":1276901,"relics_obtained":[{"floor":9.0,"key":"The Courier"},{"floor":10.0,"key":"Pantograph"},{"floor":13.0,"key":"Question Card"},{"floor":24.0,"key":"Bottled Flame"},{"floor":28.0,"key":"MawBank"},{"floor":41.0,"key":"Darkstone Periapt"},{"floor":43.0,"key":"Bag of Preparation"},{"floor":44.0,"key":"Smiling Mask"}],"event_choices":[{"event_name":"Golden Idol","player_choice":"Take Damage","floor":7.0,"damage_taken":0.0},{"event_name":"Scrap Ooze","player_choice":"success","floor":12.0,"damage_taken":11.0},{"event_name":"Back to Basics","player_choice":"Elegance","floor":19.0,"damage_taken":0.0},{"event_name":"The Joust","player_choice":"Bet on Owner","floor":30.0,"damage_taken":0.0},{"event_name":"Ghosts","player_choice":"Ignored","floor":31.0,"damage_taken":0.0},{"event_name":"Falling","player_choice":"Removed Attack","floor":38.0,"damage_taken":0.0},{"event_name":"SensoryStone","player_choice":"Memory 1","floor":39.0,"damage_taken":0.0},{"event_name":"The Moai Head","player_choice":"Gave Idol","floor":48,"damage_taken":0}],"is_beta":false,"boss_relics":[{"not_picked":["Runic Dome","Philosopher\u0027s Stone"],"picked":"Cursed Key"},{"not_picked":["Orrery","Eternal Feather"],"picked":"Velvet Choker"}],"items_purged_floors":[45],"is_endless":false,"potions_floor_spawned":[4,10,11,13,14,18,25,28,41,47],"ascension_level":20}