{"gold_per_floor":[364,439,449,449,463,463,489,489,535,553,553,553,97,22,22,99,99,112,124,124,74,87,87,101,127,127,127,159,159,191,191,191,191],"floor_reached":33,"playtime":1352,"items_purged":["Pain"],"score":527,"play_id":"ca4b0733-5218-4139-bfc2-8348578d85b0","local_time":"20181220200327","is_ascension_mode":true,"campfire_choices":[{"data":"Bash","floor":6,"key":"SMITH"},{"data":"Armaments","floor":8,"key":"SMITH"},{"data":"Rampage","floor":11,"key":"SMITH"},{"data":"Flame Barrier","floor":15,"key":"SMITH"},{"data":"Body Slam","floor":23,"key":"SMITH"},{"data":"Spot Weakness","floor":32,"key":"SMITH"}],"neow_cost":"PERCENT_DAMAGE","seed_source_timestamp":40132429129548,"circlet_count":0,"master_deck":["AscendersBane","Strike_R","Strike_R","Defend_R","Defend_R","Defend_R","Defend_R","Bash+1","Rampage+1","Twin Strike","Armaments+1","Iron Wave","Flame Barrier+1","Shrug It Off","Reaper+1","Battle Trance","Metallicize","Flame Barrier+1","Second Wind","Body Slam+1","Immolate+1","Spot Weakness+1"],"special_seed":0,"relics":["Burning Blood","Juzu Bracelet","Regal Pillow","WarpedTongs","Ornamental Fan","Velvet Choker","Torii","The Courier","Bottled Flame","Blue Candle"],"potions_floor_usage":[7,10,25,28,30],"damage_taken":[{"damage":3.0,"enemies":"Jaw Worm","floor":1.0,"turns":5.0},{"damage":1.0,"enemies":"Small Slimes","floor":3.0,"turns":4.0},{"damage":1,"enemies":"Cultist","floor":5,"turns":3},{"damage":25,"enemies":"3 Sentries","floor":7,"turns":9},{"damage":7,"enemies":"Looter","floor":10,"turns":4},{"damage":33,"enemies":"Hexaghost","floor":16,"turns":13},{"damage":2,"enemies":"3 Byrds","floor":18,"turns":6},{"damage":10,"enemies":"Chosen","floor":19,"turns":4},{"damage":15,"enemies":"Snake Plant","floor":22,"turns":7},{"damage":24,"enemies":"Shelled Parasite and Fungi","floor":24,"turns":8},{"damage":1,"enemies":"Book of Stabbing","floor":25,"turns":7},{"damage":19,"enemies":"Gremlin Leader","floor":28,"turns":8},{"damage":25,"enemies":"Slavers","floor":30,"turns":6},{"damage":10,"enemies":"Colosseum Slavers","floor":31,"turns":4},{"damage":57,"enemies":"Collector","floor":33,"turns":7}],"seed_played":"8060594379829827391","potions_obtained":[{"floor":5,"key":"AttackPotion"},{"floor":7,"key":"Regen Potion"},{"floor":10,"key":"Weak Potion"},{"floor":19,"key":"Poison Potion"},{"floor":24,"key":"Swift Potion"},{"floor":25,"key":"SteroidPotion"}],"is_trial":false,"path_per_floor":["M","?","M","?","M","R","E","R","T","M","R","?","$","?","R","B",null,"M","M","?","?","M","R","M","E","T","?","E","?","E","?","R","B"],"character_chosen":"IRONCLAD","items_purchased":["Flame Barrier","Shrug It Off","Ornamental Fan"],"campfire_rested":0,"item_purchase_floors":[13,13,13],"current_hp_per_floor":[53,42,47,47,52,52,33,33,33,44,44,44,44,44,44,17,61,68,70,70,70,61,61,43,53,53,53,62,62,51,53,53,0],"gold":191,"neow_bonus":"TWO_FIFTY_GOLD","is_prod":false,"is_daily":false,"chose_seed":false,"campfire_upgraded":6,"win_rate":0,"timestamp":1545365007,"path_taken":["M","?","M","?","M","R","E","R","T","M","R","?","$","?","R","BOSS","M","M","?","?","M","R","M","E","T","?","E","?","E","?","R","BOSS"],"build_version":"2018-12-20","purchased_purges":1,"victory":false,"max_hp_per_floor":[75,75,75,75,75,75,75,75,75,75,75,75,75,75,75,75,75,75,75,75,75,75,75,75,75,75,75,75,75,75,75,75,75],"card_choices":[{"not_picked":["Warcry","Body Slam"],"picked":"Rampage","floor":1.0},{"not_picked":["Shockwave","Perfected Strike"],"picked":"Twin Strike","floor":3.0},{"not_picked":["Havoc","Evolve"],"picked":"Armaments","floor":5},{"not_picked":["Infernal Blade","Armaments","Blood for Blood"],"picked":"SKIP","floor":7},{"not_picked":["Clash","Havoc"],"picked":"Iron Wave","floor":10},{"not_picked":["Double Tap","Berserk"],"picked":"Reaper","floor":16},{"not_picked":["Perfected Strike","Pommel Strike"],"picked":"Battle Trance","floor":18},{"not_picked":["Iron Wave","Ghostly Armor"],"picked":"Metallicize","floor":19},{"not_picked":["Power Through","Hemokinesis+1"],"picked":"Body Slam","floor":22},{"not_picked":["True Grit","Heavy Blade","Intimidate"],"picked":"SKIP","floor":24},{"not_picked":["Fire Breathing+1","Headbutt"],"picked":"Immolate","floor":25},{"not_picked":["Immolate","Reckless Charge"],"picked":"Spot Weakness","floor":28},{"not_picked":["Rampage","Sentinel","Seeing Red"],"picked":"SKIP","floor":30}],"player_experience":1847932,"relics_obtained":[{"floor":7,"key":"Juzu Bracelet"},{"floor":9,"key":"Regal Pillow"},{"floor":25,"key":"Torii"},{"floor":26,"key":"The Courier"},{"floor":28,"key":"Bottled Flame"},{"floor":30,"key":"Blue Candle"}],"event_choices":[{"damage_healed":0.0,"max_hp_gain":0.0,"max_hp_loss":0.0,"gold_gain":75.0,"event_name":"World of Goop","player_choice":"Gather Gold","floor":2.0,"gold_loss":0.0,"damage_taken":11.0},{"damage_healed":0,"gold_gain":0,"player_choice":"Fled","damage_taken":0,"max_hp_gain":0,"max_hp_loss":0,"event_name":"Scrap Ooze","floor":4,"gold_loss":0},{"damage_healed":0,"gold_gain":0,"player_choice":"Rummage","damage_taken":0,"relics_obtained":["WarpedTongs"],"max_hp_gain":0,"max_hp_loss":0,"event_name":"Accursed Blacksmith","floor":12,"gold_loss":0,"cards_obtained":["Pain"]},{"cards_removed":["Strike_R"],"damage_healed":0,"gold_gain":0,"player_choice":"Card Removal","damage_taken":0,"max_hp_gain":0,"max_hp_loss":0,"event_name":"The Cleric","floor":14,"gold_loss":75},{"damage_healed":0,"gold_gain":0,"cards_transformed":["Strike_R","Strike_R"],"player_choice":"Became Test Subject","damage_taken":0,"max_hp_gain":0,"max_hp_loss":0,"event_name":"Drug Dealer","floor":20,"gold_loss":0,"cards_obtained":["Flame Barrier","Second Wind"]},{"damage_healed":0,"gold_gain":0,"player_choice":"Upgraded Two","damage_taken":0,"max_hp_gain":0,"max_hp_loss":0,"event_name":"Designer","floor":21,"gold_loss":50,"cards_upgraded":["Reaper","Flame Barrier"]},{"damage_healed":0,"gold_gain":0,"player_choice":"Ignored","damage_taken":0,"max_hp_gain":0,"max_hp_loss":0,"event_name":"The Mausoleum","floor":27,"gold_loss":0},{"damage_healed":0,"gold_gain":0,"player_choice":"Upgraded","damage_taken":0,"max_hp_gain":0,"max_hp_loss":0,"event_name":"Upgrade Shrine","floor":29,"gold_loss":0,"cards_upgraded":["Immolate"]},{"damage_healed":0,"gold_gain":0,"player_choice":"Fight","damage_taken":0,"max_hp_gain":0,"max_hp_loss":0,"event_name":"Colosseum","floor":31,"gold_loss":0},{"damage_healed":0,"gold_gain":0,"player_choice":"Fled From Nobs","damage_taken":0,"max_hp_gain":0,"max_hp_loss":0,"event_name":"Colosseum","floor":31,"gold_loss":0}],"is_beta":false,"boss_relics":[{"not_picked":["White Beast Statue","Busted Crown"],"picked":"Velvet Choker"}],"items_purged_floors":[13],"is_endless":false,"potions_floor_spawned":[5,7,10,19,24,25,31],"killed_by":"Collector","ascension_level":15}