{"gold_per_floor":[113,31,45,65,83,83,108,108,108,19,47,64,75,89,89,163,163,181,48,48,60,74,74,109,127,127,52,63,78,96,126,126,201,201,213,213,263,32,32,65,65,82,133,133,158,185,216,244,256,268,280],"floor_reached":51,"playtime":2109,"items_purged":["Strike_R"],"score":1626,"play_id":"67f70a86-332d-4efe-a863-bb3b02333eab","local_time":"20180910182120","is_ascension_mode":true,"campfire_choices":[{"data":"Immolate","floor":6.0,"key":"SMITH"},{"data":"Shrug It Off","floor":8.0,"key":"SMITH"},{"data":"Shockwave","floor":15.0,"key":"SMITH"},{"data":"Immolate","floor":23.0,"key":"SMITH"},{"floor":32.0,"key":"REST"},{"data":"Whirlwind","floor":41.0,"key":"SMITH"},{"data":"Feel No Pain","floor":44.0,"key":"SMITH"},{"data":"True Grit","floor":49.0,"key":"SMITH"}],"neow_cost":"NONE","seed_source_timestamp":48497485273211,"circlet_count":0,"master_deck":["Strike_R","Strike_R","Strike_R","Defend_R","Defend_R","Defend_R","Defend_R","Bash+1","AscendersBane","Immolate+1","Evolve","Power Through","Shrug It Off+1","Headbutt","Shrug It Off","Shockwave+1","Feel No Pain+1","Whirlwind+1","Battle Trance","Offering","Shrug It Off","Immolate+1","Headbutt","Power Through","True Grit","True Grit+1","Impervious","Fiend Fire","Burning Pact","Offering","Metallicize","Battle Trance","Spot Weakness"],"special_seed":0,"relics":["Burning Blood","Mercury Hourglass","Pocketwatch","Turnip","Mark of Pain","Orichalcum","Magic Flower","Paper Frog","Snecko Eye","Chemical X","Centennial Puzzle","Red Skull","MawBank"],"potions_floor_usage":[],"damage_taken":[{"damage":1.0,"enemies":"Cultist","floor":1.0,"turns":3.0},{"damage":10.0,"enemies":"Small Slimes","floor":3.0,"turns":3.0},{"damage":9.0,"enemies":"Jaw Worm","floor":4.0,"turns":3.0},{"damage":7.0,"enemies":"Exordium Thugs","floor":5.0,"turns":3.0},{"damage":10.0,"enemies":"3 Sentries","floor":7.0,"turns":4.0},{"damage":11.0,"enemies":"Lagavulin","floor":11.0,"turns":6.0},{"damage":6.0,"enemies":"Exordium Wildlife","floor":12.0,"turns":2.0},{"damage":12.0,"enemies":"Lots of Slimes","floor":13.0,"turns":3.0},{"damage":0.0,"enemies":"3 Louse","floor":14.0,"turns":2.0},{"damage":0.0,"enemies":"Slime Boss","floor":16.0,"turns":7.0},{"damage":12.0,"enemies":"Spheric Guardian","floor":18.0,"turns":3.0},{"damage":6.0,"enemies":"Chosen","floor":21.0,"turns":4.0},{"damage":11.0,"enemies":"Centurion and Healer","floor":22.0,"turns":3.0},{"damage":6.0,"enemies":"Gremlin Leader","floor":24.0,"turns":4.0},{"damage":8.0,"enemies":"Snake Plant","floor":25.0,"turns":3.0},{"damage":0.0,"enemies":"Snecko","floor":28.0,"turns":2.0},{"damage":16.0,"enemies":"Chosen and Byrds","floor":29.0,"turns":3.0},{"damage":4.0,"enemies":"Centurion and Healer","floor":30.0,"turns":4.0},{"damage":27.0,"enemies":"Slavers","floor":31.0,"turns":5.0},{"damage":57.0,"enemies":"Champ","floor":33.0,"turns":10.0},{"damage":0.0,"enemies":"3 Darklings","floor":35.0,"turns":1.0},{"damage":6.0,"enemies":"Giant Head","floor":40.0,"turns":6.0},{"damage":3.0,"enemies":"3 Shapes","floor":42.0,"turns":2.0},{"damage":17.0,"enemies":"Nemesis","floor":45.0,"turns":5.0},{"damage":4.0,"enemies":"Transient","floor":46.0,"turns":6.0},{"damage":4.0,"enemies":"Spire Growth","floor":47.0,"turns":3.0},{"damage":5.0,"enemies":"Reptomancer","floor":48.0,"turns":3.0},{"damage":70.0,"enemies":"Donu and Deca","floor":50.0,"turns":8.0},{"damage":14,"enemies":"Awakened One","floor":51,"turns":3}],"seed_played":"3703799566616838592","potions_obtained":[{"floor":4.0,"key":"Strength Potion"},{"floor":5.0,"key":"LiquidBronze"},{"floor":28.0,"key":"Weak Potion"},{"floor":30.0,"key":"SkillPotion"},{"floor":31.0,"key":"Fire Potion"},{"floor":33.0,"key":"Energy Potion"}],"is_trial":false,"path_per_floor":["M","$","M","M","M","R","E","R","T","$","E","M","M","M","R","B",null,"M","$","?","M","M","R","E","M","T","?","M","M","M","E","R","B",null,"M","$","?","$","?","E","R","M","T","R","E","M","M","M","R","B"],"character_chosen":"IRONCLAD","items_purchased":["Immolate","Headbutt","Shrug It Off","Shrug It Off","Chemical X"],"campfire_rested":1,"item_purchase_floors":[2,10,10,19,38],"current_hp_per_floor":[73,73,69,66,65,65,61,61,61,61,56,56,50,56,56,62,72,66,66,66,66,61,61,61,59,59,59,68,61,66,48,70,22,62,71,71,64,64,64,67,67,73,73,73,65,70,75,75,75,14,0],"gold":280,"neow_bonus":"UPGRADE_CARD","is_prod":false,"is_daily":false,"chose_seed":false,"campfire_upgraded":7,"win_rate":0,"timestamp":1536628880,"path_taken":["M","$","M","M","M","R","E","R","T","$","E","M","M","M","R","BOSS","M","$","?","M","M","R","E","M","T","?","M","M","M","E","R","BOSS","M","$","?","$","?","E","R","M","T","R","E","M","?","M","R","BOSS","BOSS"],"build_version":"2018-09-06","purchased_purges":1,"victory":false,"max_hp_per_floor":[75,75,75,75,75,75,75,75,75,75,75,75,75,75,75,75,75,75,75,75,75,75,75,75,75,75,75,75,75,75,75,75,75,75,75,75,75,75,75,75,75,75,75,75,75,75,75,75,75,75,75],"card_choices":[{"not_picked":["Clash","Heavy Blade","Combust"],"picked":"SKIP","floor":1.0},{"not_picked":["Sentinel","Pummel","Clash"],"picked":"SKIP","floor":3.0},{"not_picked":["Perfected Strike","Thunderclap"],"picked":"Evolve","floor":4.0},{"not_picked":["True Grit","Evolve"],"picked":"Power Through","floor":5.0},{"not_picked":["Barricade","Feel No Pain"],"picked":"Shrug It Off","floor":7.0},{"not_picked":["Iron Wave","Perfected Strike"],"picked":"Shockwave","floor":11.0},{"not_picked":["Bloodletting","Havoc"],"picked":"Feel No Pain","floor":12.0},{"not_picked":["Clash","Armaments"],"picked":"Whirlwind","floor":13.0},{"not_picked":["Thunderclap","Rupture"],"picked":"Battle Trance","floor":14.0},{"not_picked":["Limit Break","Demon Form"],"picked":"Offering","floor":16.0},{"not_picked":["Dropkick","Searing Blow","Clash"],"picked":"SKIP","floor":18.0},{"not_picked":["Power Through","Pommel Strike"],"picked":"Headbutt","floor":21.0},{"not_picked":["Armaments","Thunderclap","Headbutt"],"picked":"SKIP","floor":22.0},{"not_picked":["Brutality","Heavy Blade"],"picked":"Power Through","floor":24.0},{"not_picked":["Armaments","Thunderclap","Twin Strike"],"picked":"SKIP","floor":25.0},{"not_picked":["Thunderclap","Flex","Body Slam"],"picked":"SKIP","floor":28.0},{"not_picked":["Metallicize","Pummel"],"picked":"True Grit","floor":29.0},{"not_picked":["Brutality","Twin Strike","Wild Strike"],"picked":"SKIP","floor":30.0},{"not_picked":["Flex","Shockwave+1"],"picked":"True Grit","floor":31.0},{"not_picked":["Immolate","Juggernaut"],"picked":"Impervious","floor":33.0},{"not_picked":["Body Slam","Searing Blow","Pummel"],"picked":"SKIP","floor":35.0},{"not_picked":["Clothesline","Entrench","Iron Wave+1"],"picked":"SKIP","floor":40.0},{"not_picked":["Carnage","Body Slam"],"picked":"Burning Pact","floor":42.0},{"not_picked":["Rupture","Havoc"],"picked":"Offering","floor":45.0},{"not_picked":["Searing Blow","Anger"],"picked":"Metallicize","floor":46.0},{"not_picked":["Wild Strike+1","Perfected Strike"],"picked":"Battle Trance","floor":47.0},{"not_picked":["Heavy Blade","Armaments"],"picked":"Spot Weakness","floor":48.0}],"player_experience":1097690,"relics_obtained":[{"floor":7.0,"key":"Mercury Hourglass"},{"floor":9.0,"key":"Pocketwatch"},{"floor":11.0,"key":"Turnip"},{"floor":24.0,"key":"Orichalcum"},{"floor":26.0,"key":"Magic Flower"},{"floor":31.0,"key":"Paper Frog"},{"floor":40.0,"key":"Centennial Puzzle"},{"floor":43.0,"key":"Red Skull"},{"floor":45.0,"key":"MawBank"}],"event_choices":[{"event_name":"Match and Keep!","player_choice":"1 cards matched","floor":20.0,"damage_taken":0.0},{"event_name":"Beggar","player_choice":"Gave Gold","floor":27.0,"damage_taken":0.0},{"event_name":"FaceTrader","player_choice":"Touch","floor":37.0,"damage_taken":0.0},{"event_name":"Match and Keep!","player_choice":"1 cards matched","floor":39.0,"damage_taken":0.0}],"is_beta":false,"boss_relics":[{"not_picked":["Runic Dome","Busted Crown"],"picked":"Mark of Pain"},{"not_picked":["Empty Cage","Black Star"],"picked":"Snecko Eye"}],"items_purged_floors":[19],"is_endless":false,"potions_floor_spawned":[4,5,12,14,24,28,30,31,33,35,40],"killed_by":"Awakened One","ascension_level":20}