{"gold_per_floor":[114,131,33,44,44,69,69,94,171,200,218,218,250,260,260,260],"floor_reached":16,"playtime":1051,"items_purged":[],"score":228,"play_id":"18e675a4-b932-475a-bcd4-6a7e7b56e144","local_time":"20180713195141","is_ascension_mode":true,"campfire_choices":[{"floor":7,"key":"REST"},{"floor":12,"key":"REST"},{"floor":15,"key":"REST"}],"neow_cost":"NONE","seed_source_timestamp":44399642195857,"circlet_count":0,"master_deck":["Defend_G","Defend_G","Defend_G","Defend_G","Defend_G","Strike_G","Strike_G","Strike_G+1","Strike_G","Strike_G","Survivor","Neutralize","AscendersBane","Slice+1","Quick Slash","Cloak And Dagger","Crippling Poison","Predator"],"relics":["Busted Crown","The Specimen","Whetstone","Toxic Egg 2","Bottled Lightning","Question Card"],"potions_floor_usage":[6,16],"damage_taken":[{"damage":1,"enemies":"Cultist","floor":1,"turns":4},{"damage":0,"enemies":"2 Louse","floor":2,"turns":3},{"damage":7,"enemies":"Small Slimes","floor":4,"turns":3},{"damage":16,"enemies":"Gremlin Nob","floor":6,"turns":4},{"damage":22,"enemies":"Lagavulin","floor":8,"turns":8},{"damage":13,"enemies":"3 Sentries","floor":10,"turns":9},{"damage":8,"enemies":"Looter","floor":11,"turns":3},{"damage":30,"enemies":"Lagavulin","floor":13,"turns":8},{"damage":4,"enemies":"Large Slime","floor":14,"turns":8},{"damage":23,"enemies":"Hexaghost","floor":16,"turns":9}],"seed_played":"-2279674482504534528","potions_obtained":[{"floor":2,"key":"LiquidBronze"},{"floor":4,"key":"PowerPotion"},{"floor":11,"key":"FairyPotion"},{"floor":13,"key":"Ancient Potion"}],"is_trial":false,"path_per_floor":["M","M","$","M","$","E","R","E","T","E","M","R","E","M","R"],"character_chosen":"THE_SILENT","items_purchased":["Quick Slash","Cloak And Dagger"],"campfire_rested":3,"item_purchase_floors":[3,3],"current_hp_per_floor":[58,58,58,51,51,35,54,32,32,19,11,30,6,2,21,0],"gold":260,"neow_bonus":"BOSS_RELIC","is_prod":false,"is_daily":false,"chose_seed":false,"campfire_upgraded":0,"win_rate":0,"timestamp":1531536701,"path_taken":["M","M","$","?","?","E","R","E","T","E","M","R","E","M","R","BOSS"],"build_version":"2018-07-12","purchased_purges":0,"victory":false,"max_hp_per_floor":[66,66,66,66,66,66,66,66,66,66,66,66,66,66,66,66],"card_choices":[{"not_picked":[],"picked":"Slice","floor":1},{"not_picked":["Prepared"],"picked":"SKIP","floor":2},{"not_picked":[],"picked":"Crippling Poison","floor":4},{"not_picked":["Wraith Form v2"],"picked":"SKIP","floor":6},{"not_picked":["Outmaneuver"],"picked":"SKIP","floor":8},{"not_picked":["Concentrate+1"],"picked":"SKIP","floor":10},{"not_picked":["Bane"],"picked":"SKIP","floor":11},{"not_picked":["Heel Hook"],"picked":"SKIP","floor":13},{"not_picked":["Skewer"],"picked":"Predator","floor":14}],"player_experience":755809,"relics_obtained":[{"floor":6,"key":"The Specimen"},{"floor":8,"key":"Whetstone"},{"floor":9,"key":"Toxic Egg 2"},{"floor":10,"key":"Bottled Lightning"},{"floor":13,"key":"Question Card"}],"event_choices":[],"boss_relics":[],"items_purged_floors":[],"is_endless":false,"potions_floor_spawned":[2,4,11,13],"killed_by":"Hexaghost","ascension_level":15}