{"gold_per_floor":[110,285,560,223,238,238,252,252,328,328,362,362,362,391,391,489,489,506,431,443,443,456,456,456],"floor_reached":24,"playtime":1265,"items_purged":["Regret"],"score":313,"play_id":"bc4eac1b-d0e6-4a98-b6f4-112b60e54d00","local_time":"20190416075137","is_ascension_mode":true,"campfire_choices":[{"data":"Disarm","floor":6,"key":"SMITH"},{"data":"Pommel Strike","floor":8,"key":"SMITH"},{"data":"Inflame","floor":12,"key":"SMITH"},{"data":"Offering","floor":15,"key":"SMITH"},{"floor":23,"key":"RECALL"}],"neow_cost":"NONE","seed_source_timestamp":340309200119200,"circlet_count":0,"master_deck":["AscendersBane","Strike_R","Strike_R","Strike_R","Strike_R","Defend_R","Defend_R","Defend_R","Defend_R","Bash","Sword Boomerang","Doubt","Disarm+1","Offering+1","Pommel Strike+1","Cleave","Inflame+1","Impervious","Barricade","Shrug It Off","Reaper","Shrug It Off"],"relics":["Burning Blood","Tiny Chest","Letter Opener","Question Card","Snecko Eye","Nloth\u0027s Gift"],"potions_floor_usage":[11,14,18],"damage_taken":[{"damage":12,"enemies":"Small Slimes","floor":1,"turns":4},{"damage":6,"enemies":"Cultist","floor":5,"turns":3},{"damage":0,"enemies":"Jaw Worm","floor":7,"turns":5},{"damage":28,"enemies":"Gremlin Nob","floor":11,"turns":4},{"damage":31,"enemies":"Lagavulin","floor":14,"turns":6},{"damage":41,"enemies":"The Guardian","floor":16,"turns":11},{"damage":32,"enemies":"2 Thieves","floor":18,"turns":4},{"damage":5,"enemies":"Chosen","floor":20,"turns":4},{"damage":26,"enemies":"3 Cultists","floor":22,"turns":5},{"damage":56,"enemies":"Book of Stabbing","floor":24,"turns":7}],"seed_played":"-3614280928760302825","potions_obtained":[{"floor":5,"key":"FearPotion"},{"floor":7,"key":"FearPotion"},{"floor":16,"key":"AttackPotion"}],"is_trial":false,"path_per_floor":["M","?","?","$","M","R","M","R","T","?","E","R","?","E","R","B",null,"M","?","M","?","M","R","E"],"character_chosen":"IRONCLAD","items_purchased":["Disarm","Offering","Tiny Chest"],"campfire_rested":0,"item_purchase_floors":[4,4,4],"current_hp_per_floor":[66,66,66,66,66,66,72,72,72,77,55,55,76,51,51,16,68,42,42,43,43,47,47,0],"gold":456,"neow_bonus":"REMOVE_CARD","is_prod":false,"is_daily":false,"chose_seed":false,"campfire_upgraded":4,"win_rate":0,"timestamp":1555390297,"path_taken":["M","?","?","$","?","R","M","R","T","?","E","R","?","E","R","BOSS","M","?","M","?","?","R","E"],"build_version":"2019-01-23","purchased_purges":1,"victory":false,"max_hp_per_floor":[80,80,80,80,80,80,80,80,80,85,85,85,85,85,85,85,85,85,82,82,82,82,82,82],"card_choices":[{"not_picked":["Thunderclap","Seeing Red"],"picked":"Sword Boomerang","floor":1},{"not_picked":["Bloodletting","Thunderclap"],"picked":"Pommel Strike","floor":5},{"not_picked":["Body Slam","Anger"],"picked":"Cleave","floor":7},{"not_picked":["Sentinel","Blood for Blood"],"picked":"Inflame","floor":11},{"not_picked":["Body Slam","Iron Wave"],"picked":"Impervious","floor":14},{"not_picked":["Brutality","Reaper","Bludgeon"],"picked":"Barricade","floor":16},{"not_picked":["True Grit","Clash","Sword Boomerang+1"],"picked":"Shrug It Off","floor":18},{"not_picked":["Body Slam","Combust+1","Clash"],"picked":"Reaper","floor":20},{"not_picked":["Perfected Strike+1","Clothesline","Flex"],"picked":"Shrug It Off","floor":22}],"player_experience":272601,"relics_obtained":[{"floor":9,"key":"Blue Candle"},{"floor":11,"key":"Letter Opener"},{"floor":14,"key":"Question Card"}],"event_choices":[{"damage_healed":0,"gold_gain":175,"player_choice":"AGREE","damage_taken":0,"max_hp_gain":0,"max_hp_loss":0,"event_name":"Liars Game","floor":2,"gold_loss":0,"cards_obtained":["Doubt"]},{"damage_healed":0,"gold_gain":275,"player_choice":"Desecrate","damage_taken":0,"max_hp_gain":0,"max_hp_loss":0,"event_name":"Golden Shrine","floor":3,"gold_loss":0,"cards_obtained":["Regret"]},{"damage_healed":0,"gold_gain":0,"player_choice":"Donut","damage_taken":0,"max_hp_gain":5,"max_hp_loss":0,"event_name":"Big Fish","floor":10,"gold_loss":0},{"damage_healed":21,"gold_gain":0,"player_choice":"Healed and dodged fight","damage_taken":0,"max_hp_gain":0,"max_hp_loss":0,"event_name":"Mushrooms","floor":13,"gold_loss":0,"cards_obtained":["Parasite"]},{"cards_removed":["Parasite"],"damage_healed":0,"gold_gain":0,"player_choice":"Gave Gold","damage_taken":0,"max_hp_gain":0,"max_hp_loss":0,"event_name":"Beggar","floor":19,"gold_loss":75},{"damage_healed":0,"gold_gain":0,"player_choice":"Traded Relic","damage_taken":0,"relics_obtained":["Nloth\u0027s Gift"],"max_hp_gain":0,"max_hp_loss":0,"event_name":"N\u0027loth","floor":21,"relics_lost":["Blue Candle"],"gold_loss":0}],"is_beta":false,"boss_relics":[{"not_picked":["Calling Bell","Philosopher\u0027s Stone"],"picked":"Snecko Eye"}],"items_purged_floors":[4],"is_endless":false,"potions_floor_spawned":[5,7,16],"killed_by":"Book of Stabbing","ascension_level":11}