{"gold_per_floor":[110,125,140,151,166,195,195,206,206,206,20,95,120,130,130,201,201,215,109,109,55,6,6,6,6,6,6,17,34,34,49,49,49],"floor_reached":33,"playtime":1424,"items_purged":["Strike_G"],"score":450,"play_id":"3585ed0d-4488-48f3-90b4-d768583a5ded","local_time":"20180917132750","is_ascension_mode":true,"campfire_choices":[{"data":"Neutralize","floor":7.0,"key":"SMITH"},{"data":"Terror","floor":10.0,"key":"SMITH"},{"data":"Glass Knife","floor":15.0,"key":"SMITH"},{"floor":23,"key":"REST"},{"floor":25,"key":"REST"},{"data":"Strike_G","floor":27,"key":"PURGE"},{"floor":32,"key":"REST"}],"neow_cost":"TEN_PERCENT_HP_LOSS","seed_source_timestamp":2389081525929,"circlet_count":0,"master_deck":["Defend_G","Defend_G","Defend_G","Defend_G","Defend_G","Strike_G","Strike_G","Strike_G","Survivor","Neutralize+1","AscendersBane","Die Die Die","Terror+1","Dagger Throw","Glass Knife+1","Leg Sweep","Deflect","PiercingWail","Well Laid Plans","Caltrops","Blur","Die Die Die","Glass Knife","Backflip","Backflip","Acrobatics","Cloak And Dagger","Corpse Explosion"],"special_seed":0,"relics":["Ring of the Snake","Calipers","Peace Pipe","Bag of Marbles","Philosopher\u0027s Stone","WingedGreaves","Anchor"],"potions_floor_usage":[33],"damage_taken":[{"damage":0.0,"enemies":"2 Louse","floor":1.0,"turns":2.0},{"damage":2.0,"enemies":"Cultist","floor":2.0,"turns":4.0},{"damage":0.0,"enemies":"Small Slimes","floor":3.0,"turns":2.0},{"damage":4.0,"enemies":"Blue Slaver","floor":4.0,"turns":3.0},{"damage":0.0,"enemies":"Large Slime","floor":5.0,"turns":5.0},{"damage":17.0,"enemies":"Gremlin Nob","floor":6.0,"turns":4.0},{"damage":3.0,"enemies":"Exordium Wildlife","floor":8.0,"turns":3.0},{"damage":11.0,"enemies":"3 Sentries","floor":13.0,"turns":10.0},{"damage":2.0,"enemies":"Looter","floor":14.0,"turns":3.0},{"damage":28.0,"enemies":"Slime Boss","floor":16.0,"turns":9.0},{"damage":17.0,"enemies":"3 Byrds","floor":18.0,"turns":5.0},{"damage":27,"enemies":"Colosseum Slavers","floor":20,"turns":3},{"damage":0,"enemies":"Spheric Guardian","floor":28,"turns":4},{"damage":8,"enemies":"Snecko","floor":29,"turns":6},{"damage":2,"enemies":"Snake Plant","floor":31,"turns":3},{"damage":47,"enemies":"Collector","floor":33,"turns":13}],"seed_played":"4942830426085838401","potions_obtained":[{"floor":1.0,"key":"Regen Potion"},{"floor":6.0,"key":"Regen Potion"},{"floor":14.0,"key":"AttackPotion"},{"floor":31,"key":"Weak Potion"}],"is_trial":false,"path_per_floor":["M","M","M","M","M","E","R","M","T","R","$","?","E","M","R","B",null,"M","?","?","$","$","R","?","R","T","R","M","M","?","M","R"],"character_chosen":"THE_SILENT","items_purchased":["Caltrops","Blur","Backflip","Acrobatics"],"campfire_rested":3,"item_purchase_floors":[11,11,21,22],"current_hp_per_floor":[59,57,57,53,53,36,36,33,33,33,33,22,60,58,58,30,53,36,36,9,9,9,27,27,45,45,45,45,37,31,29,47,0],"gold":49,"neow_bonus":"THREE_RARE_CARDS","is_prod":false,"is_daily":false,"chose_seed":false,"campfire_upgraded":3,"win_rate":0,"timestamp":1537216070,"path_taken":["M","M","M","M","M","E","R","M","T","R","$","?","E","M","R","BOSS","M","?","?","?","$","R","?","R","T","R","?","M","?","M","R","BOSS"],"build_version":"2018-09-06","purchased_purges":1,"victory":false,"max_hp_per_floor":[60,60,60,60,60,60,60,60,60,60,60,60,60,60,60,60,60,60,60,60,60,60,60,60,60,60,60,60,60,60,60,60,60],"card_choices":[{"not_picked":["Tools of the Trade","Burst"],"picked":"Die Die Die","floor":0.0},{"not_picked":["Leg Sweep","Dagger Throw"],"picked":"Terror","floor":1.0},{"not_picked":["Prepared","Acrobatics"],"picked":"Dagger Throw","floor":2.0},{"not_picked":["Flying Knee","Dodge and Roll"],"picked":"Glass Knife","floor":3.0},{"not_picked":["Dagger Spray","Cloak And Dagger"],"picked":"Leg Sweep","floor":4.0},{"not_picked":["Cloak And Dagger","Bane"],"picked":"Deflect","floor":5.0},{"not_picked":["Prepared","Dagger Throw"],"picked":"PiercingWail","floor":6.0},{"not_picked":["Prepared","Setup"],"picked":"Well Laid Plans","floor":8.0},{"not_picked":["Blur","Skewer"],"picked":"Die Die Die","floor":13.0},{"not_picked":["Dodge and Roll","Outmaneuver","Caltrops"],"picked":"SKIP","floor":14.0},{"not_picked":["Storm of Steel","Unload"],"picked":"Glass Knife","floor":16.0},{"not_picked":["Outmaneuver","Quick Slash"],"picked":"Backflip","floor":18.0},{"not_picked":["Underhanded Strike","Poisoned Stab","Bouncing Flask"],"picked":"SKIP","floor":28},{"not_picked":["Prepared","Flying Knee"],"picked":"Cloak And Dagger","floor":29},{"not_picked":["Flying Knee","Caltrops"],"picked":"Corpse Explosion","floor":31}],"player_experience":1151787,"relics_obtained":[{"floor":6.0,"key":"Calipers"},{"floor":9.0,"key":"Peace Pipe"},{"floor":13.0,"key":"Bag of Marbles"},{"floor":26,"key":"Anchor"}],"event_choices":[{"event_name":"World of Goop","player_choice":"Gather Gold","floor":12.0,"damage_taken":0.0},{"event_name":"WeMeetAgain","player_choice":"Gold","floor":19.0,"damage_taken":0.0},{"event_name":"Colosseum","player_choice":"Fight","floor":20,"damage_taken":0},{"event_name":"Colosseum","player_choice":"Fled From Nobs","floor":20,"damage_taken":0},{"event_name":"Knowing Skull","player_choice":"","floor":30,"damage_taken":0}],"is_beta":false,"boss_relics":[{"not_picked":["WristBlade","Runic Pyramid"],"picked":"Philosopher\u0027s Stone"}],"items_purged_floors":[11],"is_endless":false,"potions_floor_spawned":[1,6,14,31],"killed_by":"Collector","ascension_level":15}