{"gold_per_floor":[110,122,133,133,98,98,131,131,155,188,188,201,232,251,251,347,347,370,370,370,370,394,437,437,473,549,583,603,680,720,313,313,411,411,430,124,124,192,237,237,251,80,130,146,171,137,168,70,70,70],"floor_reached":51,"playtime":2970,"items_purged":["Strike_G","Strike_G","Strike_G"],"score":1396,"play_id":"e9feddc2-9f6a-4dcd-9fdf-4973245dd99f","local_time":"20181019094110","is_ascension_mode":true,"campfire_choices":[{"data":"Neutralize","floor":6.0,"key":"SMITH"},{"data":"Dash","floor":8.0,"key":"SMITH"},{"data":"Sucker Punch","floor":11.0,"key":"SMITH"},{"data":"Leg Sweep","floor":15.0,"key":"SMITH"},{"floor":24.0,"key":"REST"},{"floor":32.0,"key":"REST"},{"floor":40.0,"key":"REST"},{"floor":49,"key":"REST"}],"neow_cost":"TEN_PERCENT_HP_LOSS","seed_source_timestamp":2755501980751,"circlet_count":0,"master_deck":["Defend_G+1","Defend_G","Defend_G","Defend_G","Defend_G","Strike_G","Survivor+1","Neutralize+1","AscendersBane","Dramatic Entrance","Secret Technique","Dash+1","Flying Knee","Blur","Sucker Punch+1","Leg Sweep+1","Crippling Poison","Dagger Throw","Venomology","Dagger Spray","Cloak And Dagger","Dash","Quick Slash","Envenom","Footwork","Wraith Form v2","Sucker Punch+1","Dash+1","Flying Knee","Bouncing Flask","Well Laid Plans","Noxious Fumes","PiercingWail"],"special_seed":0,"relics":["Ring of the Snake","Golden Idol","Anchor","Oddly Smooth Stone","Matryoshka","Orichalcum","Snecko Eye","Bronze Scales","Snake Skull","Vajra","Tiny Chest","Kunai","Ninja Scroll","Pear","Ornamental Fan","Mummified Hand","Fusion Hammer","DollysMirror","Bottled Lightning","War Paint","Lantern","Regal Pillow"],"potions_floor_usage":[45,50,50],"damage_taken":[{"damage":2.0,"enemies":"Jaw Worm","floor":1.0,"turns":7.0},{"damage":0.0,"enemies":"Small Slimes","floor":2.0,"turns":4.0},{"damage":0.0,"enemies":"Cultist","floor":3.0,"turns":4.0},{"damage":21.0,"enemies":"Lagavulin","floor":7.0,"turns":9.0},{"damage":0.0,"enemies":"Gremlin Nob","floor":10.0,"turns":4.0},{"damage":0.0,"enemies":"Large Slime","floor":12.0,"turns":6.0},{"damage":5.0,"enemies":"3 Sentries","floor":13.0,"turns":9.0},{"damage":0.0,"enemies":"3 Louse","floor":14.0,"turns":2.0},{"damage":23.0,"enemies":"The Guardian","floor":16.0,"turns":21.0},{"damage":9.0,"enemies":"3 Byrds","floor":18.0,"turns":8.0},{"damage":0.0,"enemies":"Shell Parasite","floor":22.0,"turns":9.0},{"damage":10.0,"enemies":"Slavers","floor":23.0,"turns":9.0},{"damage":9.0,"enemies":"Gremlin Leader","floor":25.0,"turns":7.0},{"damage":9.0,"enemies":"Slavers","floor":27.0,"turns":8.0},{"damage":0.0,"enemies":"Centurion and Healer","floor":28.0,"turns":11.0},{"damage":21.0,"enemies":"Gremlin Leader","floor":30.0,"turns":11.0},{"damage":11.0,"enemies":"Collector","floor":33.0,"turns":11.0},{"damage":0.0,"enemies":"3 Shapes","floor":35.0,"turns":2.0},{"damage":6.0,"enemies":"Orb Walker","floor":41.0,"turns":4.0},{"damage":0.0,"enemies":"Transient","floor":44.0,"turns":5.0},{"damage":0,"enemies":"Spire Growth","floor":45,"turns":5},{"damage":0,"enemies":"Reptomancer","floor":47,"turns":5},{"damage":30,"enemies":"Time Eater","floor":50,"turns":13}],"seed_played":"3924003995279837075","potions_obtained":[{"floor":2.0,"key":"Energy Potion"},{"floor":7.0,"key":"SkillPotion"},{"floor":14.0,"key":"SpeedPotion"},{"floor":16.0,"key":"GhostInAJar"},{"floor":27.0,"key":"Strength Potion"},{"floor":28.0,"key":"Regen Potion"},{"floor":33.0,"key":"Regen Potion"}],"is_trial":false,"path_per_floor":["M","M","M","?","?","R","E","R","T","E","R","M","E","M","R","B",null,"M","?","?","?","M","E","R","E","T","E","M","T","E","$","R","B",null,"M","$","?","T","T","R","M","$","T","M","M","$","E","$","R","B"],"character_chosen":"THE_SILENT","items_purchased":["Mummified Hand","Footwork","DollysMirror","Flying Knee","Well Laid Plans","Noxious Fumes","PiercingWail"],"campfire_rested":4,"item_purchase_floors":[31,31,36,42,46,48,48],"current_hp_per_floor":[57,57,57,36,51,51,30,30,30,30,30,30,25,25,25,2,46,37,37,37,37,37,27,45,36,36,27,27,37,31,31,52,41,63,63,63,63,63,63,70,64,64,64,64,64,64,64,64,70,70],"gold":70,"neow_bonus":"RANDOM_COLORLESS_2","is_prod":false,"is_daily":false,"chose_seed":false,"campfire_upgraded":4,"win_rate":0,"timestamp":1539967270,"path_taken":["M","M","M","?","?","R","E","R","T","E","R","M","E","M","R","BOSS","M","?","?","?","?","E","R","E","T","E","M","?","E","$","R","BOSS","M","?","?","?","?","R","?","$","T","M","M","?","E","$","R","BOSS"],"build_version":"2018-10-18","purchased_purges":3,"victory":true,"max_hp_per_floor":[60,60,60,60,60,60,60,60,60,60,60,60,60,60,60,60,60,60,60,60,60,60,60,60,60,60,60,60,70,70,70,70,70,70,70,70,70,70,70,70,70,70,70,70,70,70,70,70,70,70],"card_choices":[{"not_picked":["Backflip","Skewer"],"picked":"Dash","floor":1.0},{"not_picked":["Prepared","Escape Plan"],"picked":"Flying Knee","floor":2.0},{"not_picked":["Dodge and Roll","Doppelganger"],"picked":"Blur","floor":3.0},{"not_picked":["Bane","PiercingWail"],"picked":"Sucker Punch","floor":7.0},{"not_picked":["Skewer","Blade Dance","Sucker Punch"],"picked":"SKIP","floor":10.0},{"not_picked":["Quick Slash","Poisoned Stab"],"picked":"Leg Sweep","floor":12.0},{"not_picked":["Expertise","Predator"],"picked":"Crippling Poison","floor":13.0},{"not_picked":["Sucker Punch","Leg Sweep"],"picked":"Dagger Throw","floor":14.0},{"not_picked":["Tools of the Trade","Phantasmal Killer"],"picked":"Venomology","floor":16.0},{"not_picked":["Cloak And Dagger","Calculated Gamble"],"picked":"Dagger Spray","floor":18.0},{"not_picked":["PiercingWail","Underhanded Strike+1"],"picked":"Cloak And Dagger","floor":22.0},{"not_picked":["Prepared","Tactician","Bane"],"picked":"SKIP","floor":23.0},{"not_picked":["Finisher","Venomology"],"picked":"Dash","floor":25.0},{"not_picked":["Sucker Punch","Prepared","Deadly Poison"],"picked":"SKIP","floor":27.0},{"not_picked":["Prepared+1","Underhanded Strike"],"picked":"Quick Slash","floor":28.0},{"not_picked":["All Out Attack","Bane"],"picked":"Envenom","floor":30.0},{"not_picked":["Unload","Night Terror"],"picked":"Wraith Form v2","floor":33.0},{"not_picked":["Reflex+1","Flying Knee"],"picked":"Sucker Punch+1","floor":35.0},{"not_picked":["Acrobatics","Slice","Accuracy"],"picked":"SKIP","floor":41.0},{"not_picked":["Noxious Fumes","Dagger Throw"],"picked":"Bouncing Flask","floor":44},{"not_picked":["Outmaneuver","Eviscerate","Acrobatics"],"picked":"SKIP","floor":45},{"not_picked":["Deflect","Blade Dance","Prepared"],"picked":"SKIP","floor":47}],"player_experience":1391117,"relics_obtained":[{"floor":7.0,"key":"Anchor"},{"floor":9.0,"key":"Oddly Smooth Stone"},{"floor":10.0,"key":"Matryoshka"},{"floor":13.0,"key":"Orichalcum"},{"floor":23.0,"key":"Bronze Scales"},{"floor":25.0,"key":"Snake Skull"},{"floor":26.0,"key":"Vajra"},{"floor":26.0,"key":"Tiny Chest"},{"floor":27.0,"key":"Kunai"},{"floor":29.0,"key":"Ninja Scroll"},{"floor":29.0,"key":"Pear"},{"floor":30.0,"key":"Ornamental Fan"},{"floor":38.0,"key":"Bottled Lightning"},{"floor":39.0,"key":"War Paint"},{"floor":43.0,"key":"Lantern"},{"floor":47,"key":"Regal Pillow"}],"event_choices":[{"damage_healed":0.0,"max_hp_gain":0.0,"max_hp_loss":0.0,"gold_gain":0.0,"event_name":"Golden Idol","player_choice":"Take Damage","floor":4.0,"gold_loss":0.0,"damage_taken":21.0,"relics_obtained":["Golden Idol"]},{"damage_healed":15.0,"max_hp_gain":0.0,"max_hp_loss":0.0,"gold_gain":0.0,"event_name":"The Cleric","player_choice":"Healed","floor":5.0,"gold_loss":35.0,"damage_taken":0.0},{"damage_healed":0.0,"max_hp_gain":0.0,"max_hp_loss":0.0,"gold_gain":0.0,"event_name":"Ghosts","player_choice":"Ignored","floor":19.0,"gold_loss":0.0,"damage_taken":0.0},{"damage_healed":0.0,"max_hp_gain":0.0,"max_hp_loss":0.0,"gold_gain":0.0,"event_name":"The Mausoleum","player_choice":"Ignored","floor":20.0,"gold_loss":0.0,"damage_taken":0.0},{"damage_healed":0.0,"max_hp_gain":0.0,"max_hp_loss":0.0,"gold_gain":0.0,"event_name":"Cursed Tome","player_choice":"Ignored","floor":21.0,"gold_loss":0.0,"damage_taken":0.0},{"cards_removed":["Strike_G"],"damage_healed":0.0,"max_hp_gain":0.0,"max_hp_loss":0.0,"gold_gain":0.0,"event_name":"Purifier","player_choice":"Purged","floor":37.0,"gold_loss":0.0,"damage_taken":0.0}],"is_beta":false,"boss_relics":[{"not_picked":["Lizard Tail","Tiny House"],"picked":"Snecko Eye"},{"not_picked":["Pandora\u0027s Box","Calling Bell"],"picked":"Fusion Hammer"}],"items_purged_floors":[31,36,42],"is_endless":false,"potions_floor_spawned":[2,7,14,16,27,28,30,33,35,41],"ascension_level":15}