{"gold_per_floor":[113,113,130,305,305,305,336,336,336,350,350,450,450,469,469,566,616,632,649,110,110,42,370,389,389,389,389,389,408,30,30,30,30],"floor_reached":33,"playtime":1693,"items_purged":["Doubt","Thunder Strike+1"],"score":299,"play_id":"64e6c97f-35de-472c-85ab-606ff36438a4","local_time":"20181013231456","is_ascension_mode":true,"campfire_choices":[{"data":"Redo","floor":6,"key":"SMITH"},{"data":"Conserve Battery","floor":8,"key":"SMITH"},{"floor":11,"key":"REST"},{"floor":13,"key":"REST"},{"data":"Creative AI","floor":15,"key":"SMITH"},{"floor":25,"key":"REST"},{"floor":28,"key":"REST"},{"floor":32,"key":"REST"}],"neow_cost":"NONE","seed_source_timestamp":274315401493432,"circlet_count":0,"master_deck":["Strike_B+1","Strike_B+1","Strike_B+1","Strike_B+1","Defend_B+1","Defend_B+1","Defend_B+1","Defend_B+1","Zap","Dualcast","Machine Learning+1","Barrage","Redo+1","Conserve Battery+1","Cold Snap+1","Creative AI+1","Rip and Tear+1","Beam Cell+1","Static Discharge+1","Undo+1","Ball Lightning+1","Capacitor","Heatsinks"],"relics":["Cracked Core","StoneCalendar","Bottled Lightning","Molten Egg 2","Tiny House","HandDrill","Pear","Old Coin","Shuriken","Mummified Hand"],"potions_floor_usage":[16,16,23,33],"damage_taken":[{"damage":5,"enemies":"Cultist","floor":1,"turns":4},{"damage":0,"enemies":"2 Louse","floor":3,"turns":3},{"damage":31,"enemies":"Gremlin Nob","floor":7,"turns":4},{"damage":10,"enemies":"Small Slimes","floor":10,"turns":2},{"damage":11,"enemies":"3 Louse","floor":14,"turns":2},{"damage":22,"enemies":"Slime Boss","floor":16,"turns":6},{"damage":22,"enemies":"3 Byrds","floor":18,"turns":5},{"damage":17,"enemies":"Spheric Guardian","floor":19,"turns":4},{"damage":40,"enemies":"Slavers","floor":23,"turns":4},{"damage":10,"enemies":"Snecko","floor":24,"turns":5},{"damage":40,"enemies":"Snake Plant","floor":29,"turns":3},{"damage":75,"enemies":"Collector","floor":33,"turns":7}],"seed_played":"4104073759843672270","potions_obtained":[{"floor":3,"key":"LiquidBronze"},{"floor":14,"key":"PowerPotion"},{"floor":17,"key":"Poison Potion"},{"floor":24,"key":"Swift Potion"},{"floor":29,"key":"Dexterity Potion"}],"is_trial":false,"path_per_floor":["M","?","M","?","?","R","E","R","T","M","R","?","R","M","R","B",null,"M","M","$","?","$","E","M","R","T","?","R","M","$","?","R"],"character_chosen":"DEFECT","items_purchased":["HandDrill","Pear","Static Discharge","Mummified Hand","Heatsinks"],"campfire_rested":5,"item_purchase_floors":[20,20,22,30,30],"current_hp_per_floor":[70,75,75,75,57,57,26,26,26,16,40,40,64,53,53,31,85,63,46,56,56,56,16,6,34,34,34,62,22,22,22,50,0],"gold":30,"neow_bonus":"ONE_RANDOM_RARE_CARD","is_prod":false,"is_daily":false,"chose_seed":false,"campfire_upgraded":3,"win_rate":0,"timestamp":1539486896,"path_taken":["M","?","M","?","?","R","E","R","T","M","R","?","R","M","R","BOSS","M","M","$","?","$","E","M","R","T","?","R","M","?","?","R","BOSS"],"build_version":"2018-10-11","purchased_purges":2,"victory":false,"max_hp_per_floor":[75,80,80,80,80,80,80,80,80,80,80,80,80,80,80,80,85,85,85,95,95,95,95,95,95,95,95,95,95,95,95,95,95],"card_choices":[{"not_picked":["Coolheaded","Beam Cell"],"picked":"Barrage","floor":1},{"not_picked":["Barrage","Cold Snap"],"picked":"Redo","floor":3},{"not_picked":["Compile Driver","Coolheaded"],"picked":"Conserve Battery","floor":7},{"not_picked":["Reinforced Body","White Noise"],"picked":"Cold Snap+1","floor":10},{"not_picked":["Turbo","Chill"],"picked":"Creative AI","floor":14},{"not_picked":["Rainbow","Meteor Strike+1"],"picked":"Thunder Strike+1","floor":16},{"not_picked":["Fusion","Redo"],"picked":"Rip and Tear+1","floor":17},{"not_picked":["Go for the Eyes+1","Coolheaded"],"picked":"Beam Cell+1","floor":18},{"not_picked":["Conserve Battery","Beam Cell+1","Redo+1"],"picked":"SKIP","floor":19},{"not_picked":["Force Field","Reinforced Body"],"picked":"Undo+1","floor":23},{"not_picked":["Loop","Leap"],"picked":"Ball Lightning+1","floor":24},{"not_picked":["Stack","Static Discharge"],"picked":"Capacitor","floor":29}],"player_experience":51878,"relics_obtained":[{"floor":7,"key":"Bottled Lightning"},{"floor":9,"key":"Molten Egg 2"},{"floor":23,"key":"Old Coin"},{"floor":26,"key":"Shuriken"}],"event_choices":[{"event_name":"Big Fish","player_choice":"Donut","floor":2,"damage_taken":0},{"event_name":"Liars Game","player_choice":"agreed","floor":4,"damage_taken":0},{"event_name":"Scrap Ooze","player_choice":"success","floor":5,"damage_taken":18},{"event_name":"Golden Shrine","player_choice":"Pray","floor":12,"damage_taken":0},{"event_name":"Back to Basics","player_choice":"Simplicity","floor":21,"damage_taken":0},{"event_name":"Ghosts","player_choice":"Ignored","floor":27,"damage_taken":0},{"event_name":"Upgrade Shrine","player_choice":"Upgraded","floor":31,"damage_taken":0}],"is_beta":false,"boss_relics":[{"not_picked":["White Beast Statue","Busted Crown"],"picked":"Tiny House"}],"items_purged_floors":[20,30],"is_endless":false,"potions_floor_spawned":[3,14,24,29],"killed_by":"Collector","ascension_level":1}