{"gold_per_floor":[109,284,32,32,107,107,443,443,524,543,543,559,181,197,197,325,325,350,364,364,279,240,240,261,41,41,41,41,82,98,113,113,238,238,257,257,277,78,203,203,203,203,203,203,203,203,224,224,224,224],"floor_reached":51,"playtime":3755,"items_purged":["Doubt","Injury"],"score":716,"play_id":"aa52b384-4c66-46fe-b2a8-5b76a459cc2d","local_time":"20190104054048","is_ascension_mode":false,"campfire_choices":[{"data":"Enlightenment","floor":6.0,"key":"SMITH"},{"data":"Venomology","floor":8.0,"key":"SMITH"},{"data":"Terror","floor":11.0,"key":"SMITH"},{"data":"Neutralize","floor":15.0,"key":"SMITH"},{"data":"Blade Dance","floor":23.0,"key":"SMITH"},{"floor":32.0,"key":"REST"},{"data":"Distraction","floor":41,"key":"SMITH"},{"data":"Malaise","floor":42,"key":"SMITH"},{"floor":45,"key":"DIG"},{"floor":46,"key":"DIG"},{"floor":49,"key":"DIG"}],"neow_cost":"NONE","seed_source_timestamp":52851792873940,"circlet_count":0,"master_deck":["Survivor","Neutralize+1","Terror+1","Accuracy","Enlightenment+1","Venomology+1","PiercingWail","Infinite Blades","Noxious Fumes","Catalyst","Die Die Die+1","Malaise+1","Infinite Blades","Distraction+1","Blur","After Image","All Out Attack+1","After Image","Wraith Form v2","Skewer","Malaise","PiercingWail","Blade Dance+1","Accuracy","Footwork+1","Bullet Time","Phantasmal Killer","Cloak And Dagger","Crippling Poison+1","Purity"],"special_seed":0,"relics":["Ring of the Snake","Golden Idol","Old Coin","Ornamental Fan","Thread and Needle","Pandora\u0027s Box","Nilry\u0027s Codex","Unceasing Top","Whetstone","Dead Branch","Runic Pyramid","WingedGreaves","Shovel","Bottled Flame","Ancient Tea Set","Lantern"],"potions_floor_usage":[47,50],"damage_taken":[{"damage":4.0,"enemies":"Small Slimes","floor":1.0,"turns":5.0},{"damage":28.0,"enemies":"Lagavulin","floor":7.0,"turns":7.0},{"damage":8.0,"enemies":"Jaw Worm","floor":10.0,"turns":5.0},{"damage":0.0,"enemies":"2 Louse","floor":12.0,"turns":3.0},{"damage":0.0,"enemies":"Exordium Wildlife","floor":14.0,"turns":4.0},{"damage":14.0,"enemies":"Slime Boss","floor":16.0,"turns":11.0},{"damage":0.0,"enemies":"Chosen","floor":18.0,"turns":7.0},{"damage":0.0,"enemies":"Spheric Guardian","floor":19.0,"turns":6.0},{"damage":9.0,"enemies":"Shelled Parasite and Fungi","floor":24.0,"turns":8.0},{"damage":0.0,"enemies":"Chosen and Byrds","floor":28.0,"turns":1.0},{"damage":0.0,"enemies":"Book of Stabbing","floor":29.0,"turns":8.0},{"damage":3.0,"enemies":"Snake Plant","floor":30.0,"turns":6.0},{"damage":6.0,"enemies":"Centurion and Healer","floor":31.0,"turns":6.0},{"damage":13.0,"enemies":"Collector","floor":33.0,"turns":11.0},{"damage":5.0,"enemies":"Orb Walker","floor":35.0,"turns":4.0},{"damage":0.0,"enemies":"3 Shapes","floor":37.0,"turns":5.0},{"damage":0.0,"enemies":"Mind Bloom Boss Battle","floor":39.0,"turns":7.0},{"damage":4.0,"enemies":"Reptomancer","floor":40.0,"turns":2.0},{"damage":0,"enemies":"Jaw Worm Horde","floor":47,"turns":4},{"damage":27,"enemies":"Donu and Deca","floor":50,"turns":6}],"seed_played":"-4154661255677624221","potions_obtained":[{"floor":1.0,"key":"SteroidPotion"},{"floor":7.0,"key":"SmokeBomb"},{"floor":31.0,"key":"Dexterity Potion"},{"floor":39.0,"key":"EssenceOfSteel"}],"is_trial":false,"path_per_floor":["M","?","$","?","?","R","E","R","T","M","R","M","$","M","R","B",null,"M","M","?","?","$","R","M","$","T","?","M","E","M","M","R","B",null,"M","$","M","$","?","E","R","R","T","?","R","R","M","?","R","B",null],"character_chosen":"THE_SILENT","items_purchased":["Accuracy","Enlightenment","Thread and Needle","Noxious Fumes","Accuracy","Footwork","Whetstone","Fruit Juice"],"campfire_rested":1,"item_purchase_floors":[3,3,13,13,22,25,25,38],"current_hp_per_floor":[73,73,73,73,62,62,34,34,34,26,26,26,26,26,26,12,77,77,77,61,61,61,61,52,52,52,52,52,52,49,43,66,53,77,72,72,72,77,77,73,73,73,73,73,73,73,73,73,73,46],"gold":224,"neow_bonus":"TEN_PERCENT_HP_BONUS","is_prod":false,"is_daily":false,"chose_seed":false,"campfire_upgraded":7,"win_rate":0,"timestamp":1546576848,"path_taken":["M","?","$","?","?","R","E","R","T","M","R","M","$","?","R","BOSS","M","M","?","?","?","R","M","$","T","?","M","E","M","?","R","BOSS","M","$","M","$","?","E","R","R","T","?","R","R","M","?","R","BOSS"],"build_version":"2019-01-03v2","purchased_purges":2,"victory":true,"max_hp_per_floor":[77,77,77,77,77,77,77,77,77,77,77,77,77,77,77,77,77,77,77,77,77,77,77,77,77,77,77,77,77,77,77,77,77,77,77,77,77,82,82,82,82,82,82,82,82,82,82,82,82,82],"card_choices":[{"not_picked":["Well Laid Plans","Quick Slash"],"picked":"Terror","floor":1.0},{"not_picked":["PiercingWail","Underhanded Strike"],"picked":"Venomology","floor":7.0},{"not_picked":["Outmaneuver","Quick Slash"],"picked":"PiercingWail","floor":10.0},{"not_picked":["Backflip","Leg Sweep"],"picked":"Infinite Blades","floor":12.0},{"not_picked":["Prepared","Infinite Blades"],"picked":"Catalyst","floor":14.0},{"not_picked":["Storm of Steel","Adrenaline"],"picked":"Die Die Die","floor":16.0},{"not_picked":["Deflect","Sucker Punch+1"],"picked":"PiercingWail","floor":18.0},{"not_picked":["Dodge and Roll","Acrobatics"],"picked":"Blade Dance","floor":19.0},{"not_picked":["Heel Hook+1","Dagger Throw","Outmaneuver+1"],"picked":"SKIP","floor":24.0},{"not_picked":["Heel Hook+1","Dagger Throw","Outmaneuver+1"],"picked":"SKIP","floor":24.0},{"not_picked":["Deflect","Expertise","Heel Hook"],"picked":"SKIP","floor":29.0},{"not_picked":["Calculated Gamble+1","Poisoned Stab+1"],"picked":"Bullet Time","floor":30.0},{"not_picked":["Skewer","Dagger Throw+1","Sucker Punch"],"picked":"SKIP","floor":31.0},{"not_picked":["Night Terror","Burst"],"picked":"Phantasmal Killer","floor":33.0},{"not_picked":["Setup","Accuracy","Slice"],"picked":"SKIP","floor":35.0},{"not_picked":["Terror","Blade Dance"],"picked":"Cloak And Dagger","floor":37.0},{"not_picked":["Reflex+1","Backflip"],"picked":"Crippling Poison+1","floor":47},{"not_picked":["Metamorphosis","Impatience"],"picked":"Purity","floor":48}],"player_experience":366300,"relics_obtained":[{"floor":7.0,"key":"Old Coin"},{"floor":9.0,"key":"Ornamental Fan"},{"floor":20.0,"key":"Nilry\u0027s Codex"},{"floor":29.0,"key":"Dead Branch"},{"floor":39.0,"key":"WingedGreaves"},{"floor":43,"key":"Shovel"},{"floor":45,"key":"Bottled Flame"},{"floor":46,"key":"Ancient Tea Set"},{"floor":49,"key":"Lantern"}],"event_choices":[{"damage_healed":0.0,"max_hp_gain":0.0,"max_hp_loss":0.0,"gold_gain":175.0,"event_name":"Liars Game","player_choice":"AGREE","floor":2.0,"gold_loss":0.0,"damage_taken":0.0,"cards_obtained":["Doubt"]},{"damage_healed":0.0,"max_hp_gain":0.0,"max_hp_loss":0.0,"gold_gain":0.0,"event_name":"Golden Idol","player_choice":"Take Wound","floor":4.0,"gold_loss":0.0,"damage_taken":0.0,"relics_obtained":["Golden Idol"],"cards_obtained":["Injury"]},{"damage_healed":0.0,"max_hp_gain":0.0,"max_hp_loss":0.0,"gold_gain":75.0,"event_name":"World of Goop","player_choice":"Gather Gold","floor":5.0,"gold_loss":0.0,"damage_taken":11.0},{"damage_healed":0.0,"max_hp_gain":0.0,"max_hp_loss":0.0,"gold_gain":0.0,"event_name":"Cursed Tome","player_choice":"Obtained Book","floor":20.0,"gold_loss":0.0,"damage_taken":16.0},{"damage_healed":0.0,"max_hp_gain":0.0,"max_hp_loss":0.0,"gold_gain":0.0,"event_name":"Addict","player_choice":"Obtained Relic","floor":21.0,"gold_loss":85.0,"damage_taken":0.0,"relics_obtained":["Unceasing Top"]},{"damage_healed":0.0,"max_hp_gain":0.0,"max_hp_loss":0.0,"gold_gain":0.0,"event_name":"Accursed Blacksmith","player_choice":"Forge","floor":27.0,"gold_loss":0.0,"damage_taken":0.0,"cards_upgraded":["Footwork"]},{"damage_healed":0.0,"max_hp_gain":0.0,"max_hp_loss":0.0,"gold_gain":0.0,"event_name":"MindBloom","player_choice":"Fight","floor":39.0,"gold_loss":0.0,"damage_taken":0.0},{"damage_healed":0,"gold_gain":0,"player_choice":"Ignored","damage_taken":0,"max_hp_gain":0,"max_hp_loss":0,"event_name":"Tomb of Lord Red Mask","floor":44,"gold_loss":0},{"damage_healed":0,"gold_gain":0,"player_choice":"Memory 1","damage_taken":0,"max_hp_gain":0,"max_hp_loss":0,"event_name":"SensoryStone","floor":48,"gold_loss":0}],"is_beta":true,"boss_relics":[{"not_picked":["White Beast Statue","Fusion Hammer"],"picked":"Pandora\u0027s Box"},{"not_picked":["Lizard Tail","Calling Bell"],"picked":"Runic Pyramid"}],"items_purged_floors":[3,38],"is_endless":false,"potions_floor_spawned":[1,7,12,18,24,28,31,39,40],"ascension_level":0}