{"gold_per_floor":[17,32,32,47,66,66,78,90,142,159,184,184,201,233,233,304,304,314,314,296,314,212,212,127,127,151,201,235,254,268,279,279,279],"floor_reached":33,"playtime":1529,"items_purged":[],"score":495,"play_id":"b5797818-9d2b-4010-8cb9-67798a57227b","local_time":"20181012201238","is_ascension_mode":true,"campfire_choices":[{"data":"Neutralize","floor":6.0,"key":"SMITH"},{"floor":12.0,"key":"REST"},{"data":"Blade Dance","floor":15.0,"key":"SMITH"},{"data":"Cloak And Dagger","floor":23.0,"key":"SMITH"},{"data":"After Image","floor":25.0,"key":"SMITH"},{"floor":32,"key":"REST"}],"neow_cost":"NO_GOLD","seed_source_timestamp":41125138679685,"circlet_count":0,"master_deck":["Defend_G","Defend_G","Defend_G","Defend_G","Defend_G","Strike_G","Strike_G","Strike_G","Survivor","Neutralize+1","AscendersBane","Quick Slash","Escape Plan","Flying Knee","Poisoned Stab","Dagger Spray","Dagger Spray","Finisher","Blade Dance+1","After Image+1","PiercingWail","Cloak And Dagger+1","Prepared","Blur+1","Well Laid Plans+1","Leg Sweep+1","Distraction+1"],"special_seed":0,"relics":["Ring of the Snake","Calipers","Happy Flower","Orichalcum","Shuriken","Oddly Smooth Stone","Empty Cage","FossilizedHelix","Boot","Toxic Egg 2"],"potions_floor_usage":[28,30,33,33],"damage_taken":[{"damage":4.0,"enemies":"Small Slimes","floor":1.0,"turns":6.0},{"damage":0.0,"enemies":"Cultist","floor":2.0,"turns":3.0},{"damage":0.0,"enemies":"Jaw Worm","floor":4.0,"turns":4.0},{"damage":4.0,"enemies":"2 Fungi Beasts","floor":5.0,"turns":4.0},{"damage":0.0,"enemies":"Large Slime","floor":7.0,"turns":7.0},{"damage":7.0,"enemies":"Lots of Slimes","floor":8.0,"turns":3.0},{"damage":0.0,"enemies":"Looter","floor":10.0,"turns":4.0},{"damage":25.0,"enemies":"3 Sentries","floor":11.0,"turns":9.0},{"damage":1.0,"enemies":"Exordium Wildlife","floor":13.0,"turns":3.0},{"damage":16.0,"enemies":"Gremlin Nob","floor":14.0,"turns":4.0},{"damage":2.0,"enemies":"Hexaghost","floor":16.0,"turns":6.0},{"damage":1.0,"enemies":"Shell Parasite","floor":18.0,"turns":6.0},{"damage":6.0,"enemies":"2 Thieves","floor":20.0,"turns":4.0},{"damage":4.0,"enemies":"Shelled Parasite and Fungi","floor":21.0,"turns":5.0},{"damage":15,"enemies":"Book of Stabbing","floor":28,"turns":7},{"damage":0,"enemies":"Centurion and Healer","floor":29,"turns":7},{"damage":0,"enemies":"Snake Plant","floor":30,"turns":5},{"damage":0,"enemies":"3 Cultists","floor":31,"turns":5},{"damage":51,"enemies":"Collector","floor":33,"turns":7}],"seed_played":"5744443619621028829","potions_obtained":[{"floor":4.0,"key":"Block Potion"},{"floor":5.0,"key":"EssenceOfSteel"},{"floor":10.0,"key":"Dexterity Potion"},{"floor":11.0,"key":"PowerPotion"},{"floor":20.0,"key":"Fire Potion"},{"floor":29,"key":"Strength Potion"},{"floor":30,"key":"SteroidPotion"}],"is_trial":false,"path_per_floor":["M","M","?","M","M","R","M","M","T","M","E","R","M","E","R","B",null,"M","?","M","M","$","R","?","R","T","?","E","M","M","M","R"],"character_chosen":"THE_SILENT","items_purchased":["Cloak And Dagger","Prepared"],"campfire_rested":2,"item_purchase_floors":[22,22],"current_hp_per_floor":[55,55,55,55,51,51,51,44,44,44,19,38,37,21,21,19,54,53,53,47,43,43,43,43,43,43,43,28,28,28,28,47,0],"gold":279,"neow_bonus":"ONE_RARE_RELIC","is_prod":false,"is_daily":false,"chose_seed":false,"campfire_upgraded":4,"win_rate":0,"timestamp":1539400358,"path_taken":["M","M","?","M","M","R","M","M","T","M","E","R","M","E","R","BOSS","M","?","?","M","$","R","?","R","T","?","E","?","M","M","R","BOSS"],"build_version":"2018-10-11","purchased_purges":0,"victory":false,"max_hp_per_floor":[66,66,66,66,66,66,66,66,66,66,66,66,66,66,66,66,66,66,66,66,66,66,66,66,66,66,66,66,66,66,66,66,66],"card_choices":[{"not_picked":["Reflex","PiercingWail"],"picked":"Quick Slash","floor":1.0},{"not_picked":["Acrobatics","Slice"],"picked":"Escape Plan","floor":2.0},{"not_picked":["Endless Agony","Dodge and Roll"],"picked":"Flying Knee","floor":4.0},{"not_picked":["Heel Hook","PiercingWail"],"picked":"Poisoned Stab","floor":5.0},{"not_picked":["Acrobatics","Poisoned Stab"],"picked":"Dagger Spray","floor":7.0},{"not_picked":["Underhanded Strike","Catalyst","Doppelganger"],"picked":"SKIP","floor":8.0},{"not_picked":["Accuracy","PiercingWail"],"picked":"Dagger Spray","floor":10.0},{"not_picked":["Backflip","Bane"],"picked":"Finisher","floor":11.0},{"not_picked":["Dagger Throw","Deflect","Reflex"],"picked":"SKIP","floor":13.0},{"not_picked":["Grand Finale","Outmaneuver"],"picked":"Blade Dance","floor":14.0},{"not_picked":["Corpse Explosion","Phantasmal Killer"],"picked":"After Image","floor":16.0},{"not_picked":["Terror","Dash"],"picked":"PiercingWail","floor":18.0},{"not_picked":["Acrobatics","Quick Slash","Dodge and Roll"],"picked":"SKIP","floor":20.0},{"not_picked":["Outmaneuver","Flying Knee","Dodge and Roll"],"picked":"SKIP","floor":21.0},{"not_picked":["Underhanded Strike","Backflip"],"picked":"Blur+1","floor":28},{"not_picked":["Outmaneuver+1","Noxious Fumes"],"picked":"Well Laid Plans+1","floor":29},{"not_picked":["Corpse Explosion+1","Flying Knee"],"picked":"Leg Sweep+1","floor":30},{"not_picked":["PiercingWail+1","Deadly Poison+1"],"picked":"Distraction+1","floor":31}],"player_experience":1348109,"relics_obtained":[{"floor":3.0,"key":"Happy Flower"},{"floor":9.0,"key":"Orichalcum"},{"floor":11.0,"key":"Shuriken"},{"floor":14.0,"key":"Oddly Smooth Stone"},{"floor":26.0,"key":"Boot"},{"floor":28,"key":"Toxic Egg 2"}],"event_choices":[{"event_name":"Wheel of Change","player_choice":"Relic","floor":3.0,"damage_taken":0.0},{"event_name":"Cursed Tome","player_choice":"Ignored","floor":19.0,"damage_taken":0.0},{"event_name":"Addict","player_choice":"Obtained Relic","floor":24.0,"damage_taken":0.0},{"event_name":"Nest","player_choice":"Stole From Cult","floor":27.0,"damage_taken":0.0}],"is_beta":false,"boss_relics":[{"not_picked":["Runic Dome","White Beast Statue"],"picked":"Empty Cage"}],"items_purged_floors":[],"is_endless":false,"potions_floor_spawned":[4,5,10,11,14,20,29,30],"killed_by":"Collector","ascension_level":15}