{"gold_per_floor":[114,128,128,144,159,159,159,184,231,257,257,291,291,291,291,367,367,386,386,249,249,262,293,293,308,331,356,356,356,390,416,416,490,490,510,510,530,221,235,269,269,54,54,85,104,54,54,83,83,83,83],"floor_reached":52,"playtime":2709,"items_purged":["Pain"],"score":2114,"play_id":"a390d077-0711-4c91-851c-d7eaa37522d3","local_time":"20190214175523","daily_mods":["SealedDeck","DeadlyEvents","Elite Swarm"],"is_ascension_mode":true,"campfire_choices":[{"data":"Armaments","floor":6.0,"key":"SMITH"},{"data":"Barricade","floor":11,"key":"SMITH"},{"data":"Dark Embrace","floor":13,"key":"SMITH"},{"data":"Shockwave","floor":15,"key":"SMITH"},{"data":"Juggernaut","floor":24,"key":"SMITH"},{"data":"Impervious","floor":28,"key":"SMITH"},{"data":"Demon Form","floor":32,"key":"SMITH"},{"data":"Exhume","floor":41,"key":"SMITH"},{"data":"Metallicize","floor":47,"key":"SMITH"},{"data":"Disarm","floor":49,"key":"SMITH"}],"neow_cost":"","seed_source_timestamp":0,"circlet_count":0,"master_deck":["AscendersBane","Sword Boomerang","Flex","Iron Wave","Shockwave+1","Twin Strike","Anger","Headbutt","Battle Trance","Shrug It Off","Armaments+1","Shrug It Off","Pommel Strike","Dark Embrace+1","Barricade+1","Impervious+1","Impervious","Feed","Necronomicurse","Disarm+1","Clothesline","True Grit+1","Juggernaut+1","Parasite","Impervious","Exhume+1","Demon Form+1","Impervious","Offering","True Grit+1","Metallicize+1","Exhume","Reaper"],"special_seed":0,"relics":["Burning Blood","Meat on the Bone","Bag of Preparation","Mummified Hand","Blood Vial","Cursed Key","Necronomicon","Regal Pillow","Oddly Smooth Stone","Nloth\u0027s Gift","Singing Bowl","Nunchaku","Philosopher\u0027s Stone","Letter Opener","Matryoshka","OrangePellets","Lantern","Smiling Mask","Boot","Gremlin Horn"],"potions_floor_usage":[23,27,31,31,33],"damage_taken":[{"damage":0.0,"enemies":"Small Slimes","floor":1.0,"turns":3.0},{"damage":0.0,"enemies":"Jaw Worm","floor":2.0,"turns":3.0},{"damage":0.0,"enemies":"Cultist","floor":4.0,"turns":3.0},{"damage":0.0,"enemies":"Exordium Wildlife","floor":5.0,"turns":3.0},{"damage":4.0,"enemies":"Lagavulin","floor":8.0,"turns":4.0},{"damage":6,"enemies":"Gremlin Nob","floor":10,"turns":3},{"damage":15,"enemies":"3 Sentries","floor":12,"turns":7},{"damage":24,"enemies":"Hexaghost","floor":16,"turns":9},{"damage":0,"enemies":"Chosen","floor":18,"turns":5},{"damage":0,"enemies":"Spheric Guardian","floor":22,"turns":4},{"damage":15,"enemies":"Book of Stabbing","floor":23,"turns":8},{"damage":0,"enemies":"3 Cultists","floor":25,"turns":5},{"damage":0,"enemies":"Gremlin Leader","floor":27,"turns":10},{"damage":9,"enemies":"Book of Stabbing","floor":30,"turns":5},{"damage":90,"enemies":"Slavers","floor":31,"turns":12},{"damage":10,"enemies":"Collector","floor":33,"turns":7},{"damage":0,"enemies":"Orb Walker","floor":35,"turns":4},{"damage":32,"enemies":"3 Darklings","floor":37,"turns":5},{"damage":12,"enemies":"4 Shapes","floor":39,"turns":6},{"damage":9,"enemies":"Reptomancer","floor":40,"turns":7},{"damage":18,"enemies":"Giant Head","floor":44,"turns":7},{"damage":34,"enemies":"Jaw Worm Horde","floor":45,"turns":4},{"damage":19,"enemies":"Reptomancer","floor":48,"turns":6},{"damage":35,"enemies":"Awakened One","floor":50,"turns":9},{"damage":36,"enemies":"Donu and Deca","floor":51,"turns":9}],"seed_played":"-5233654857933998297","potions_obtained":[{"floor":8.0,"key":"BloodPotion"},{"floor":10,"key":"FearPotion"},{"floor":23,"key":"Swift Potion"},{"floor":27,"key":"GamblersBrew"},{"floor":31,"key":"PowerPotion"},{"floor":40,"key":"Energy Potion"},{"floor":48,"key":"FearPotion"}],"is_trial":true,"path_per_floor":["M","M","?","M","M","R","?","E","T","E","R","E","R","$","R","B",null,"M","?","$","?","M","E","R","M","T","E","R","?","E","E","R","B",null,"M","?","M","$","M","E","R","$","T","E","M","$","R","E","R","B","B",null],"character_chosen":"IRONCLAD","items_purchased":["Disarm","Clothesline","Letter Opener","Metallicize","OrangePellets"],"campfire_rested":0,"item_purchase_floors":[20,20,38,38,42],"current_hp_per_floor":[74,75,64,70,75,75,75,75,75,75,75,66,66,66,66,50,69,79,58,58,58,70,74,74,85,85,89,89,89,89,22,22,32,79,92,92,68,68,70,71,71,71,71,61,52,52,52,57,57,110,121],"gold":83,"neow_bonus":"","is_prod":false,"is_daily":false,"chose_seed":false,"campfire_upgraded":10,"win_rate":0,"timestamp":1550195723,"path_taken":["M","M","?","M","M","R","?","E","T","E","R","E","R","$","R","BOSS","M","?","$","?","M","E","R","M","T","E","R","?","E","?","R","BOSS","M","?","M","$","M","E","R","$","T","E","M","$","R","E","R","BOSS","BOSS"],"build_version":"2019-01-23","purchased_purges":1,"victory":true,"max_hp_per_floor":[75,75,75,75,75,75,75,75,75,75,75,75,75,75,75,75,75,79,79,79,79,83,86,86,89,89,89,89,89,92,95,95,95,95,100,100,100,100,106,108,108,108,108,108,113,113,113,117,117,121,121],"card_choices":[{"not_picked":["Warcry","Havoc"],"picked":"Shrug It Off","floor":1.0},{"not_picked":["Clash","Ghostly Armor"],"picked":"Pommel Strike","floor":2.0},{"not_picked":["Fire Breathing","Sever Soul","Body Slam"],"picked":"SKIP","floor":4.0},{"not_picked":["Pommel Strike","Body Slam"],"picked":"Dark Embrace","floor":5.0},{"not_picked":["Brutality","Exhume"],"picked":"Barricade","floor":8.0},{"not_picked":["Exhume","Double Tap"],"picked":"Impervious","floor":10},{"not_picked":["Dark Embrace","Berserk"],"picked":"Impervious","floor":12},{"not_picked":["Brutality","Bludgeon"],"picked":"Feed","floor":16},{"not_picked":["Clash+1","Perfected Strike","Warcry+1"],"picked":"SKIP","floor":18},{"not_picked":["Heavy Blade","Infernal Blade"],"picked":"True Grit+1","floor":22},{"not_picked":["Double Tap","Demon Form"],"picked":"Juggernaut","floor":23},{"not_picked":["Pommel Strike","Shockwave","Fire Breathing"],"picked":"SKIP","floor":25},{"not_picked":["Bludgeon","Limit Break"],"picked":"Impervious","floor":27},{"not_picked":["Dark Embrace","Feed"],"picked":"Exhume","floor":30},{"not_picked":["Immolate","Brutality"],"picked":"Demon Form","floor":31},{"not_picked":["Brutality","Berserk"],"picked":"Impervious","floor":33},{"not_picked":["Seeing Red","Clothesline","Thunderclap"],"picked":"Singing Bowl","floor":35},{"not_picked":["Dropkick+1","Warcry+1"],"picked":"True Grit+1","floor":37},{"not_picked":["Sentinel","Heavy Blade+1","Rampage"],"picked":"Singing Bowl","floor":39},{"not_picked":["Double Tap","Offering","Demon Form"],"picked":"Singing Bowl","floor":40},{"not_picked":["Bludgeon","Brutality"],"picked":"Exhume","floor":44},{"not_picked":["Anger","Cleave","Armaments+1"],"picked":"Singing Bowl","floor":45},{"not_picked":["Feed","Dark Embrace"],"picked":"Reaper","floor":48}],"player_experience":2205663,"relics_obtained":[{"floor":8.0,"key":"Bag of Preparation"},{"floor":10,"key":"Mummified Hand"},{"floor":12,"key":"Blood Vial"},{"floor":19,"key":"Necronomicon"},{"floor":23,"key":"Bottled Tornado"},{"floor":26,"key":"Regal Pillow"},{"floor":27,"key":"Oddly Smooth Stone"},{"floor":30,"key":"Singing Bowl"},{"floor":31,"key":"Nunchaku"},{"floor":40,"key":"Matryoshka"},{"floor":43,"key":"Lantern"},{"floor":43,"key":"Smiling Mask"},{"floor":44,"key":"Boot"},{"floor":48,"key":"Gremlin Horn"}],"event_choices":[{"damage_healed":0.0,"max_hp_gain":0.0,"max_hp_loss":0.0,"gold_gain":0.0,"event_name":"Scrap Ooze","player_choice":"Success","floor":3.0,"gold_loss":0.0,"damage_taken":11.0,"relics_obtained":["Meat on the Bone"]},{"damage_healed":0.0,"max_hp_gain":0.0,"max_hp_loss":0.0,"gold_gain":0.0,"event_name":"The Cleric","player_choice":"Leave","floor":7.0,"gold_loss":0.0,"damage_taken":0.0},{"damage_healed":0,"gold_gain":0,"player_choice":"Obtained Book","damage_taken":21,"max_hp_gain":0,"max_hp_loss":0,"event_name":"Cursed Tome","floor":19,"gold_loss":0},{"damage_healed":0,"gold_gain":0,"player_choice":"Ignored","damage_taken":0,"max_hp_gain":0,"max_hp_loss":0,"event_name":"Ghosts","floor":21,"gold_loss":0},{"damage_healed":0,"gold_gain":0,"player_choice":"Traded Relic","damage_taken":0,"relics_obtained":["Nloth\u0027s Gift"],"max_hp_gain":0,"max_hp_loss":0,"event_name":"N\u0027loth","floor":29,"relics_lost":["Bottled Tornado"],"gold_loss":0},{"damage_healed":0,"gold_gain":0,"player_choice":"1 cards matched","damage_taken":0,"max_hp_gain":0,"max_hp_loss":0,"event_name":"Match and Keep!","floor":36,"gold_loss":0,"cards_obtained":["Offering"]}],"is_beta":false,"boss_relics":[{"not_picked":["Black Blood","White Beast Statue"],"picked":"Cursed Key"},{"not_picked":["Runic Dome","Runic Cube"],"picked":"Philosopher\u0027s Stone"}],"items_purged_floors":[46],"is_endless":false,"potions_floor_spawned":[8,10,12,16,23,27,31,40,48],"ascension_level":20}