{"gold_per_floor":[109,119,119,137,137,137,165,165,165,192,211,236,253,29,29,108,108,125,137,153,153,17,17,43,43,120,130,162,37,37,70,70,70],"floor_reached":33,"playtime":1524,"items_purged":["Strike_R","Decay","Strike_R"],"score":565,"play_id":"3d7a8e55-fd0e-4a20-af5b-35515f69616c","local_time":"20190201151636","is_ascension_mode":true,"campfire_choices":[{"data":"Uppercut","floor":6,"key":"SMITH"},{"data":"Anger","floor":8,"key":"SMITH"},{"floor":15,"key":"REST"},{"data":"True Grit","floor":23,"key":"SMITH"},{"data":"Pommel Strike","floor":30,"key":"SMITH"},{"floor":32,"key":"REST"}],"neow_cost":"NONE","seed_source_timestamp":28847225607952,"circlet_count":0,"master_deck":["AscendersBane","Strike_R","Strike_R","Strike_R","Defend_R","Defend_R","Defend_R+1","Defend_R","Bash+1","Thunderclap","Clothesline","Uppercut+1","Anger+1","Pommel Strike+1","True Grit+1","Shrug It Off","Offering","Flame Barrier+1","Headbutt","Feel No Pain","Shrug It Off","Shrug It Off","Reaper"],"relics":["Burning Blood","Ornamental Fan","Bird Faced Urn","Pen Nib","Blood Vial","Matryoshka","Bag of Preparation","Sozu","War Paint","Kunai","Blue Candle","Singing Bowl","Bottled Flame"],"potions_floor_usage":[7,7,31],"damage_taken":[{"damage":6,"enemies":"Cultist","floor":1,"turns":4},{"damage":0,"enemies":"Small Slimes","floor":2,"turns":4},{"damage":0,"enemies":"2 Louse","floor":4,"turns":2},{"damage":25,"enemies":"Lagavulin","floor":7,"turns":5},{"damage":24,"enemies":"Gremlin Nob","floor":10,"turns":4},{"damage":6,"enemies":"Looter","floor":11,"turns":2},{"damage":20,"enemies":"Lagavulin","floor":12,"turns":6},{"damage":17,"enemies":"Lots of Slimes","floor":13,"turns":5},{"damage":40,"enemies":"The Guardian","floor":16,"turns":15},{"damage":6,"enemies":"Chosen","floor":18,"turns":3},{"damage":6,"enemies":"3 Byrds","floor":19,"turns":3},{"damage":20,"enemies":"Sentry and Sphere","floor":20,"turns":6},{"damage":21,"enemies":"Book of Stabbing","floor":24,"turns":6},{"damage":2,"enemies":"Snake Plant","floor":27,"turns":4},{"damage":36,"enemies":"Slavers","floor":28,"turns":7},{"damage":37,"enemies":"Gremlin Leader","floor":31,"turns":11},{"damage":85,"enemies":"Champ","floor":33,"turns":15}],"seed_played":"7998403556433392270","potions_obtained":[{"floor":2,"key":"GamblersBrew"},{"floor":4,"key":"SpeedPotion"},{"floor":5,"key":"SteroidPotion"},{"floor":5,"key":"Poison Potion"},{"floor":13,"key":"BloodPotion"},{"floor":16,"key":"GamblersBrew"}],"is_trial":false,"path_per_floor":["M","M","T","M","?","R","E","R","T","E","M","E","M","$","R","B",null,"M","M","M","?","$","R","E","?","T","M","E","$","R","E","R","B"],"character_chosen":"IRONCLAD","items_purchased":["Bag of Preparation","Feel No Pain"],"campfire_rested":2,"item_purchase_floors":[14,22],"current_hp_per_floor":[68,74,74,75,75,75,56,56,56,38,40,28,19,19,41,9,59,61,63,53,53,53,53,44,75,75,75,47,47,47,43,66,0],"gold":70,"neow_bonus":"UPGRADE_CARD","is_prod":false,"is_daily":false,"chose_seed":false,"campfire_upgraded":4,"win_rate":0,"timestamp":1549062996,"path_taken":["M","M","?","M","?","R","E","R","T","E","?","E","M","$","R","BOSS","M","M","?","?","$","R","E","?","T","?","E","$","R","E","R","BOSS"],"build_version":"2019-01-23","purchased_purges":3,"victory":false,"max_hp_per_floor":[75,75,75,75,75,75,75,75,75,75,75,75,75,75,75,75,75,75,75,75,75,75,75,75,75,75,75,75,75,75,77,77,77],"card_choices":[{"not_picked":["Wild Strike","Cleave"],"picked":"Thunderclap","floor":1},{"not_picked":["Cleave","Body Slam"],"picked":"Clothesline","floor":2},{"not_picked":["Headbutt","Power Through"],"picked":"Uppercut","floor":4},{"not_picked":["Fiend Fire","Uppercut"],"picked":"Anger","floor":7},{"not_picked":["Searing Blow","Wild Strike","Entrench"],"picked":"SKIP","floor":10},{"not_picked":["Heavy Blade","Sword Boomerang"],"picked":"Pommel Strike","floor":11},{"not_picked":["Perfected Strike","Whirlwind"],"picked":"True Grit","floor":12},{"not_picked":["Sword Boomerang","Perfected Strike"],"picked":"Shrug It Off","floor":13},{"not_picked":["Dark Embrace","Exhume"],"picked":"Offering","floor":16},{"not_picked":["Body Slam","Twin Strike"],"picked":"Flame Barrier","floor":18},{"not_picked":["Anger+1","Second Wind"],"picked":"Metallicize","floor":19},{"not_picked":["Entrench","Sword Boomerang"],"picked":"Headbutt","floor":20},{"not_picked":["Havoc","Seeing Red"],"picked":"Shrug It Off","floor":24},{"not_picked":["Blood for Blood","Heavy Blade"],"picked":"Shrug It Off","floor":27},{"not_picked":["Iron Wave","Power Through"],"picked":"Reaper","floor":28},{"not_picked":["Flex","Wild Strike","Second Wind"],"picked":"Singing Bowl","floor":31}],"player_experience":2122670,"relics_obtained":[{"floor":3,"key":"Ornamental Fan"},{"floor":7,"key":"Bird Faced Urn"},{"floor":9,"key":"Pen Nib"},{"floor":10,"key":"Blood Vial"},{"floor":12,"key":"Matryoshka"},{"floor":24,"key":"War Paint"},{"floor":26,"key":"Kunai"},{"floor":26,"key":"Blue Candle"},{"floor":28,"key":"Singing Bowl"},{"floor":31,"key":"Bottled Flame"}],"event_choices":[{"damage_healed":0,"gold_gain":0,"player_choice":"Got Potions","damage_taken":0,"max_hp_gain":0,"max_hp_loss":0,"event_name":"Lab","floor":5,"gold_loss":0},{"damage_healed":0,"gold_gain":0,"player_choice":"Smashed Altar","damage_taken":0,"max_hp_gain":0,"max_hp_loss":0,"event_name":"Forgotten Altar","floor":21,"gold_loss":0,"cards_obtained":["Decay"]},{"cards_removed":["Metallicize"],"damage_healed":31,"gold_gain":0,"player_choice":"Offered Uncommon","damage_taken":0,"max_hp_gain":0,"max_hp_loss":0,"event_name":"Bonfire Elementals","floor":25,"gold_loss":0}],"is_beta":false,"boss_relics":[{"not_picked":["White Beast Statue","Runic Cube"],"picked":"Sozu"}],"items_purged_floors":[14,22,29],"is_endless":false,"potions_floor_spawned":[2,4,13,16,24,27,28],"killed_by":"Champ","ascension_level":15}