{"gold_per_floor":[118,134,213,213,213,213,104,122,122,297,322,322,69,85,85,85],"floor_reached":16,"playtime":1803,"items_purged":["Strike_R","Strike_R"],"score":88,"play_id":"fe35667c-4310-46fc-8018-1b683d4d95f5","local_time":"20190322113802","is_ascension_mode":false,"campfire_choices":[{"data":"Sword Boomerang","floor":6,"key":"SMITH"},{"data":"Shrug It Off","floor":12,"key":"SMITH"},{"floor":15,"key":"REST"}],"neow_cost":"PERCENT_DAMAGE","seed_source_timestamp":619088493976500,"circlet_count":0,"master_deck":["Strike_R","Defend_R","Defend_R","Defend_R","Defend_R","Bash","Shrug It Off+1","Sword Boomerang+1","Carnage","Doubt","Iron Wave","Cleave"],"relics":["Burning Blood","Self Forming Clay","Golden Idol","Centennial Puzzle","Odd Mushroom","Blood Vial"],"potions_floor_usage":[16],"damage_taken":[{"damage":4,"enemies":"Cultist","floor":1,"turns":5},{"damage":3,"enemies":"Jaw Worm","floor":2,"turns":4},{"damage":5,"enemies":"2 Louse","floor":8,"turns":3},{"damage":33,"enemies":"The Mushroom Lair","floor":11,"turns":5},{"damage":20,"enemies":"Gremlin Gang","floor":14,"turns":5},{"damage":89,"enemies":"The Guardian","floor":16,"turns":17}],"seed_played":"8264271577303859546","potions_obtained":[{"floor":14,"key":"Ancient Potion"}],"is_trial":false,"path_per_floor":["M","M","T","?","?","R","$","M","T","?","?","R","$","M","R","B"],"character_chosen":"IRONCLAD","items_purchased":["Carnage","Blood Vial"],"campfire_rested":1,"item_purchase_floors":[7,13],"current_hp_per_floor":[58,61,61,41,90,90,90,90,90,90,63,63,63,51,78,0],"gold":85,"neow_bonus":"TRANSFORM_TWO_CARDS","is_prod":false,"is_daily":false,"chose_seed":false,"campfire_upgraded":2,"win_rate":0.0,"timestamp":1553247482,"path_taken":["M","M","?","?","?","R","$","?","T","?","?","R","$","M","R","BOSS"],"build_version":"2019-01-23","purchased_purges":2,"victory":false,"max_hp_per_floor":[80,80,80,80,90,90,90,90,90,90,90,90,90,90,90,90],"card_choices":[{"not_picked":["Armaments","Thunderclap","Intimidate"],"picked":"SKIP","floor":1},{"not_picked":["Perfected Strike","Armaments"],"picked":"Sword Boomerang","floor":2},{"not_picked":["Perfected Strike","Reckless Charge","Havoc"],"picked":"SKIP","floor":8},{"not_picked":["Shrug It Off","Flex"],"picked":"Iron Wave","floor":11},{"not_picked":["Pommel Strike","Body Slam"],"picked":"Cleave","floor":14}],"player_experience":28215,"relics_obtained":[{"floor":3,"key":"Self Forming Clay"},{"floor":9,"key":"Centennial Puzzle"},{"floor":11,"key":"Odd Mushroom"}],"event_choices":[{"damage_healed":0,"gold_gain":0,"player_choice":"Take Damage","damage_taken":20,"relics_obtained":["Golden Idol"],"max_hp_gain":0,"max_hp_loss":0,"event_name":"Golden Idol","floor":4,"gold_loss":0},{"cards_removed":["Exhume"],"damage_healed":39,"gold_gain":0,"player_choice":"Offered Rare","damage_taken":0,"max_hp_gain":10,"max_hp_loss":0,"event_name":"Bonfire Elementals","floor":5,"gold_loss":0},{"damage_healed":0,"gold_gain":175,"player_choice":"AGREE","damage_taken":0,"max_hp_gain":0,"max_hp_loss":0,"event_name":"Liars Game","floor":10,"gold_loss":0,"cards_obtained":["Doubt"]},{"damage_healed":0,"gold_gain":0,"player_choice":"Fought Mushrooms","damage_taken":0,"max_hp_gain":0,"max_hp_loss":0,"event_name":"Mushrooms","floor":11,"gold_loss":0}],"is_beta":false,"boss_relics":[],"items_purged_floors":[7,13],"is_endless":false,"potions_floor_spawned":[14],"killed_by":"The Guardian","ascension_level":0}