{"gold_per_floor":[110,110,123,137,1,27,27,46,76,76,4,30,30,42,42,116,116,134,151,151,166,17,43,59,84,133,33,62,72,72,98,98,171,171,186,202,77,0,20,20,46,46,46,76,76,88,101,136,136,136],"floor_reached":51,"playtime":2199,"items_purged":["Strike_R","Strike_R","Strike_R"],"score":1650,"play_id":"a6eedaef-f75a-409b-a185-b09ac644dfd9","local_time":"20190509084234","is_ascension_mode":true,"campfire_choices":[{"data":"Rage","floor":7.0,"key":"SMITH"},{"data":"Carnage","floor":10.0,"key":"SMITH"},{"data":"Uppercut","floor":13.0,"key":"SMITH"},{"data":"Immolate","floor":15.0,"key":"SMITH"},{"data":"Armaments","floor":30,"key":"SMITH"},{"data":"Uppercut","floor":32,"key":"SMITH"},{"floor":40,"key":"REST"},{"floor":42,"key":"RECALL"},{"floor":49,"key":"REST"}],"neow_cost":"NONE","seed_source_timestamp":1862012180507,"circlet_count":0,"master_deck":["AscendersBane","Strike_R","Strike_R","Defend_R","Defend_R","Defend_R","Defend_R","Bash+1","Rage+1","Carnage+1","Fiend Fire","Headbutt","Uppercut+1","Immolate+1","Disarm","Reaper","Spot Weakness","Armaments+1","Impervious","Shrug It Off","Flame Barrier","Shrug It Off","Impervious","Shrug It Off","Uppercut+1","Juggernaut","Shockwave+1","Battle Trance","Heavy Blade+1","Second Wind+1","True Grit+1","Spot Weakness+1"],"special_seed":0,"relics":["Burning Blood","FaceOfCleric","PreservedInsect","Tiny Chest","Matryoshka","Snecko Eye","Omamori","Red Skull","Shuriken","Bag of Preparation","Pen Nib","Lantern","Fusion Hammer","Red Mask","Toxic Egg 2","Paper Frog","Self Forming Clay","Oddly Smooth Stone","Meat on the Bone"],"potions_floor_usage":[23,25,29,50],"damage_taken":[{"damage":14.0,"enemies":"Small Slimes","floor":1.0,"turns":4.0},{"damage":0.0,"enemies":"Cultist","floor":3.0,"turns":3.0},{"damage":1.0,"enemies":"Jaw Worm","floor":4.0,"turns":3.0},{"damage":29.0,"enemies":"Gremlin Nob","floor":6.0,"turns":4.0},{"damage":10.0,"enemies":"3 Louse","floor":8.0,"turns":4.0},{"damage":10.0,"enemies":"Lagavulin","floor":12.0,"turns":5.0},{"damage":9.0,"enemies":"Blue Slaver","floor":14.0,"turns":4.0},{"damage":0.0,"enemies":"Slime Boss","floor":16.0,"turns":6.0},{"damage":0.0,"enemies":"Chosen","floor":18.0,"turns":3.0},{"damage":0.0,"enemies":"Spheric Guardian","floor":19.0,"turns":1.0},{"damage":7.0,"enemies":"Snecko","floor":21.0,"turns":3.0},{"damage":27,"enemies":"Gremlin Leader","floor":23,"turns":6},{"damage":24,"enemies":"Snake Plant","floor":24,"turns":3},{"damage":7,"enemies":"Book of Stabbing","floor":25,"turns":5},{"damage":4,"enemies":"Slavers","floor":28,"turns":3},{"damage":3,"enemies":"Shelled Parasite and Fungi","floor":29,"turns":6},{"damage":0,"enemies":"Gremlin Leader","floor":31,"turns":4},{"damage":75,"enemies":"Collector","floor":33,"turns":12},{"damage":0,"enemies":"3 Shapes","floor":35,"turns":2},{"damage":0,"enemies":"Orb Walker","floor":36,"turns":2},{"damage":28,"enemies":"Writhing Mass","floor":39,"turns":6},{"damage":0,"enemies":"Reptomancer","floor":41,"turns":7},{"damage":6,"enemies":"Nemesis","floor":44,"turns":5},{"damage":0,"enemies":"3 Darklings","floor":46,"turns":1},{"damage":0,"enemies":"Jaw Worm Horde","floor":47,"turns":4},{"damage":12,"enemies":"Reptomancer","floor":48,"turns":2},{"damage":38,"enemies":"Awakened One","floor":50,"turns":14}],"seed_played":"-7168774208802962508","potions_obtained":[{"floor":4.0,"key":"FearPotion"},{"floor":8.0,"key":"Dexterity Potion"},{"floor":12.0,"key":"SteroidPotion"},{"floor":24,"key":"SpeedPotion"},{"floor":25,"key":"FearPotion"},{"floor":28,"key":"SkillPotion"},{"floor":33,"key":"SpeedPotion"}],"is_trial":false,"path_per_floor":["M","?","M","M","$","E","R","M","T","R","$","E","R","M","R","B",null,"M","M","?","M","$","E","M","E","T","$","E","M","R","E","R","B",null,"M","M","$","?","M","R","E","R","T","E","?","M","M","E","R","B",null],"character_chosen":"IRONCLAD","items_purchased":["Fiend Fire","Uppercut","Flame Barrier"],"campfire_rested":2,"item_purchase_floors":[5,11,22],"current_hp_per_floor":[60,60,67,73,73,51,51,48,48,48,48,45,45,43,43,50,74,83,84,84,85,85,86,79,85,85,85,88,90,90,91,91,62,85,93,94,94,94,81,95,96,96,96,97,97,98,99,94,100,69],"gold":136,"neow_bonus":"UPGRADE_CARD","is_prod":false,"is_daily":false,"chose_seed":false,"campfire_upgraded":6,"win_rate":0,"timestamp":1557416554,"path_taken":["M","?","M","M","$","E","R","?","T","R","?","E","R","M","R","BOSS","M","M","?","M","$","E","M","E","T","?","E","M","R","E","R","BOSS","M","M","$","?","M","R","E","R","T","E","?","M","M","E","R","BOSS"],"build_version":"2019-01-23","purchased_purges":3,"victory":true,"max_hp_per_floor":[75,75,76,77,77,78,78,79,79,79,79,80,80,81,81,82,82,83,84,84,85,85,86,87,88,88,88,89,90,90,91,91,92,92,93,94,94,94,95,95,96,96,96,97,97,98,99,100,100,101],"card_choices":[{"not_picked":["Wild Strike","Fire Breathing"],"picked":"Rage","floor":1.0},{"not_picked":["Sword Boomerang","Combust"],"picked":"Carnage","floor":3.0},{"not_picked":["Heavy Blade","Clash","Seeing Red"],"picked":"SKIP","floor":4.0},{"not_picked":["Sever Soul","Perfected Strike"],"picked":"Headbutt","floor":6.0},{"not_picked":["Fire Breathing","Flex","Heavy Blade"],"picked":"SKIP","floor":8.0},{"not_picked":["Burning Pact","Heavy Blade"],"picked":"Immolate","floor":12.0},{"not_picked":["Iron Wave","Power Through"],"picked":"Disarm","floor":14.0},{"not_picked":["Barricade","Dark Embrace"],"picked":"Reaper","floor":16.0},{"not_picked":["Sword Boomerang+1","Perfected Strike"],"picked":"Spot Weakness","floor":18.0},{"not_picked":["Thunderclap","Heavy Blade"],"picked":"Armaments","floor":19.0},{"not_picked":["Perfected Strike","Twin Strike"],"picked":"Shrug It Off","floor":21.0},{"not_picked":["Whirlwind","Pommel Strike"],"picked":"Shrug It Off","floor":23},{"not_picked":["Havoc","Hemokinesis"],"picked":"Metallicize","floor":24},{"not_picked":["Warcry","Sword Boomerang","Iron Wave"],"picked":"SKIP","floor":25},{"not_picked":["Pommel Strike","Carnage"],"picked":"Impervious","floor":28},{"not_picked":["Warcry","Iron Wave"],"picked":"Shrug It Off","floor":29},{"not_picked":["Combust","Body Slam"],"picked":"Uppercut","floor":31},{"not_picked":["Fiend Fire","Berserk"],"picked":"Juggernaut","floor":33},{"not_picked":["Shrug It Off","Havoc"],"picked":"Shockwave+1","floor":35},{"not_picked":["Heavy Blade","Infernal Blade"],"picked":"Battle Trance","floor":36},{"not_picked":["Anger","Havoc+1","Heavy Blade"],"picked":"SKIP","floor":39},{"not_picked":["Carnage","Sever Soul"],"picked":"Heavy Blade+1","floor":41},{"not_picked":["Immolate","Heavy Blade"],"picked":"Second Wind+1","floor":44},{"not_picked":["Thunderclap+1","Flex+1"],"picked":"True Grit+1","floor":46},{"not_picked":["Warcry+1","Brutality"],"picked":"Spot Weakness+1","floor":47},{"not_picked":["Pommel Strike","Heavy Blade","Flex+1"],"picked":"SKIP","floor":48}],"player_experience":2607352,"relics_obtained":[{"floor":6.0,"key":"PreservedInsect"},{"floor":9.0,"key":"Tiny Chest"},{"floor":12.0,"key":"Matryoshka"},{"floor":23,"key":"Omamori"},{"floor":25,"key":"Red Skull"},{"floor":26,"key":"Shuriken"},{"floor":26,"key":"Bag of Preparation"},{"floor":28,"key":"Pen Nib"},{"floor":31,"key":"Lantern"},{"floor":41,"key":"Toxic Egg 2"},{"floor":43,"key":"Paper Frog"},{"floor":43,"key":"Self Forming Clay"},{"floor":44,"key":"Oddly Smooth Stone"},{"floor":48,"key":"Meat on the Bone"}],"event_choices":[{"damage_healed":0.0,"max_hp_gain":0.0,"max_hp_loss":0.0,"gold_gain":0.0,"event_name":"FaceTrader","player_choice":"Trade","floor":2.0,"gold_loss":0.0,"damage_taken":0.0,"relics_obtained":["FaceOfCleric"]},{"damage_healed":0.0,"max_hp_gain":0.0,"max_hp_loss":0.0,"gold_gain":0.0,"event_name":"Match and Keep!","player_choice":"1 cards matched","floor":20.0,"gold_loss":0.0,"damage_taken":0.0,"cards_obtained":["Impervious"]},{"damage_healed":0,"gold_gain":0,"player_choice":"Paid","damage_taken":0,"relics_obtained":["Red Mask"],"max_hp_gain":0,"max_hp_loss":0,"event_name":"Tomb of Lord Red Mask","floor":38,"gold_loss":77},{"cards_removed":["Metallicize"],"damage_healed":0,"gold_gain":0,"player_choice":"Removed Power","damage_taken":0,"max_hp_gain":0,"max_hp_loss":0,"event_name":"Falling","floor":45,"gold_loss":0}],"is_beta":false,"boss_relics":[{"not_picked":["Black Blood","Runic Dome"],"picked":"Snecko Eye"},{"not_picked":["Lizard Tail","Runic Cube"],"picked":"Fusion Hammer"}],"items_purged_floors":[22,27,37],"is_endless":false,"potions_floor_spawned":[4,8,12,14,18,24,25,28,33,36,39,46,48],"ascension_level":15}