{"gold_per_floor":[115,132,132,147,147,185,185,185,185,185,223,239,254,285,285,410,410,425,425,440,59,59,97,97,137,185,185,204,250,275,289,289,415,415,439,458,1457,634,734,734,754,754,778,801,825,850,874,367,367,367],"floor_reached":51,"playtime":3901,"items_purged":["Strike_G","Injury","Strike_G"],"score":983,"play_id":"d7462f80-aa2e-4f8f-bad3-426095aec28f","local_time":"20181211195205","is_ascension_mode":true,"campfire_choices":[{"data":"Poisoned Stab","floor":7,"key":"SMITH"},{"floor":10,"key":"REST"},{"floor":15,"key":"REST"},{"floor":24,"key":"REST"},{"data":"Wraith Form v2","floor":27,"key":"SMITH"},{"floor":32,"key":"REST"},{"data":"Catalyst","floor":40,"key":"SMITH"},{"data":"Catalyst","floor":49,"key":"SMITH"}],"neow_cost":"NONE","seed_source_timestamp":1463308192814852,"circlet_count":0,"master_deck":["Defend_G","Defend_G","Defend_G","Defend_G","Defend_G","Strike_G","Strike_G","Strike_G","Survivor","Neutralize","Poisoned Stab+1","Slice","Quick Slash","Poisoned Stab","Deadly Poison","Leg Sweep","Outmaneuver","Catalyst+1","Wraith Form v2+1","Dagger Spray","Noxious Fumes","Crippling Poison","Catalyst+1","Catalyst+1","Prepared+1","Quick Slash+1","Deflect+1","Backflip"],"relics":["Ring of the Snake","Snake Skull","Golden Idol","Darkstone Periapt","Pear","Mummified Hand","Du-Vu Doll","Kunai","Busted Crown","Enchiridion","ClockworkSouvenir","Anchor","StoneCalendar","Happy Flower","Omamori","Lizard Tail","Strange Spoon","Art of War","Bottled Flame","CultistMask","Regal Pillow","Ancient Tea Set","Pen Nib","Bag of Marbles"],"potions_floor_usage":[6,6,11,13,20,23,28,33,36,50,50,50],"damage_taken":[{"damage":9,"enemies":"Small Slimes","floor":1,"turns":4},{"damage":6,"enemies":"Cultist","floor":2,"turns":3},{"damage":2,"enemies":"Jaw Worm","floor":4,"turns":4},{"damage":9,"enemies":"3 Sentries","floor":6,"turns":8},{"damage":12,"enemies":"Gremlin Nob","floor":11,"turns":4},{"damage":9,"enemies":"Blue Slaver","floor":12,"turns":2},{"damage":1,"enemies":"Exordium Thugs","floor":13,"turns":4},{"damage":17,"enemies":"3 Sentries","floor":14,"turns":8},{"damage":24,"enemies":"The Guardian","floor":16,"turns":8},{"damage":5,"enemies":"Shell Parasite","floor":18,"turns":4},{"damage":12,"enemies":"3 Byrds","floor":20,"turns":5},{"damage":19,"enemies":"Slavers","floor":23,"turns":5},{"damage":0,"enemies":"Gremlin Leader","floor":25,"turns":3},{"damage":0,"enemies":"3 Cultists","floor":28,"turns":3},{"damage":11,"enemies":"Centurion and Healer","floor":30,"turns":5},{"damage":0,"enemies":"Cultist and Chosen","floor":31,"turns":4},{"damage":26,"enemies":"Collector","floor":33,"turns":4},{"damage":0,"enemies":"Orb Walker","floor":35,"turns":3},{"damage":24,"enemies":"3 Darklings","floor":36,"turns":4},{"damage":2,"enemies":"Jaw Worm Horde","floor":41,"turns":4},{"damage":3,"enemies":"4 Shapes","floor":44,"turns":7},{"damage":1,"enemies":"Writhing Mass","floor":45,"turns":3},{"damage":2,"enemies":"Jaw Worm Horde","floor":47,"turns":5},{"damage":0,"enemies":"Time Eater","floor":50,"turns":3}],"seed_played":"-2065286678129445792","potions_obtained":[{"floor":2,"key":"Energy Potion"},{"floor":3,"key":"Poison Potion"},{"floor":3,"key":"Ancient Potion"},{"floor":6,"key":"Ancient Potion"},{"floor":13,"key":"Fruit Juice"},{"floor":16,"key":"GamblersBrew"},{"floor":18,"key":"GhostInAJar"},{"floor":28,"key":"SteroidPotion"},{"floor":31,"key":"Explosive Potion"},{"floor":33,"key":"Poison Potion"},{"floor":47,"key":"Dexterity Potion"}],"is_trial":false,"path_per_floor":["M","M","?","M","?","E","R","T","T","R","E","M","M","E","R","B",null,"M","?","M","$","?","E","R","E","T","R","M","T","M","M","R","B",null,"M","M","?","$","?","R","M","?","T","M","M","T","M","$","R","B",null],"character_chosen":"THE_SILENT","items_purchased":["Noxious Fumes","ClockworkSouvenir","Crippling Poison","Strange Spoon","Art of War","Bottled Flame","PowerPotion","LiquidBronze","Pen Nib","Bag of Marbles","GhostInAJar"],"campfire_rested":4,"item_purchase_floors":[21,21,21,38,38,38,38,38,48,48,48],"current_hp_per_floor":[61,55,55,53,53,44,44,54,54,78,66,57,61,44,69,45,85,80,64,52,52,52,33,58,58,58,58,58,58,47,47,72,46,85,85,61,61,61,61,61,59,59,59,56,55,55,53,53,53,53],"gold":367,"neow_bonus":"RANDOM_COMMON_RELIC","is_prod":false,"is_daily":false,"chose_seed":false,"campfire_upgraded":4,"win_rate":0,"timestamp":1544575925,"path_taken":["M","M","?","?","?","E","R","?","T","R","E","M","M","E","R","BOSS","M","?","M","$","?","E","R","E","T","R","?","?","M","M","R","BOSS","M","?","?","$","?","R","?","?","T","M","?","?","M","?","R","BOSS"],"build_version":"2018-12-06","purchased_purges":3,"victory":true,"max_hp_per_floor":[70,70,70,70,70,70,70,80,80,80,80,80,85,85,85,85,85,85,85,85,85,85,85,85,85,85,85,85,85,85,85,85,85,85,85,85,85,85,85,85,85,85,85,85,85,85,85,85,85,85],"card_choices":[{"not_picked":["Backflip","Cloak And Dagger"],"picked":"Poisoned Stab","floor":1},{"not_picked":["Underhanded Strike","Dodge and Roll"],"picked":"Slice","floor":2},{"not_picked":["Dagger Throw","Blade Dance"],"picked":"Quick Slash","floor":4},{"not_picked":["Blur","Infinite Blades"],"picked":"Poisoned Stab","floor":6},{"not_picked":["Night Terror","Predator"],"picked":"Deadly Poison","floor":11},{"not_picked":["Backflip","Skewer"],"picked":"Leg Sweep","floor":12},{"not_picked":["Reflex","Concentrate"],"picked":"Outmaneuver","floor":13},{"not_picked":["Cloak And Dagger","Poisoned Stab"],"picked":"Catalyst","floor":14},{"not_picked":["After Image","Malaise"],"picked":"Wraith Form v2","floor":16},{"not_picked":["Sucker Punch"],"picked":"SKIP","floor":18},{"not_picked":[],"picked":"Dagger Spray","floor":20},{"not_picked":[],"picked":"Catalyst+1","floor":23},{"not_picked":["Reflex"],"picked":"SKIP","floor":25},{"not_picked":[],"picked":"Prepared+1","floor":28},{"not_picked":["Distraction"],"picked":"SKIP","floor":30},{"not_picked":[],"picked":"Quick Slash+1","floor":31},{"not_picked":["Dodge and Roll+1"],"picked":"SKIP","floor":35},{"not_picked":["Eviscerate"],"picked":"SKIP","floor":36},{"not_picked":[],"picked":"Deflect+1","floor":41},{"not_picked":[],"picked":"Backflip","floor":44},{"not_picked":["Escape Plan"],"picked":"SKIP","floor":45},{"not_picked":["Slice"],"picked":"SKIP","floor":47}],"player_experience":187528,"relics_obtained":[{"floor":6,"key":"Darkstone Periapt"},{"floor":8,"key":"Pear"},{"floor":9,"key":"Mummified Hand"},{"floor":11,"key":"Du-Vu Doll"},{"floor":14,"key":"Kunai"},{"floor":19,"key":"Enchiridion"},{"floor":23,"key":"Anchor"},{"floor":25,"key":"StoneCalendar"},{"floor":26,"key":"Happy Flower"},{"floor":29,"key":"Omamori"},{"floor":43,"key":"Regal Pillow"},{"floor":46,"key":"Ancient Tea Set"}],"event_choices":[{"damage_healed":0,"gold_gain":0,"player_choice":"Got Potions","damage_taken":0,"max_hp_gain":0,"max_hp_loss":0,"event_name":"Lab","floor":3,"gold_loss":0},{"damage_healed":0,"gold_gain":0,"player_choice":"Take Wound","damage_taken":0,"relics_obtained":["Golden Idol"],"max_hp_gain":0,"max_hp_loss":0,"event_name":"Golden Idol","floor":5,"gold_loss":0,"cards_obtained":["Injury"]},{"damage_healed":0,"gold_gain":0,"player_choice":"Obtained Book","damage_taken":16,"max_hp_gain":0,"max_hp_loss":0,"event_name":"Cursed Tome","floor":19,"gold_loss":0},{"damage_healed":0,"gold_gain":0,"player_choice":"Copied","damage_taken":0,"max_hp_gain":0,"max_hp_loss":0,"event_name":"Duplicator","floor":22,"gold_loss":0,"cards_obtained":["Catalyst"]},{"damage_healed":0,"gold_gain":999,"player_choice":"Gold","damage_taken":0,"max_hp_gain":0,"max_hp_loss":0,"event_name":"MindBloom","floor":37,"gold_loss":0,"cards_obtained":["Normality","Normality"]},{"damage_healed":0,"gold_gain":100,"player_choice":"Pray","damage_taken":0,"max_hp_gain":0,"max_hp_loss":0,"event_name":"Golden Shrine","floor":39,"gold_loss":0},{"damage_healed":0,"gold_gain":0,"player_choice":"Trade","damage_taken":0,"relics_obtained":["CultistMask"],"max_hp_gain":0,"max_hp_loss":0,"event_name":"FaceTrader","floor":42,"gold_loss":0}],"is_beta":false,"boss_relics":[{"not_picked":["HoveringKite","Ring of the Serpent"],"picked":"Busted Crown"},{"not_picked":["Fusion Hammer","WristBlade"],"picked":"Lizard Tail"}],"items_purged_floors":[21,38,48],"is_endless":false,"potions_floor_spawned":[2,6,13,16,18,28,31,33,41,47],"ascension_level":4}