{"gold_per_floor":[119,119,52,118,185,220,220,240,317,317,347,365,415,485,485,581,581,595,128,145,27,46,77,95,105,105,105,120,120,153,203,203,203],"floor_reached":33,"playtime":857,"items_purged":["Strike_R"],"score":299,"play_id":"5b328536-76ff-45d5-b018-f2992329a473","local_time":"25620320224311","is_ascension_mode":false,"campfire_choices":[{"data":"Spot Weakness","floor":7.0,"key":"SMITH"},{"data":"Bash","floor":10.0,"key":"SMITH"},{"data":"Armaments","floor":15,"key":"SMITH"},{"floor":27,"key":"REST"},{"data":"Limit Break","floor":29,"key":"SMITH"},{"data":"Double Tap","floor":32,"key":"SMITH"}],"neow_cost":"NONE","seed_source_timestamp":22607315898971,"circlet_count":0,"master_deck":["Strike_R","Strike_R","Strike_R","Defend_R","Defend_R","Defend_R+1","Defend_R","Bash+1","Spot Weakness+1","Twin Strike","Shrug It Off","Armaments+1","Infernal Blade","Flame Barrier","Sword Boomerang","Double Tap+1","Second Wind","Flex","Limit Break+1","Metallicize+1","Finesse+1","Dropkick","Thunderclap","Battle Trance","Twin Strike+1","Rage","Disarm+1"],"special_seed":0,"relics":["Burning Blood","NeowsBlessing","SsserpentHead","Shovel","Mercury Hourglass","PreservedInsect","Black Star","Incense Burner","Red Skull","War Paint","Question Card","Meat on the Bone","Letter Opener"],"potions_floor_usage":[14,16,23,23,28,30,30,33],"damage_taken":[{"damage":0.0,"enemies":"2 Louse","floor":1.0,"turns":1.0},{"damage":0.0,"enemies":"Cultist","floor":4.0,"turns":1.0},{"damage":0.0,"enemies":"Jaw Worm","floor":5.0,"turns":1.0},{"damage":26.0,"enemies":"3 Sentries","floor":6.0,"turns":7.0},{"damage":16.0,"enemies":"Red Slaver","floor":8.0,"turns":2.0},{"damage":32.0,"enemies":"Gremlin Nob","floor":11.0,"turns":4.0},{"damage":12.0,"enemies":"Exordium Thugs","floor":12.0,"turns":3.0},{"damage":0,"enemies":"2 Fungi Beasts","floor":14,"turns":3},{"damage":21,"enemies":"Hexaghost","floor":16,"turns":9},{"damage":14,"enemies":"Spheric Guardian","floor":18,"turns":4},{"damage":12,"enemies":"2 Thieves","floor":20,"turns":4},{"damage":16,"enemies":"Snake Plant","floor":22,"turns":5},{"damage":16,"enemies":"Slavers","floor":23,"turns":2},{"damage":31,"enemies":"Chosen and Byrds","floor":24,"turns":7},{"damage":9,"enemies":"Centurion and Healer","floor":25,"turns":5},{"damage":5,"enemies":"Snake Plant","floor":28,"turns":3},{"damage":1,"enemies":"Gremlin Leader","floor":30,"turns":5},{"damage":68,"enemies":"Automaton","floor":33,"turns":6}],"seed_played":"-3108198817291262682","potions_obtained":[{"floor":6.0,"key":"AttackPotion"},{"floor":11.0,"key":"Explosive Potion"},{"floor":12,"key":"SpeedPotion"},{"floor":14,"key":"Regen Potion"},{"floor":18,"key":"Weak Potion"},{"floor":23,"key":"Poison Potion"},{"floor":25,"key":"AttackPotion"},{"floor":28,"key":"Block Potion"},{"floor":30,"key":"Dexterity Potion"}],"is_trial":false,"path_per_floor":["M","?","$","M","M","E","R","M","T","R","E","M","?","M","R","B",null,"M","$","M","$","M","E","M","M","T","R","M","R","E","?","R","B"],"character_chosen":"IRONCLAD","items_purchased":["Twin Strike","Shrug It Off","Finesse","Incense Burner","Dropkick","FearPotion"],"campfire_rested":1,"item_purchase_floors":[3,3,19,19,21,21],"current_hp_per_floor":[80,80,80,80,80,60,60,50,50,50,24,18,18,24,24,24,80,72,72,66,66,56,46,21,18,18,42,43,43,48,48,48,0],"gold":203,"neow_bonus":"THREE_ENEMY_KILL","is_prod":false,"is_daily":false,"chose_seed":false,"campfire_upgraded":5,"win_rate":0.0,"timestamp":1553096591,"path_taken":["M","?","$","?","?","E","R","M","T","R","E","M","?","?","R","BOSS","M","$","M","$","M","E","M","M","T","R","M","R","E","?","R","BOSS"],"build_version":"2019-01-23","purchased_purges":1,"victory":false,"max_hp_per_floor":[80,80,80,80,80,80,80,80,80,80,80,80,80,80,80,80,80,80,80,80,80,80,80,80,80,80,80,80,80,80,80,80,80],"card_choices":[{"not_picked":["Perfected Strike","Flex"],"picked":"Spot Weakness","floor":1.0},{"not_picked":["Perfected Strike","Shrug It Off"],"picked":"Armaments","floor":4.0},{"not_picked":["Flex","Warcry"],"picked":"Infernal Blade","floor":5.0},{"not_picked":["Reckless Charge","Second Wind"],"picked":"Flame Barrier","floor":6.0},{"not_picked":["Hemokinesis","True Grit"],"picked":"Sword Boomerang","floor":8.0},{"not_picked":["Warcry","Ghostly Armor"],"picked":"Double Tap","floor":11.0},{"not_picked":["Clothesline","Heavy Blade","Clash"],"picked":"SKIP","floor":12},{"not_picked":["Shrug It Off","Flex","Rupture"],"picked":"SKIP","floor":14},{"not_picked":["Shrug It Off","Rupture"],"picked":"Flex","floor":14},{"not_picked":["Berserk","Double Tap"],"picked":"Limit Break","floor":16},{"not_picked":["Searing Blow+1","Sword Boomerang"],"picked":"Metallicize+1","floor":18},{"not_picked":["Flame Barrier","Feel No Pain","Warcry"],"picked":"SKIP","floor":20},{"not_picked":["Hemokinesis","Heavy Blade"],"picked":"Thunderclap","floor":22},{"not_picked":["Blood for Blood","Heavy Blade"],"picked":"Battle Trance","floor":23},{"not_picked":["Iron Wave","Searing Blow"],"picked":"Twin Strike+1","floor":24},{"not_picked":["Brutality","Battle Trance","Clash"],"picked":"SKIP","floor":25},{"not_picked":["Shrug It Off","Cleave","Corruption"],"picked":"Rage","floor":28},{"not_picked":["Warcry","Twin Strike","Rupture"],"picked":"Disarm+1","floor":30}],"player_experience":1349,"relics_obtained":[{"floor":6.0,"key":"Shovel"},{"floor":9.0,"key":"Mercury Hourglass"},{"floor":11.0,"key":"PreservedInsect"},{"floor":23,"key":"Red Skull"},{"floor":23,"key":"War Paint"},{"floor":26,"key":"Question Card"},{"floor":30,"key":"Meat on the Bone"},{"floor":30,"key":"Letter Opener"}],"event_choices":[{"damage_healed":0.0,"max_hp_gain":0.0,"max_hp_loss":0.0,"gold_gain":0.0,"event_name":"FaceTrader","player_choice":"Trade","floor":2.0,"gold_loss":0.0,"damage_taken":0.0,"relics_obtained":["SsserpentHead"]},{"damage_healed":0,"gold_gain":0,"cards_transformed":["Strike_R"],"player_choice":"Transformed","damage_taken":0,"max_hp_gain":0,"max_hp_loss":0,"event_name":"Transmorgrifier","floor":13,"gold_loss":0,"cards_obtained":["Second Wind"]},{"damage_healed":0,"gold_gain":0,"player_choice":"Ignored","damage_taken":0,"max_hp_gain":0,"max_hp_loss":0,"event_name":"Ghosts","floor":31,"gold_loss":0}],"is_beta":false,"boss_relics":[{"not_picked":["Eternal Feather","Velvet Choker"],"picked":"Black Star"}],"items_purged_floors":[19],"is_endless":false,"potions_floor_spawned":[6,11,12,14,18,23,25,28,30],"killed_by":"Automaton","ascension_level":0}