{"gold_per_floor":[110,110,124,46,58,58,91,91,117,145,16,30,30,50,50,127,127,141,159,159,159],"floor_reached":21,"playtime":710,"items_purged":[],"score":378,"play_id":"db7f15d6-b3d9-4f7e-9ea2-f97fe240d90f","local_time":"20190124003908","is_ascension_mode":true,"campfire_choices":[{"data":"Doom and Gloom","floor":8.0,"key":"SMITH"},{"data":"Consume","floor":13.0,"key":"SMITH"},{"data":"Defragment","floor":15.0,"key":"SMITH"}],"neow_cost":"NONE","seed_source_timestamp":0,"circlet_count":0,"master_deck":["AscendersBane","Strike_B","Strike_B","Strike_B","Strike_B","Defend_B","Defend_B","Defend_B","Defend_B","Zap","Dualcast","FTL","Defragment+1","Doom and Gloom+1","Consume+1","Capacitor","Coolheaded","Seek","Compile Driver","Decay"],"special_seed":0,"relics":["Eternal Feather","Pen Nib","Boot","Regal Pillow","Philosopher\u0027s Stone"],"potions_floor_usage":[18],"damage_taken":[{"damage":2.0,"enemies":"Cultist","floor":1.0,"turns":4.0},{"damage":4.0,"enemies":"Jaw Worm","floor":3.0,"turns":4.0},{"damage":9.0,"enemies":"2 Louse","floor":5.0,"turns":2.0},{"damage":32.0,"enemies":"Gremlin Nob","floor":7.0,"turns":4.0},{"damage":25.0,"enemies":"Lagavulin","floor":10.0,"turns":5.0},{"damage":2.0,"enemies":"Exordium Wildlife","floor":12.0,"turns":2.0},{"damage":7.0,"enemies":"Looter","floor":14.0,"turns":3.0},{"damage":5.0,"enemies":"Hexaghost","floor":16.0,"turns":8.0},{"damage":13,"enemies":"Chosen","floor":18,"turns":5},{"damage":40,"enemies":"3 Byrds","floor":19,"turns":4},{"damage":0,"enemies":"Snake Plant","floor":21,"turns":1}],"seed_played":"5332223505190583302","potions_obtained":[{"floor":1.0,"key":"Explosive Potion"},{"floor":6.0,"key":"GamblersBrew"},{"floor":14.0,"key":"Explosive Potion"}],"is_trial":false,"path_per_floor":["?","$","M","?","M","?"],"character_chosen":"DEFECT","items_purchased":["Doom and Gloom","Capacitor","SkillPotion"],"campfire_rested":0,"item_purchase_floors":[4,11,11],"current_hp_per_floor":[62,67,63,63,54,54,22,31,31,6,6,4,13,6,15,10,60,47,7,7,7],"gold":159,"neow_bonus":"BOSS_RELIC","is_prod":false,"is_daily":false,"chose_seed":false,"campfire_upgraded":3,"win_rate":0,"timestamp":1548261548,"path_taken":["M","?","M","?","?","?","E","R","T","E","$","M","R","?","R","BOSS","M","M","?","M"],"build_version":"2019-01-23","purchased_purges":0,"victory":false,"max_hp_per_floor":[71,76,76,76,76,76,76,76,76,76,76,76,76,76,76,76,76,76,76,76,76],"card_choices":[{"not_picked":["Loop","Redo"],"picked":"FTL","floor":1.0},{"not_picked":["Barrage","Sweeping Beam"],"picked":"Defragment","floor":3.0},{"not_picked":["Streamline","Turbo"],"picked":"Consume","floor":5.0},{"not_picked":["Chaos","Barrage","Aggregate"],"picked":"SKIP","floor":7.0},{"not_picked":["Chaos","Barrage","Aggregate"],"picked":"SKIP","floor":7.0},{"not_picked":["Skim","Sweeping Beam","Streamline"],"picked":"SKIP","floor":10.0},{"not_picked":["Sunder","Compile Driver","Streamline"],"picked":"SKIP","floor":12.0},{"not_picked":["Cold Snap","Machine Learning"],"picked":"Coolheaded","floor":14.0},{"not_picked":["Rainbow","Biased Cognition"],"picked":"Seek","floor":16.0},{"not_picked":["Rebound","Compile Driver","Genetic Algorithm"],"picked":"SKIP","floor":18},{"not_picked":["Rebound","Genetic Algorithm"],"picked":"Compile Driver","floor":18},{"not_picked":["Steam","Sweeping Beam","Ball Lightning"],"picked":"SKIP","floor":19}],"player_experience":2583719,"relics_obtained":[{"floor":7.0,"key":"Pen Nib"},{"floor":9.0,"key":"Boot"},{"floor":10.0,"key":"Regal Pillow"}],"event_choices":[{"damage_healed":0.0,"max_hp_gain":5.0,"max_hp_loss":0.0,"gold_gain":0.0,"event_name":"Big Fish","player_choice":"Donut","floor":2.0,"gold_loss":0.0,"damage_taken":0.0},{"damage_healed":0.0,"max_hp_gain":0.0,"max_hp_loss":0.0,"gold_gain":0.0,"event_name":"Lab","player_choice":"Got Potions","floor":6.0,"gold_loss":0.0,"damage_taken":0.0},{"damage_healed":0,"gold_gain":0,"player_choice":"Smashed Altar","damage_taken":0,"max_hp_gain":0,"max_hp_loss":0,"event_name":"Forgotten Altar","floor":20,"gold_loss":0,"cards_obtained":["Decay"]}],"is_beta":false,"boss_relics":[{"not_picked":["Black Star","Runic Pyramid"],"picked":"Philosopher\u0027s Stone"}],"items_purged_floors":[],"is_endless":false,"potions_floor_spawned":[1,7,14],"killed_by":"Snake Plant","ascension_level":20}