{"gold_per_floor":[109,126,139,152,170,202,214,214,262,272,272,272,303,322,322,445,445,463,476,497,513,513,513,529,529,529,96,120,135,208,222,222,345,345,363,6,22,90,90,90,106,106,129,129,154,29,62,86,86,86],"floor_reached":51,"playtime":16128,"items_purged":["Pain","Strike_B","Strike_B"],"score":722,"play_id":"1956be21-1aee-4ec7-a5a0-6752ab9cabf4","local_time":"20190508164831","is_ascension_mode":false,"campfire_choices":[{"data":"Fission","floor":8.0,"key":"SMITH"},{"floor":15.0,"key":"REST"},{"data":"Go for the Eyes","floor":23,"key":"SMITH"},{"floor":25,"key":"REST"},{"floor":32,"key":"REST"},{"data":"Echo Form","floor":40,"key":"SMITH"},{"floor":42,"key":"REST"},{"data":"Hologram","floor":44,"key":"SMITH"},{"data":"Hologram","floor":49,"key":"SMITH"}],"neow_cost":"NONE","seed_source_timestamp":0,"circlet_count":0,"master_deck":["Strike_B","Defend_B","Defend_B","Zap","Dualcast","Go for the Eyes+1","Ball Lightning","Streamline","Sunder","Compile Driver","Cold Snap","Fission+1","Gash","Rip and Tear","Leap","Echo Form+1","Steam+1","Undo","Cold Snap","Redo","Barrage+1","Hologram+1","Hello World+1","Buffer+1","Sunder+1","Chill+1","Undo+1","Beam Cell+1","All For One","Hologram+1","Hello World+1","Turbo+1","Static Discharge+1","Static Discharge+1","Undo+1","Rebound"],"special_seed":0,"relics":["Cracked Core","Pear","Regal Pillow","Golden Idol","WarpedTongs","Bottled Flame","Nuclear Battery","Frozen Egg 2","Potion Belt","Cauldron","Pantograph","Astrolabe","Calipers","Strawberry","Toxic Egg 2"],"potions_floor_usage":[28,29,29,29,29,33,33,35,45,47,48,50],"damage_taken":[{"damage":1.0,"enemies":"Cultist","floor":1.0,"turns":3.0},{"damage":5.0,"enemies":"Small Slimes","floor":2.0,"turns":3.0},{"damage":6.0,"enemies":"Jaw Worm","floor":3.0,"turns":3.0},{"damage":0.0,"enemies":"Exordium Wildlife","floor":4.0,"turns":3.0},{"damage":2.0,"enemies":"Blue Slaver","floor":5.0,"turns":3.0},{"damage":9.0,"enemies":"3 Sentries","floor":6.0,"turns":4.0},{"damage":0.0,"enemies":"3 Louse","floor":7.0,"turns":2.0},{"damage":5.0,"enemies":"Exordium Thugs","floor":10.0,"turns":3.0},{"damage":33.0,"enemies":"Lagavulin","floor":13.0,"turns":5.0},{"damage":6.0,"enemies":"Exordium Wildlife","floor":14.0,"turns":2.0},{"damage":14.0,"enemies":"Hexaghost","floor":16.0,"turns":10.0},{"damage":0.0,"enemies":"Chosen","floor":18.0,"turns":4.0},{"damage":14.0,"enemies":"Shell Parasite","floor":19.0,"turns":6.0},{"damage":18.0,"enemies":"3 Cultists","floor":20.0,"turns":6.0},{"damage":22.0,"enemies":"Snecko","floor":21.0,"turns":6.0},{"damage":50,"enemies":"Sentry and Sphere","floor":24,"turns":8},{"damage":10,"enemies":"Shelled Parasite and Fungi","floor":28,"turns":4},{"damage":3,"enemies":"Centurion and Healer","floor":29,"turns":4},{"damage":0,"enemies":"3 Cultists","floor":31,"turns":5},{"damage":89,"enemies":"Collector","floor":33,"turns":14},{"damage":9,"enemies":"3 Darklings","floor":35,"turns":10},{"damage":5,"enemies":"Orb Walker","floor":37,"turns":3},{"damage":17,"enemies":"2 Orb Walkers","floor":38,"turns":4},{"damage":11,"enemies":"Maw","floor":41,"turns":9},{"damage":3,"enemies":"Transient","floor":45,"turns":5},{"damage":10,"enemies":"Nemesis","floor":47,"turns":9},{"damage":4,"enemies":"3 Darklings","floor":48,"turns":5},{"damage":73,"enemies":"Donu and Deca","floor":50,"turns":11}],"seed_played":"7467588756486519707","potions_obtained":[{"floor":4.0,"key":"Explosive Potion"},{"floor":6.0,"key":"Explosive Potion"},{"floor":10.0,"key":"AttackPotion"},{"floor":14.0,"key":"SpeedPotion"},{"floor":24,"key":"SkillPotion"},{"floor":27,"key":"AttackPotion"},{"floor":27,"key":"Ancient Potion"},{"floor":27,"key":"GamblersBrew"},{"floor":27,"key":"LiquidBronze"},{"floor":28,"key":"Dexterity Potion"},{"floor":31,"key":"FearPotion"},{"floor":33,"key":"Poison Potion"},{"floor":38,"key":"EssenceOfSteel"},{"floor":45,"key":"Poison Potion"},{"floor":47,"key":"Block Potion"},{"floor":48,"key":"Strength Potion"}],"is_trial":false,"path_per_floor":["M","M","M","M","M","E","M","R","T","M","?","?","E","M","R","B",null,"M","M","M","M","?","R","M","R","T","$","M","M","T","M","R","B",null,"M","$","M","?","?","R","M","R","T","R","M","$","E","M","R","B",null],"character_chosen":"DEFECT","items_purchased":["Potion Belt","Cauldron","All For One","Hologram","Hello World+1"],"campfire_rested":4,"item_purchase_floors":[27,27,36,36,36],"current_hp_per_floor":[81,76,70,70,68,69,69,69,69,64,41,41,8,2,44,30,92,92,78,60,38,68,68,18,60,60,60,50,47,47,47,89,3,92,83,83,78,61,61,61,50,92,99,99,96,96,86,82,82,26],"gold":86,"neow_bonus":"TEN_PERCENT_HP_BONUS","is_prod":false,"is_daily":false,"chose_seed":false,"campfire_upgraded":5,"win_rate":0.0,"timestamp":1557301711,"path_taken":["M","M","M","M","M","E","M","R","T","M","?","?","E","?","R","BOSS","M","M","?","M","?","R","M","R","T","$","M","M","?","M","R","BOSS","M","$","M","?","?","R","M","R","T","R","M","$","E","M","R","BOSS"],"build_version":"2019-01-23","purchased_purges":3,"victory":true,"max_hp_per_floor":[82,82,82,82,82,92,92,92,92,92,92,92,92,92,92,92,92,92,92,92,92,92,92,92,92,92,92,92,92,92,92,92,92,92,92,92,92,92,92,92,92,92,99,99,99,99,99,99,99,99],"card_choices":[{"not_picked":["Gash","Stack"],"picked":"Go for the Eyes","floor":1.0},{"not_picked":["Static Discharge","Stack"],"picked":"Ball Lightning","floor":2.0},{"not_picked":["Stack","Steam"],"picked":"Streamline","floor":3.0},{"not_picked":["Scrape","Reinforced Body"],"picked":"Sunder","floor":4.0},{"not_picked":["Rainbow","Redo"],"picked":"Compile Driver","floor":5.0},{"not_picked":["Sweeping Beam","Stack"],"picked":"Cold Snap","floor":6.0},{"not_picked":["Redo","Coolheaded"],"picked":"Fission","floor":7.0},{"not_picked":["Stack","Streamline"],"picked":"Gash","floor":10.0},{"not_picked":["Static Discharge","Steam"],"picked":"Rip and Tear","floor":13.0},{"not_picked":["Darkness","Hello World"],"picked":"Leap","floor":14.0},{"not_picked":["Multi-Cast","Machine Learning"],"picked":"Echo Form","floor":16.0},{"not_picked":["Sweeping Beam","Storm"],"picked":"Steam+1","floor":18.0},{"not_picked":["Scrape","Loop"],"picked":"Undo","floor":19.0},{"not_picked":["Ball Lightning","Blizzard"],"picked":"Cold Snap","floor":20.0},{"not_picked":["Sweeping Beam","Thunder Strike"],"picked":"Redo","floor":21.0},{"not_picked":["Stack","Heatsinks"],"picked":"Barrage+1","floor":24},{"not_picked":["Genetic Algorithm","Cold Snap"],"picked":"Hologram","floor":28},{"not_picked":["Beam Cell","Steam"],"picked":"Streamline","floor":29},{"not_picked":["Hologram","Leap"],"picked":"Hello World+1","floor":31},{"not_picked":["Echo Form+1","Multi-Cast"],"picked":"Buffer+1","floor":33},{"not_picked":["Doom and Gloom+1","Ball Lightning"],"picked":"Beam Cell+1","floor":35},{"not_picked":["Rebound","Beam Cell"],"picked":"Turbo+1","floor":37},{"not_picked":["Redo","Stack+1"],"picked":"Static Discharge+1","floor":38},{"not_picked":["Chaos","Beam Cell"],"picked":"Static Discharge+1","floor":41},{"not_picked":["Rip and Tear+1","Coolheaded","Loop+1"],"picked":"SKIP","floor":45},{"not_picked":["Ball Lightning+1","Stack"],"picked":"Undo+1","floor":47},{"not_picked":["Conserve Battery+1","Storm+1"],"picked":"Rebound","floor":48}],"player_experience":92121,"relics_obtained":[{"floor":6.0,"key":"Pear"},{"floor":9.0,"key":"Regal Pillow"},{"floor":13.0,"key":"Bottled Flame"},{"floor":26,"key":"Frozen Egg 2"},{"floor":30,"key":"Pantograph"},{"floor":38,"key":"Calipers"},{"floor":43,"key":"Strawberry"},{"floor":47,"key":"Toxic Egg 2"}],"event_choices":[{"damage_healed":0.0,"max_hp_gain":0.0,"max_hp_loss":0.0,"gold_gain":0.0,"event_name":"Golden Idol","player_choice":"Take Damage","floor":11.0,"gold_loss":0.0,"damage_taken":23.0,"relics_obtained":["Golden Idol"]},{"damage_healed":0.0,"max_hp_gain":0.0,"max_hp_loss":0.0,"gold_gain":0.0,"event_name":"Accursed Blacksmith","player_choice":"Rummage","floor":12.0,"gold_loss":0.0,"damage_taken":0.0,"relics_obtained":["WarpedTongs"],"cards_obtained":["Pain"]},{"damage_healed":30.0,"max_hp_gain":0.0,"max_hp_loss":0.0,"gold_gain":0.0,"event_name":"The Library","player_choice":"Heal","floor":22.0,"gold_loss":0.0,"damage_taken":0.0},{"damage_healed":0,"gold_gain":0,"player_choice":"Fight","damage_taken":0,"max_hp_gain":0,"max_hp_loss":0,"event_name":"Mysterious Sphere","floor":38,"gold_loss":0},{"cards_removed":["Streamline"],"damage_healed":0,"gold_gain":0,"player_choice":"Removed Attack","damage_taken":0,"max_hp_gain":0,"max_hp_loss":0,"event_name":"Falling","floor":39,"gold_loss":0}],"is_beta":false,"boss_relics":[{"not_picked":["Velvet Choker","Black Star"],"picked":"Nuclear Battery"},{"not_picked":["Lizard Tail","Philosopher\u0027s Stone"],"picked":"Astrolabe"}],"items_purged_floors":[27,36,46],"is_endless":false,"potions_floor_spawned":[4,6,10,14,24,28,31,33,38,45,47,48],"ascension_level":0}