{"gold_per_floor":[369,369,389,389,339,339,354,279,309,131,131,131,6,38,38,38],"floor_reached":16,"playtime":468,"items_purged":["Defend_G","Strike_G","Strike_G"],"score":96,"play_id":"9bb2b3a4-0ae2-4280-a2aa-102a8ab8d0d1","local_time":"20190111224430","is_ascension_mode":false,"campfire_choices":[{"data":"Neutralize","floor":6,"key":"SMITH"},{"data":"Heel Hook","floor":12,"key":"SMITH"},{"data":"Survivor","floor":15,"key":"SMITH"}],"neow_cost":"TEN_PERCENT_HP_LOSS","seed_source_timestamp":179521844803622,"circlet_count":0,"master_deck":["Defend_G","Defend_G","Defend_G","Defend_G","Strike_G","Strike_G","Survivor+1","Neutralize+1","Heel Hook+1"],"relics":["Ring of the Snake","Tiny Chest","PreservedInsect","Dream Catcher"],"potions_floor_usage":[16],"damage_taken":[{"damage":0,"enemies":"Jaw Worm","floor":1,"turns":4},{"damage":2,"enemies":"Small Slimes","floor":3,"turns":4},{"damage":2,"enemies":"2 Louse","floor":7,"turns":2},{"damage":9,"enemies":"3 Sentries","floor":14,"turns":11},{"damage":43,"enemies":"Hexaghost","floor":16,"turns":16}],"seed_played":"8040463591705424362","potions_obtained":[{"floor":7,"key":"Dexterity Potion"}],"is_trial":false,"path_per_floor":["M","?","M","?","?","R","M","$","T","$","?","R","$","E","R","B"],"character_chosen":"THE_SILENT","items_purchased":["Heel Hook"],"campfire_rested":0,"item_purchase_floors":[10],"current_hp_per_floor":[63,63,61,66,66,66,64,64,64,64,52,52,52,43,43,0],"gold":38,"neow_bonus":"TWO_FIFTY_GOLD","is_prod":false,"is_daily":false,"chose_seed":false,"campfire_upgraded":3,"win_rate":0,"timestamp":1547243070,"path_taken":["M","?","M","?","?","R","M","$","T","$","?","R","?","E","R","BOSS"],"build_version":"2019-01-10","purchased_purges":3,"victory":false,"max_hp_per_floor":[63,63,63,68,68,68,68,68,68,68,68,68,68,68,68,68],"card_choices":[{"not_picked":["Poisoned Stab","Blur","Quick Slash"],"picked":"SKIP","floor":1},{"not_picked":["Slice","Cloak And Dagger","Dodge and Roll"],"picked":"SKIP","floor":3},{"not_picked":["Poisoned Stab","Cloak And Dagger","Caltrops"],"picked":"SKIP","floor":7},{"not_picked":["Bullet Time","Slice","Predator"],"picked":"SKIP","floor":14}],"player_experience":444398,"relics_obtained":[{"floor":9,"key":"Tiny Chest"},{"floor":14,"key":"Dream Catcher"}],"event_choices":[{"damage_healed":0,"gold_gain":0,"player_choice":"Ignored","damage_taken":0,"max_hp_gain":0,"max_hp_loss":0,"event_name":"Liars Game","floor":2,"gold_loss":0},{"damage_healed":0,"gold_gain":0,"player_choice":"Donut","damage_taken":0,"max_hp_gain":5,"max_hp_loss":0,"event_name":"Big Fish","floor":4,"gold_loss":0},{"cards_removed":["Strike_G"],"damage_healed":0,"gold_gain":0,"player_choice":"Card Removal","damage_taken":0,"max_hp_gain":0,"max_hp_loss":0,"event_name":"The Cleric","floor":5,"gold_loss":50},{"damage_healed":0,"gold_gain":0,"player_choice":"Success","damage_taken":12,"relics_obtained":["PreservedInsect"],"max_hp_gain":0,"max_hp_loss":0,"event_name":"Scrap Ooze","floor":11,"gold_loss":0}],"is_beta":false,"boss_relics":[],"items_purged_floors":[8,10,13],"is_endless":false,"potions_floor_spawned":[7],"killed_by":"Hexaghost","ascension_level":0}