{"gold_per_floor":[153,153,153,207,243,339,411,513,525,630,675,786,879,987,999,1242,1254,1317,1329,1341,1383,426,504,543,630,679,1066,1066,1147,817,892,892,1129,1129,1165,1204,1204,1264,1327,1432,1513,520,545,545,647,737,737,839,839,1073,1289,1289,1325,147,147,243,303,378,429,486,486,537,567,615,675,777,777,996,996,1032,55,109,142,226,226,322,63,150,150,350,434,467,566,566,797,797,836,893,893,971,1004,1088,1088,1088],"floor_reached":94,"playtime":2082,"items_purged":[],"score":7113,"play_id":"56b24436-be47-40b1-a62b-d5d0e67a9680","local_time":"25620305233925","daily_mods":["Hoarder","Vintage","Heirloom","Time Dilation","DeadlyEvents","Cursed Run","Elite Swarm","Lethality","Midas"],"is_ascension_mode":true,"campfire_choices":[{"floor":15.0,"key":"REST"},{"floor":28,"key":"REST"},{"floor":32,"key":"REST"},{"floor":44,"key":"REST"},{"floor":49,"key":"REST"},{"floor":67,"key":"REST"},{"floor":75,"key":"DIG"},{"floor":79,"key":"DIG"},{"floor":84,"key":"DIG"},{"floor":93,"key":"DIG"}],"neow_cost":"","seed_source_timestamp":0,"circlet_count":10,"master_deck":["AscendersBane","Bash+1","Offering","Offering+1","Offering","Immolate","Immolate+1","Immolate","Regret","Regret","Regret","Impervious","Impervious","Impervious","Immolate","Immolate","Immolate","Feed","Feed","Feed","Pain","Pain","Pain","Immolate","Immolate","Immolate","Spot Weakness","Spot Weakness","Spot Weakness","Body Slam+1","Body Slam+1","Body Slam+1","Uppercut+1","Uppercut+1","Uppercut+1","Shrug It Off","Shrug It Off","Shrug It Off","Immolate+1","Immolate+1","Immolate+1","Limit Break","Limit Break","Limit Break","Regret","Regret","Regret","Impervious","Impervious+1","Impervious","Fiend Fire+1","Fiend Fire+1","Fiend Fire+1","Regret","Regret","Regret","Impervious","Impervious","Impervious","Feed+1","Feed+1","Feed+1","Pain","Pain","Pain","Apotheosis","Apotheosis","Apotheosis","Pummel+1","Pummel+1","Pummel+1","Havoc","Havoc","Havoc","Decay","Decay","Decay","Feed+1","Feed+1","Feed+1","Juggernaut+1","Juggernaut+1","Juggernaut+1","Injury","Injury","Injury","Juggernaut+1","Juggernaut+1","Juggernaut+1","Writhe","Writhe","Writhe","Demon Form+1","Demon Form+1","Demon Form+1","Decay","Decay","Decay","Limit Break","Limit Break","Limit Break","Feel No Pain+1","Feel No Pain+1","Feel No Pain+1","Inflame+1","Inflame+1","Inflame+1","Inflame+1","Inflame+1","Inflame+1","Corruption+1","Corruption+1","Corruption+1","Rupture+1","Rupture+1","Rupture+1","Impervious","Impervious","Impervious","Impervious","Impervious","Impervious","Clumsy","Clumsy","Clumsy","Impervious+1","Impervious+1","Impervious+1","Shame","Shame","Shame","Limit Break+1","Limit Break+1","Limit Break+1","Inflame+1","Inflame+1","Inflame+1","Feed+1","Feed+1","Feed+1","True Grit+1","True Grit+1","True Grit+1","Shrug It Off+1","Shrug It Off+1","Shrug It Off+1","Feed+1","Feed+1","Feed+1","Limit Break+1","Limit Break+1","Limit Break+1","Feed+1","Feed+1","Feed+1","Decay","Decay","Decay","Impervious+1","Impervious+1","Impervious+1","Reckless Charge+1","Reckless Charge+1","Combust+1","Combust+1","Combust+1","Bloodletting+1","Bloodletting+1","Bloodletting+1","Dual Wield+1","Dual Wield+1","Dual Wield+1","Sever Soul+1","Sever Soul+1","Sever Soul+1","Inflame+1","Inflame+1","Inflame+1","Juggernaut+1","Juggernaut+1","Juggernaut+1","Burning Pact+1","Burning Pact+1","Burning Pact+1","Feed+1","Feed+1","Feed+1","Offering+1","Offering+1","Offering+1"],"special_seed":0,"relics":["Cursed Key","Darkstone Periapt","Du-Vu Doll","Turnip","StoneCalendar","PreservedInsect","Mummified Hand","MawBank","Thread and Needle","Mango","Pantograph","Centennial Puzzle","Calipers","Paper Frog","Blood Vial","Anchor","Potion Belt","Black Star","Art of War","Singing Bowl","Molten Egg 2","Unceasing Top","ClockworkSouvenir","Gambling Chip","Whetstone","Boot","Incense Burner","Pear","Orichalcum","Old Coin","Red Skull","Charon\u0027s Ashes","Gremlin Horn","Vajra","Bronze Scales","Prayer Wheel","Bird Faced Urn","Lizard Tail","Pen Nib","Letter Opener","Bag of Preparation","Tiny Chest","War Paint","Nunchaku","Self Forming Clay","Mercury Hourglass","Bag of Marbles","HandDrill","Lantern","Oddly Smooth Stone","Matryoshka","Frozen Egg 2","Happy Flower","Bottled Flame","The Courier","Ginger","Bottled Lightning","Fusion Hammer","Dream Catcher","MealTicket","Ancient Tea Set","Meat on the Bone","Magic Flower","Ornamental Fan","Blue Candle","Question Card","Toxic Egg 2","Dodecahedron","Bottled Tornado","Kunai","Shuriken","FossilizedHelix","Champion Belt","Eternal Feather","Shovel","Lee\u0027s Waffle","Torii","Dead Branch","Ice Cream","Circlet","Sling","Pandora\u0027s Box"],"potions_floor_usage":[51],"damage_taken":[{"damage":1.0,"enemies":"2 Louse","floor":1.0,"turns":2.0},{"damage":2.0,"enemies":"Small Slimes","floor":4.0,"turns":3.0},{"damage":0.0,"enemies":"Jaw Worm","floor":5.0,"turns":2.0},{"damage":0.0,"enemies":"Gremlin Nob","floor":6.0,"turns":2.0},{"damage":6.0,"enemies":"Lots of Slimes","floor":7.0,"turns":2.0},{"damage":6.0,"enemies":"3 Sentries","floor":8.0,"turns":3.0},{"damage":6.0,"enemies":"Gremlin Nob","floor":10.0,"turns":1.0},{"damage":5.0,"enemies":"Red Slaver","floor":11.0,"turns":2.0},{"damage":6.0,"enemies":"Lagavulin","floor":12.0,"turns":1.0},{"damage":0.0,"enemies":"Gremlin Nob","floor":13.0,"turns":2.0},{"damage":3.0,"enemies":"Lagavulin","floor":14.0,"turns":2.0},{"damage":26.0,"enemies":"The Guardian","floor":16.0,"turns":6.0},{"damage":20.0,"enemies":"Shell Parasite","floor":18.0,"turns":3.0},{"damage":8.0,"enemies":"Spheric Guardian","floor":21.0,"turns":1.0},{"damage":2,"enemies":"Gremlin Leader","floor":23,"turns":3},{"damage":12,"enemies":"Centurion and Healer","floor":24,"turns":1},{"damage":6,"enemies":"Book of Stabbing","floor":25,"turns":1},{"damage":6,"enemies":"Slavers","floor":27,"turns":1},{"damage":8,"enemies":"Book of Stabbing","floor":29,"turns":2},{"damage":6,"enemies":"Gremlin Leader","floor":31,"turns":1},{"damage":13,"enemies":"Collector","floor":33,"turns":2},{"damage":0,"enemies":"3 Shapes","floor":35,"turns":1},{"damage":9,"enemies":"3 Darklings","floor":36,"turns":1},{"damage":25,"enemies":"Transient","floor":38,"turns":6},{"damage":0,"enemies":"Jaw Worm Horde","floor":39,"turns":1},{"damage":0,"enemies":"Nemesis","floor":40,"turns":1},{"damage":7,"enemies":"Giant Head","floor":45,"turns":1},{"damage":2,"enemies":"Reptomancer","floor":46,"turns":1},{"damage":0,"enemies":"Nemesis","floor":48,"turns":1},{"damage":10,"enemies":"Donu and Deca","floor":50,"turns":2},{"damage":34,"enemies":"Awakened One","floor":51,"turns":3},{"damage":1,"enemies":"2 Louse","floor":53,"turns":1},{"damage":0,"enemies":"3 Sentries","floor":56,"turns":1},{"damage":0,"enemies":"Small Slimes","floor":57,"turns":1},{"damage":0,"enemies":"Lagavulin","floor":58,"turns":1},{"damage":0,"enemies":"Jaw Worm","floor":59,"turns":1},{"damage":2,"enemies":"Red Slaver","floor":60,"turns":1},{"damage":0,"enemies":"3 Louse","floor":62,"turns":1},{"damage":0,"enemies":"Large Slime","floor":63,"turns":1},{"damage":0,"enemies":"Blue Slaver","floor":64,"turns":1},{"damage":0,"enemies":"3 Louse","floor":65,"turns":1},{"damage":6,"enemies":"3 Sentries","floor":66,"turns":1},{"damage":0,"enemies":"Slime Boss","floor":68,"turns":1},{"damage":0,"enemies":"Shell Parasite","floor":70,"turns":1},{"damage":0,"enemies":"2 Thieves","floor":72,"turns":1},{"damage":0,"enemies":"3 Cultists","floor":73,"turns":1},{"damage":0,"enemies":"Book of Stabbing","floor":74,"turns":1},{"damage":0,"enemies":"Gremlin Leader","floor":76,"turns":1},{"damage":0,"enemies":"Book of Stabbing","floor":78,"turns":1},{"damage":0,"enemies":"Gremlin Leader","floor":81,"turns":1},{"damage":0,"enemies":"Snake Plant","floor":82,"turns":1},{"damage":0,"enemies":"Book of Stabbing","floor":83,"turns":1},{"damage":0,"enemies":"Collector","floor":85,"turns":1},{"damage":0,"enemies":"3 Darklings","floor":87,"turns":1},{"damage":0,"enemies":"Orb Walker","floor":88,"turns":1},{"damage":1,"enemies":"Reptomancer","floor":90,"turns":1},{"damage":0,"enemies":"Spire Growth","floor":91,"turns":1},{"damage":0,"enemies":"Giant Head","floor":92,"turns":1},{"damage":0,"enemies":"4 Shapes","floor":94,"turns":1}],"seed_played":"1372718662850237251","potions_obtained":[{"floor":1.0,"key":"Poison Potion"},{"floor":6.0,"key":"Explosive Potion"},{"floor":12.0,"key":"Explosive Potion"},{"floor":14.0,"key":"BloodPotion"},{"floor":16.0,"key":"Regen Potion"},{"floor":21.0,"key":"SteroidPotion"},{"floor":58,"key":"Block Potion"}],"is_trial":true,"path_per_floor":["M","?","?","M","M","E","M","E","T","E","M","E","E","E","R","B",null,"M","?","?","M","$","E","M","E","T","E","R","E","$","E","R","B",null,"M","M","?","M","M","E","T","$","T","R","E","E","T","E","R","B","B",null,"M","$","?","E","M","E","M","M","T","M","M","M","M","E","R","B",null,"M","$","M","M","E","R","E","$","E","R","?","E","M","E","R","B",null,"M","M","?","E","M","E","R","M"],"character_chosen":"IRONCLAD","items_purchased":["Molten Egg 2","Unceasing Top","ClockworkSouvenir","Body Slam+1","Uppercut+1","Shrug It Off","Vajra","Bronze Scales","Mercury Hourglass","Bag of Marbles","HandDrill","Apotheosis","Pummel+1","Havoc","Feel No Pain+1","MealTicket","Ancient Tea Set","Meat on the Bone","Magic Flower","Ornamental Fan","Inflame+1","Inflame+1","Corruption+1","Lee\u0027s Waffle","Torii","Dead Branch","Ice Cream","Inflame+1","Sling","True Grit+1","Shrug It Off+1"],"campfire_rested":6,"item_purchase_floors":[22,22,22,22,22,22,30,30,42,42,42,42,42,42,54,54,54,54,54,54,54,54,54,71,71,71,71,71,77,77,77],"current_hp_per_floor":[67,67,62,60,60,60,68,62,68,62,57,51,53,52,80,75,95,77,77,77,74,74,77,73,82,88,86,126,123,123,122,140,133,143,145,140,140,117,125,127,133,133,139,167,163,163,169,171,176,172,156,180,189,189,189,195,200,204,204,202,208,218,218,221,221,228,231,237,237,237,244,244,252,258,258,258,258,258,258,258,258,258,258,258,264,264,264,264,264,264,264,264,264,264],"gold":1088,"neow_bonus":"","is_prod":false,"is_daily":false,"chose_seed":false,"campfire_upgraded":0,"win_rate":0,"timestamp":1551803965,"path_taken":["M","?","?","M","M","E","M","E","T","E","M","?","E","?","R","BOSS","M","?","?","M","$","E","M","E","T","E","R","E","?","?","R","BOSS","M","M","?","M","M","E","?","$","T","R","?","E","?","E","R","BOSS","BOSS","M","$","?","?","M","E","M","M","T","M","?","?","M","?","R","BOSS","M","$","M","M","?","R","E","$","E","R","?","?","?","E","R","BOSS","M","M","?","?","?","E","R","M"],"build_version":"2019-01-23","purchased_purges":0,"victory":false,"max_hp_per_floor":[75,75,75,75,75,75,89,89,95,95,95,95,95,95,95,101,101,101,101,101,104,104,107,113,126,132,134,134,137,137,140,140,146,146,146,149,149,149,155,155,161,161,167,167,170,170,176,176,176,182,188,188,196,196,196,196,200,204,204,204,210,218,218,221,221,229,231,237,237,237,244,244,252,258,258,258,258,258,258,258,258,258,258,258,264,264,264,264,264,264,264,264,264,264],"card_choices":[{"not_picked":["Immolate","Impervious"],"picked":"Offering","floor":6.0},{"not_picked":["Demon Form","Impervious"],"picked":"Immolate","floor":8.0},{"not_picked":["Immolate","Berserk"],"picked":"Impervious","floor":10.0},{"not_picked":["Dark Embrace","Barricade","Brutality"],"picked":"SKIP","floor":12.0},{"not_picked":["Demon Form","Fiend Fire"],"picked":"Immolate","floor":13.0},{"not_picked":["Limit Break","Offering"],"picked":"Feed","floor":14.0},{"not_picked":["Dark Embrace","Bludgeon"],"picked":"Immolate","floor":16.0},{"not_picked":["Impervious","Juggernaut"],"picked":"Immolate+1","floor":23},{"not_picked":["Exhume","Demon Form"],"picked":"Limit Break","floor":25},{"not_picked":["Demon Form","Exhume","Bludgeon+1"],"picked":"Singing Bowl","floor":27},{"not_picked":["Feed+1","Offering"],"picked":"Impervious","floor":29},{"not_picked":["Juggernaut","Brutality"],"picked":"Fiend Fire+1","floor":31},{"not_picked":["Dark Embrace","Berserk"],"picked":"Impervious","floor":33},{"not_picked":["Immolate+1","Bludgeon+1"],"picked":"Feed+1","floor":40},{"not_picked":["Bludgeon+1","Impervious"],"picked":"Feed+1","floor":45},{"not_picked":["Barricade","Fiend Fire+1"],"picked":"Juggernaut","floor":46},{"not_picked":["Brutality+1","Exhume"],"picked":"Juggernaut+1","floor":48},{"not_picked":["Berserk+1","Double Tap"],"picked":"Demon Form+1","floor":50},{"not_picked":["Double Tap","Juggernaut+1"],"picked":"Limit Break","floor":51},{"not_picked":["Barricade+1","Brutality+1"],"picked":"Impervious","floor":56},{"not_picked":["Immolate+1","Offering"],"picked":"Impervious","floor":58},{"not_picked":["Brutality+1","Reaper+1","Dark Embrace+1"],"picked":"Impervious+1","floor":66},{"not_picked":["Power Through+1","Armaments+1","Second Wind+1","Warcry+1"],"picked":"Singing Bowl","floor":67},{"not_picked":["Bludgeon+1","Double Tap+1","Dark Embrace+1"],"picked":"Limit Break+1","floor":68},{"not_picked":["Reaper+1","Fiend Fire+1","Juggernaut+1","Brutality+1"],"picked":"Singing Bowl","floor":74},{"not_picked":["Brutality+1","Double Tap+1","Bludgeon+1"],"picked":"Feed+1","floor":76},{"not_picked":["Double Tap+1","Juggernaut+1","Barricade+1"],"picked":"Feed+1","floor":78},{"not_picked":["Offering+1","Barricade+1","Double Tap+1"],"picked":"Limit Break+1","floor":81},{"not_picked":["Immolate+1","Exhume+1","Barricade+1"],"picked":"Feed+1","floor":83},{"not_picked":["Reaper+1","Exhume+1","Juggernaut+1"],"picked":"Impervious+1","floor":85},{"not_picked":["Exhume+1","Brutality+1","Juggernaut+1"],"picked":"Feed+1","floor":90},{"not_picked":["Double Tap+1","Fiend Fire+1","Juggernaut+1"],"picked":"Offering+1","floor":92}],"player_experience":289892,"relics_obtained":[{"floor":1.0,"key":"StoneCalendar"},{"floor":4.0,"key":"Mummified Hand"},{"floor":5.0,"key":"MawBank"},{"floor":6.0,"key":"Thread and Needle"},{"floor":7.0,"key":"Mango"},{"floor":8.0,"key":"Pantograph"},{"floor":9.0,"key":"Centennial Puzzle"},{"floor":10.0,"key":"Calipers"},{"floor":11.0,"key":"Paper Frog"},{"floor":12.0,"key":"Blood Vial"},{"floor":13.0,"key":"Anchor"},{"floor":14.0,"key":"Potion Belt"},{"floor":18.0,"key":"Art of War"},{"floor":21.0,"key":"Singing Bowl"},{"floor":23,"key":"Gambling Chip"},{"floor":23,"key":"Whetstone"},{"floor":24,"key":"Boot"},{"floor":25,"key":"Incense Burner"},{"floor":25,"key":"Pear"},{"floor":26,"key":"Orichalcum"},{"floor":27,"key":"Old Coin"},{"floor":27,"key":"Red Skull"},{"floor":29,"key":"Charon\u0027s Ashes"},{"floor":29,"key":"Gremlin Horn"},{"floor":31,"key":"Prayer Wheel"},{"floor":31,"key":"Bird Faced Urn"},{"floor":35,"key":"Pen Nib"},{"floor":36,"key":"Letter Opener"},{"floor":38,"key":"Bag of Preparation"},{"floor":39,"key":"Tiny Chest"},{"floor":40,"key":"War Paint"},{"floor":40,"key":"Nunchaku"},{"floor":41,"key":"Self Forming Clay"},{"floor":43,"key":"Lantern"},{"floor":45,"key":"Oddly Smooth Stone"},{"floor":45,"key":"Matryoshka"},{"floor":46,"key":"Frozen Egg 2"},{"floor":46,"key":"Happy Flower"},{"floor":47,"key":"Bottled Flame"},{"floor":47,"key":"The Courier"},{"floor":48,"key":"Ginger"},{"floor":48,"key":"Bottled Lightning"},{"floor":53,"key":"Dream Catcher"},{"floor":57,"key":"Blue Candle"},{"floor":59,"key":"Question Card"},{"floor":60,"key":"Toxic Egg 2"},{"floor":61,"key":"Dodecahedron"},{"floor":61,"key":"Bottled Tornado"},{"floor":62,"key":"Kunai"},{"floor":63,"key":"Shuriken"},{"floor":64,"key":"FossilizedHelix"},{"floor":65,"key":"Champion Belt"},{"floor":70,"key":"Shovel"},{"floor":72,"key":"Circlet"},{"floor":73,"key":"Circlet"},{"floor":75,"key":"Circlet"},{"floor":79,"key":"Circlet"},{"floor":82,"key":"Circlet"},{"floor":84,"key":"Circlet"},{"floor":87,"key":"Circlet"},{"floor":88,"key":"Circlet"},{"floor":91,"key":"Circlet"},{"floor":93,"key":"Circlet"}],"event_choices":[{"damage_healed":0.0,"max_hp_gain":0.0,"max_hp_loss":0.0,"gold_gain":0.0,"event_name":"Living Wall","player_choice":"Grow","floor":2.0,"gold_loss":0.0,"damage_taken":0.0,"cards_upgraded":["Bash"]},{"damage_healed":0.0,"max_hp_gain":0.0,"max_hp_loss":0.0,"gold_gain":0.0,"event_name":"Scrap Ooze","player_choice":"Success","floor":3.0,"gold_loss":0.0,"damage_taken":5.0,"relics_obtained":["PreservedInsect"]},{"damage_healed":0.0,"max_hp_gain":0.0,"max_hp_loss":0.0,"gold_gain":0.0,"event_name":"Ghosts","player_choice":"Ignored","floor":19.0,"gold_loss":0.0,"damage_taken":0.0},{"damage_healed":0.0,"max_hp_gain":0.0,"max_hp_loss":0.0,"gold_gain":0.0,"event_name":"The Library","player_choice":"Read","floor":20.0,"gold_loss":0.0,"damage_taken":0.0,"cards_obtained":["Spot Weakness"]},{"damage_healed":0,"gold_gain":0,"player_choice":"Ignored","damage_taken":0,"max_hp_gain":0,"max_hp_loss":0,"event_name":"Tomb of Lord Red Mask","floor":37,"gold_loss":0},{"damage_healed":0,"gold_gain":0,"cards_transformed":["Strike_R"],"player_choice":"Transformed","damage_taken":0,"max_hp_gain":0,"max_hp_loss":0,"event_name":"Transmorgrifier","floor":55,"gold_loss":0,"cards_obtained":["Rupture"]},{"damage_healed":0,"gold_gain":200,"player_choice":"Gold","damage_taken":0,"max_hp_gain":0,"max_hp_loss":0,"event_name":"Wheel of Change","floor":80,"gold_loss":0},{"cards_removed":["Reckless Charge"],"damage_healed":0,"gold_gain":0,"player_choice":"Removed Attack","damage_taken":0,"max_hp_gain":0,"max_hp_loss":0,"event_name":"Falling","floor":89,"gold_loss":0}],"is_beta":false,"boss_relics":[{"not_picked":["Snecko Eye","Coffee Dripper"],"picked":"Black Star"},{"not_picked":["Empty Cage","White Beast Statue"],"picked":"Lizard Tail"},{"not_picked":["Pandora\u0027s Box","Runic Pyramid"],"picked":"Fusion Hammer"},{"not_picked":["Velvet Choker","Ectoplasm"],"picked":"Eternal Feather"},{"not_picked":["White Beast Statue","Runic Dome"],"picked":"Pandora\u0027s Box"}],"items_purged_floors":[],"is_endless":true,"potions_floor_spawned":[1,6,12,13,14,16,18,21,29,31,36,39,45,46,58,59,60,62,64,72,74,78,81,83,91],"killed_by":"4 Shapes","ascension_level":20}