{"gold_per_floor":[116,116,76,76,90,90,128,146,146,490,163,186,221,236,236,366,366,386,411,65,78,78,78,102,145,221,246,269,269,304,319,319,438,438,462,795,811,829,829,829,677,677,677,688,30,59,59,70,70,70],"floor_reached":51,"playtime":3048,"items_purged":["Strike_B","Hello World"],"score":1060,"play_id":"6f0fccbe-4c9a-4da7-9f43-92e4c6828266","local_time":"20190401022855","is_ascension_mode":true,"campfire_choices":[{"data":"Zap","floor":6.0,"key":"SMITH"},{"data":"Defragment","floor":15.0,"key":"SMITH"},{"data":"Streamline","floor":23.0,"key":"SMITH"},{"floor":29.0,"key":"REST"},{"floor":32.0,"key":"REST"},{"data":"Barrage","floor":40.0,"key":"SMITH"},{"data":"Barrage","floor":42.0,"key":"SMITH"},{"floor":49,"key":"REST"}],"neow_cost":"TEN_PERCENT_HP_LOSS","seed_source_timestamp":0,"circlet_count":0,"master_deck":["Strike_B+1","Defend_B+1","Defend_B+1","Defend_B+1","Defend_B+1","Zap+1","Dualcast","Compile Driver","Ball Lightning","Go for the Eyes","Machine Learning","Glacier","Defragment+1","Streamline+1","Melter","Electrodynamics+1","Steam+1","Leap+1","Creative AI+1","Go for the Eyes","Sunder+1","Conserve Battery+1","Glacier+1","Barrage+1","Stack+1","BootSequence+1","Biased Cognition+1","Barrage+1","Barrage","White Noise+1","Self Repair+1","Conserve Battery+1","Stack+1","White Noise+1","Secret Weapon+1","Finesse+1","Barrage+1","Go for the Eyes+1","Enlightenment+1","Purity+1"],"special_seed":0,"relics":["Cracked Core","Emotion Chip","Bottled Tornado","Old Coin","Frozen Egg 2","Toxic Egg 2","Inserter","ClockworkSouvenir","Bronze Scales","Kunai","Juzu Bracelet","Orrery","Molten Egg 2","Oddly Smooth Stone","DollysMirror","Pear"],"potions_floor_usage":[50],"damage_taken":[{"damage":3.0,"enemies":"Jaw Worm","floor":1.0,"turns":3.0},{"damage":5.0,"enemies":"2 Louse","floor":5.0,"turns":2.0},{"damage":9.0,"enemies":"Lagavulin","floor":7.0,"turns":5.0},{"damage":0.0,"enemies":"Cultist","floor":8.0,"turns":3.0},{"damage":0.0,"enemies":"Gremlin Nob","floor":10.0,"turns":3.0},{"damage":6.0,"enemies":"Exordium Wildlife","floor":12.0,"turns":4.0},{"damage":5.0,"enemies":"Lagavulin","floor":13.0,"turns":5.0},{"damage":1.0,"enemies":"2 Fungi Beasts","floor":14.0,"turns":3.0},{"damage":4.0,"enemies":"The Guardian","floor":16.0,"turns":9.0},{"damage":20.0,"enemies":"2 Thieves","floor":18.0,"turns":2.0},{"damage":0.0,"enemies":"Chosen","floor":19.0,"turns":5.0},{"damage":15.0,"enemies":"Centurion and Healer","floor":21.0,"turns":4.0},{"damage":5.0,"enemies":"Snake Plant","floor":24.0,"turns":5.0},{"damage":20.0,"enemies":"Gremlin Leader","floor":25.0,"turns":6.0},{"damage":0.0,"enemies":"Snecko","floor":27.0,"turns":5.0},{"damage":0.0,"enemies":"Cultist and Chosen","floor":28.0,"turns":5.0},{"damage":3.0,"enemies":"Book of Stabbing","floor":30.0,"turns":5.0},{"damage":0.0,"enemies":"Chosen and Byrds","floor":31.0,"turns":5.0},{"damage":13.0,"enemies":"Collector","floor":33.0,"turns":9.0},{"damage":0.0,"enemies":"3 Shapes","floor":35.0,"turns":5.0},{"damage":7.0,"enemies":"Orb Walker","floor":37.0,"turns":5.0},{"damage":0.0,"enemies":"4 Shapes","floor":38.0,"turns":4.0},{"damage":4.0,"enemies":"Spire Growth","floor":44.0,"turns":5.0},{"damage":9,"enemies":"Nemesis","floor":46,"turns":9},{"damage":38,"enemies":"Jaw Worm Horde","floor":48,"turns":6},{"damage":21,"enemies":"Time Eater","floor":50,"turns":9}],"seed_played":"-82076244209151672","potions_obtained":[{"floor":3.0,"key":"EssenceOfSteel"},{"floor":3.0,"key":"EntropicBrew"},{"floor":8.0,"key":"GamblersBrew"},{"floor":12.0,"key":"Block Potion"},{"floor":13.0,"key":"SteroidPotion"},{"floor":21.0,"key":"GamblersBrew"},{"floor":24.0,"key":"PowerPotion"},{"floor":27.0,"key":"Energy Potion"},{"floor":28.0,"key":"Block Potion"},{"floor":30.0,"key":"GamblersBrew"},{"floor":35.0,"key":"Ancient Potion"}],"is_trial":false,"path_per_floor":["M","?","?","$","M","R","E","M","T","E","$","M","E","M","R","B",null,"M","M","$","M","?","R","M","E","T","M","M","R","E","M","R","B",null,"M","?","M","M","?","R","$","R","T","M","$","E","?","M","R","B",null],"character_chosen":"DEFECT","items_purchased":["Frozen Egg 2","Creative AI+1","ClockworkSouvenir","FearPotion","SteroidPotion","Oddly Smooth Stone","Secret Weapon+1","Finesse+1","DollysMirror"],"campfire_rested":3,"item_purchase_floors":[11,20,20,41,45,45,45,45,45],"current_hp_per_floor":[65,48,48,48,43,43,34,34,34,34,34,28,23,22,22,18,68,48,48,48,33,33,33,28,8,8,8,8,28,25,25,45,32,68,68,68,68,68,68,68,68,68,68,68,68,78,73,45,68,47],"gold":70,"neow_bonus":"TRANSFORM_TWO_CARDS","is_prod":false,"is_daily":false,"chose_seed":false,"campfire_upgraded":5,"win_rate":0,"timestamp":1554078535,"path_taken":["M","?","?","$","M","R","E","M","T","E","$","M","E","M","R","BOSS","M","M","$","?","?","R","M","E","T","M","M","R","E","M","R","BOSS","M","?","M","M","?","R","$","R","T","M","$","E","?","M","R","BOSS"],"build_version":"2019-01-23","purchased_purges":2,"victory":true,"max_hp_per_floor":[68,68,68,68,68,68,68,68,68,68,68,68,68,68,68,68,68,68,68,68,68,68,68,68,68,68,68,68,68,68,68,68,68,68,68,68,68,68,68,68,68,68,68,68,68,78,78,78,78,78],"card_choices":[{"not_picked":["Beam Cell","Sweeping Beam"],"picked":"Ball Lightning","floor":1.0},{"not_picked":["Streamline","Hologram"],"picked":"Go for the Eyes","floor":5.0},{"not_picked":["Beam Cell","Cold Snap"],"picked":"Machine Learning","floor":7.0},{"not_picked":["Steam Power","Tempest"],"picked":"Glacier","floor":8.0},{"not_picked":["Auto Shields","Conserve Battery"],"picked":"Defragment","floor":10.0},{"not_picked":["Coolheaded","Force Field"],"picked":"Streamline","floor":12.0},{"not_picked":["Auto Shields","Rainbow"],"picked":"Melter","floor":13.0},{"not_picked":["Hello World+1","Stack+1"],"picked":"Aggregate+1","floor":14.0},{"not_picked":["All For One","Amplify+1"],"picked":"Electrodynamics+1","floor":16.0},{"not_picked":["Barrage","Cold Snap"],"picked":"Steam+1","floor":18.0},{"not_picked":["Undo+1","Turbo+1"],"picked":"Leap+1","floor":19.0},{"not_picked":["Cold Snap","Hello World+1"],"picked":"Go for the Eyes","floor":21.0},{"not_picked":["Sweeping Beam+1","Cold Snap"],"picked":"Sunder+1","floor":24.0},{"not_picked":["Rebound","Sweeping Beam"],"picked":"Conserve Battery+1","floor":25.0},{"not_picked":["Turbo+1","Compile Driver"],"picked":"Glacier+1","floor":27.0},{"not_picked":["Gash","Double Energy+1"],"picked":"Barrage","floor":28.0},{"not_picked":["Streamline","Biased Cognition+1"],"picked":"Stack+1","floor":30.0},{"not_picked":["Double Energy+1","Undo+1"],"picked":"BootSequence+1","floor":31.0},{"not_picked":["Meteor Strike","Hyperbeam"],"picked":"Biased Cognition+1","floor":33.0},{"not_picked":["Gash+1","Rebound"],"picked":"Barrage","floor":34.0},{"not_picked":["Cold Snap","Rip and Tear"],"picked":"Barrage","floor":34.0},{"not_picked":["Aggregate+1","Cold Snap"],"picked":"White Noise+1","floor":34.0},{"not_picked":["Streamline","Turbo+1"],"picked":"Self Repair+1","floor":34.0},{"not_picked":["Ball Lightning","Cold Snap+1"],"picked":"Conserve Battery+1","floor":35.0},{"not_picked":["Conserve Battery+1","Ball Lightning+1","Scrape+1"],"picked":"SKIP","floor":37.0},{"not_picked":["Chill+1","Turbo+1"],"picked":"Stack+1","floor":38.0},{"not_picked":["Stack+1","Go for the Eyes+1"],"picked":"White Noise+1","floor":44.0},{"not_picked":["Lockon+1","Turbo+1"],"picked":"Go for the Eyes+1","floor":46},{"not_picked":["The Bomb+1","Flash of Steel+1"],"picked":"Enlightenment+1","floor":47},{"not_picked":["Sadistic Nature+1","Forethought+1"],"picked":"Purity+1","floor":47},{"not_picked":["Leap+1","Gash+1","Cold Snap+1"],"picked":"SKIP","floor":48}],"player_experience":662249,"relics_obtained":[{"floor":7.0,"key":"Emotion Chip"},{"floor":9.0,"key":"Bottled Tornado"},{"floor":10.0,"key":"Old Coin"},{"floor":13.0,"key":"Toxic Egg 2"},{"floor":25.0,"key":"Bronze Scales"},{"floor":26.0,"key":"Kunai"},{"floor":30.0,"key":"Juzu Bracelet"},{"floor":43.0,"key":"Molten Egg 2"},{"floor":46,"key":"Pear"}],"event_choices":[{"damage_healed":0.0,"max_hp_gain":0.0,"max_hp_loss":0.0,"gold_gain":0.0,"event_name":"Golden Idol","player_choice":"Take Damage","floor":2.0,"gold_loss":0.0,"damage_taken":17.0,"relics_obtained":["Golden Idol"]},{"damage_healed":0.0,"max_hp_gain":0.0,"max_hp_loss":0.0,"gold_gain":0.0,"event_name":"The Woman in Blue","player_choice":"Bought 3 Potions","floor":3.0,"gold_loss":0.0,"damage_taken":0.0},{"damage_healed":0.0,"max_hp_gain":0.0,"max_hp_loss":0.0,"gold_gain":0.0,"event_name":"Back to Basics","player_choice":"Simplicity","floor":22.0,"gold_loss":0.0,"damage_taken":0.0,"cards_upgraded":["Strike_B","Defend_B","Defend_B","Defend_B","Defend_B"]},{"damage_healed":0.0,"max_hp_gain":0.0,"max_hp_loss":0.0,"gold_gain":333.0,"event_name":"The Moai Head","player_choice":"Gave Idol","floor":36.0,"relics_lost":["Golden Idol"],"gold_loss":0.0,"damage_taken":0.0},{"cards_removed":["Aggregate"],"damage_healed":0.0,"max_hp_gain":0.0,"max_hp_loss":0.0,"gold_gain":0.0,"event_name":"Falling","player_choice":"Removed Skill","floor":39.0,"gold_loss":0.0,"damage_taken":0.0},{"damage_healed":0,"gold_gain":0,"player_choice":"Memory 2","damage_taken":5,"max_hp_gain":0,"max_hp_loss":0,"event_name":"SensoryStone","floor":47,"gold_loss":0}],"is_beta":false,"boss_relics":[{"not_picked":["FrozenCore","Runic Pyramid"],"picked":"Inserter"},{"not_picked":["Tiny House","Empty Cage"],"picked":"Orrery"}],"items_purged_floors":[11,41],"is_endless":false,"potions_floor_spawned":[8,12,13,14,21,24,27,28,30,35,46,48],"ascension_level":1}