{"gold_per_floor":[215,228,241,261,277,306,306,320,320,334,350,368,379,411,411,510,510,526,536,556,225,225,256,256,270,270,295,310,321,334,368,368,470,470,490,508,523,534,552,552,774,774,799,813,813,866,882,882,882,882],"floor_reached":50,"playtime":8139,"items_purged":[],"score":688,"play_id":"a49af17d-2f06-410d-a4e1-50f55884826a","local_time":"20190507002445","is_ascension_mode":false,"campfire_choices":[{"data":"Feed","floor":7,"key":"SMITH"},{"data":"Warcry","floor":15,"key":"SMITH"},{"floor":24,"key":"REST"},{"floor":32,"key":"REST"},{"floor":40,"key":"REST"},{"floor":42,"key":"REST"},{"data":"Battle Trance","floor":45,"key":"SMITH"},{"floor":49,"key":"REST"}],"neow_cost":"NONE","seed_source_timestamp":25253160391726,"circlet_count":0,"master_deck":["Strike_R","Strike_R","Strike_R","Strike_R","Strike_R","Defend_R","Defend_R","Defend_R","Defend_R","Bash","Perfected Strike","Metallicize","Warcry+1","Battle Trance+1","Feed+1","Twin Strike","Flex","Clothesline","Second Wind+1","Power Through+1","Dual Wield+1","Offering+1","Offering+1","Body Slam","Twin Strike+1","Pommel Strike","Perfected Strike","Violence+1","Entrench+1","Flex+1","Seeing Red+1","Shrug It Off+1","Impervious+1","Second Wind+1","Rage+1","Shockwave+1","Seeing Red+1","Impervious+1","Entrench+1","Battle Trance+1","Armaments+1","Uppercut+1","Blood for Blood+1","Perfected Strike+1","True Grit+1","Perfected Strike+1","Double Tap+1"],"relics":["Burning Blood","Shovel","Toxic Egg 2","Mercury Hourglass","Eternal Feather","Darkstone Periapt","Question Card","Red Skull","Red Mask","Black Star","Potion Belt","Prayer Wheel"],"potions_floor_usage":[3,5,6,12,14,20,25,27,30,31,33,46,46,47,48,48],"damage_taken":[{"damage":5,"enemies":"2 Louse","floor":1,"turns":3},{"damage":6,"enemies":"Jaw Worm","floor":2,"turns":3},{"damage":6,"enemies":"Small Slimes","floor":3,"turns":4},{"damage":33,"enemies":"Gremlin Gang","floor":4,"turns":6},{"damage":2,"enemies":"Exordium Wildlife","floor":5,"turns":6},{"damage":19,"enemies":"Gremlin Nob","floor":6,"turns":5},{"damage":11,"enemies":"Lots of Slimes","floor":8,"turns":4},{"damage":5,"enemies":"Looter","floor":10,"turns":2},{"damage":7,"enemies":"Large Slime","floor":11,"turns":7},{"damage":3,"enemies":"Exordium Thugs","floor":12,"turns":4},{"damage":0,"enemies":"Blue Slaver","floor":13,"turns":2},{"damage":18,"enemies":"3 Sentries","floor":14,"turns":10},{"damage":32,"enemies":"Slime Boss","floor":16,"turns":12},{"damage":17,"enemies":"Chosen","floor":18,"turns":5},{"damage":13,"enemies":"Spheric Guardian","floor":19,"turns":4},{"damage":18,"enemies":"3 Cultists","floor":20,"turns":7},{"damage":38,"enemies":"Book of Stabbing","floor":23,"turns":6},{"damage":6,"enemies":"Centurion and Healer","floor":25,"turns":2},{"damage":39,"enemies":"Slavers","floor":27,"turns":5},{"damage":19,"enemies":"Shelled Parasite and Fungi","floor":28,"turns":8},{"damage":22,"enemies":"Snake Plant","floor":29,"turns":2},{"damage":18,"enemies":"Snecko","floor":30,"turns":3},{"damage":15,"enemies":"Masked Bandits","floor":31,"turns":3},{"damage":59,"enemies":"Collector","floor":33,"turns":11},{"damage":20,"enemies":"3 Shapes","floor":35,"turns":4},{"damage":36,"enemies":"3 Darklings","floor":36,"turns":8},{"damage":12,"enemies":"Maw","floor":37,"turns":7},{"damage":54,"enemies":"Writhing Mass","floor":38,"turns":5},{"damage":17,"enemies":"3 Darklings","floor":39,"turns":4},{"damage":31,"enemies":"Maw","floor":44,"turns":8},{"damage":25,"enemies":"2 Orb Walkers","floor":46,"turns":4},{"damage":33,"enemies":"Sphere and 2 Shapes","floor":47,"turns":4},{"damage":0,"enemies":"Reptomancer","floor":48,"turns":2},{"damage":130,"enemies":"Awakened One","floor":50,"turns":15}],"seed_played":"8055723550114704142","potions_obtained":[{"floor":2,"key":"FearPotion"},{"floor":4,"key":"Dexterity Potion"},{"floor":5,"key":"PowerPotion"},{"floor":10,"key":"Poison Potion"},{"floor":11,"key":"Fire Potion"},{"floor":13,"key":"SmokeBomb"},{"floor":19,"key":"FearPotion"},{"floor":23,"key":"SteroidPotion"},{"floor":25,"key":"Regen Potion"},{"floor":29,"key":"Ancient Potion"},{"floor":30,"key":"SteroidPotion"},{"floor":31,"key":"SkillPotion"},{"floor":35,"key":"SneckoOil"},{"floor":44,"key":"Explosive Potion"},{"floor":46,"key":"AttackPotion"},{"floor":47,"key":"GamblersBrew"}],"is_trial":false,"path_per_floor":["M","M","M","M","M","E","R","M","T","M","M","M","M","E","R","B",null,"M","M","M","$","?","E","R","M","T","E","M","M","M","?","R","B",null,"M","M","M","M","M","R","?","R","T","M","R","?","M","E","R","B"],"character_chosen":"IRONCLAD","items_purchased":["Perfected Strike","Violence+1","Entrench+1","Flex+1"],"campfire_rested":5,"item_purchase_floors":[21,21,21,21],"current_hp_per_floor":[80,80,80,53,57,44,44,43,43,44,47,54,64,52,52,34,104,97,94,82,82,82,50,101,105,105,88,79,63,51,42,100,47,124,110,80,74,26,15,76,76,124,124,99,123,104,81,87,128,0],"gold":882,"neow_bonus":"HUNDRED_GOLD","is_prod":false,"is_daily":false,"chose_seed":false,"campfire_upgraded":3,"win_rate":0.0,"timestamp":1557156285,"path_taken":["M","M","M","M","M","E","R","M","T","M","M","M","M","E","R","BOSS","M","M","M","$","?","E","R","M","T","E","M","M","M","?","R","BOSS","M","M","M","M","M","R","?","R","T","M","R","?","M","E","R","BOSS"],"build_version":"2019-01-23","purchased_purges":0,"victory":false,"max_hp_per_floor":[80,80,80,80,80,80,80,84,84,84,88,92,96,96,96,104,104,108,112,112,112,112,112,112,116,116,120,124,124,124,124,124,124,124,124,124,124,124,124,124,124,124,124,124,124,124,128,128,128,128],"card_choices":[{"not_picked":["Warcry","Sever Soul"],"picked":"Perfected Strike","floor":1},{"not_picked":["True Grit","Sword Boomerang"],"picked":"Metallicize","floor":2},{"not_picked":["Reckless Charge","Sever Soul"],"picked":"Warcry","floor":3},{"not_picked":["Entrench","Infernal Blade"],"picked":"Battle Trance","floor":4},{"not_picked":["True Grit","Armaments"],"picked":"Feed","floor":5},{"not_picked":["Ghostly Armor","Fiend Fire"],"picked":"Twin Strike","floor":6},{"not_picked":["True Grit","Anger"],"picked":"Flex","floor":8},{"not_picked":["Headbutt","Cleave"],"picked":"Clothesline","floor":10},{"not_picked":["Pummel","Clothesline"],"picked":"Second Wind+1","floor":11},{"not_picked":["Uppercut","Dropkick"],"picked":"Power Through+1","floor":12},{"not_picked":["Ghostly Armor+1","Thunderclap"],"picked":"Dual Wield+1","floor":13},{"not_picked":["Dropkick","Berserk"],"picked":"Offering+1","floor":14},{"not_picked":["Feed","Juggernaut"],"picked":"Offering+1","floor":16},{"not_picked":["Anger+1","Thunderclap+1"],"picked":"Body Slam","floor":18},{"not_picked":["Second Wind+1","Pommel Strike"],"picked":"Twin Strike+1","floor":19},{"not_picked":["Cleave","Inflame"],"picked":"Pommel Strike","floor":20},{"not_picked":["Burning Pact+1","Anger"],"picked":"Seeing Red+1","floor":23},{"not_picked":["Cleave","Feel No Pain+1"],"picked":"Shrug It Off+1","floor":25},{"not_picked":["Disarm+1","Thunderclap","True Grit+1"],"picked":"Impervious+1","floor":27},{"not_picked":["Whirlwind","Pummel","Rupture"],"picked":"Second Wind+1","floor":28},{"not_picked":["Pommel Strike","Sword Boomerang","Reckless Charge"],"picked":"Rage+1","floor":29},{"not_picked":["Heavy Blade","Inflame","Flex+1"],"picked":"Shockwave+1","floor":30},{"not_picked":["Clash","Corruption","True Grit+1"],"picked":"Seeing Red+1","floor":31},{"not_picked":["Barricade","Fiend Fire","Juggernaut"],"picked":"Impervious+1","floor":33},{"not_picked":["Combust+1","Sword Boomerang","Clash"],"picked":"Entrench+1","floor":35},{"not_picked":["Pommel Strike","Sever Soul+1","Seeing Red+1"],"picked":"Battle Trance+1","floor":36},{"not_picked":["Cleave+1","Iron Wave","Clash+1"],"picked":"Armaments+1","floor":37},{"not_picked":["Armaments+1","Rupture","Pommel Strike"],"picked":"Uppercut+1","floor":38},{"not_picked":["Armaments+1","Sword Boomerang","Uppercut+1"],"picked":"Blood for Blood+1","floor":39},{"not_picked":["Iron Wave","Clash+1","Twin Strike"],"picked":"Perfected Strike+1","floor":44},{"not_picked":["Feel No Pain+1","Sword Boomerang","Juggernaut"],"picked":"True Grit+1","floor":46},{"not_picked":["Spot Weakness+1","Headbutt","Pommel Strike+1"],"picked":"Perfected Strike+1","floor":47},{"not_picked":["Armaments+1","Heavy Blade","Anger"],"picked":"Double Tap+1","floor":47}],"player_experience":23525,"relics_obtained":[{"floor":6,"key":"Shovel"},{"floor":9,"key":"Toxic Egg 2"},{"floor":14,"key":"Mercury Hourglass"},{"floor":23,"key":"Darkstone Periapt"},{"floor":26,"key":"Question Card"},{"floor":27,"key":"Red Skull"},{"floor":31,"key":"Red Mask"},{"floor":43,"key":"Potion Belt"},{"floor":46,"key":"Prayer Wheel"}],"event_choices":[{"damage_healed":0,"gold_gain":0,"player_choice":"Ignored","damage_taken":0,"max_hp_gain":0,"max_hp_loss":0,"event_name":"Vampires","floor":22,"gold_loss":0},{"damage_healed":0,"gold_gain":0,"player_choice":"Fought Bandits","damage_taken":0,"max_hp_gain":0,"max_hp_loss":0,"event_name":"Masked Bandits","floor":31,"gold_loss":0},{"damage_healed":0,"gold_gain":222,"player_choice":"Wore Mask","damage_taken":0,"max_hp_gain":0,"max_hp_loss":0,"event_name":"Tomb of Lord Red Mask","floor":41,"gold_loss":0},{"damage_healed":0,"gold_gain":0,"player_choice":"Fight","damage_taken":0,"max_hp_gain":0,"max_hp_loss":0,"event_name":"Mysterious Sphere","floor":46,"gold_loss":0}],"is_beta":false,"boss_relics":[{"not_picked":["Runic Cube","Ectoplasm"],"picked":"Eternal Feather"},{"not_picked":["Empty Cage","Runic Dome"],"picked":"Black Star"}],"items_purged_floors":[],"is_endless":false,"potions_floor_spawned":[2,4,5,10,11,13,19,23,25,29,30,31,35,44,46,47,48],"killed_by":"Awakened One","ascension_level":0}