{"gold_per_floor":[110,121,121,136,136,136,155,189,189,189,218,235,266,7,7,82,82,99,24,39,89,89,119,119,144,192,192,218,236,236,136,136,207,207,226,226,326,200,200,230,257,257,257,270,270,285,76,92,92,92],"floor_reached":51,"playtime":2463,"items_purged":["Strike_R"],"score":1482,"play_id":"4f056b98-2084-4bff-a615-030397f96255","local_time":"20181111145851","is_ascension_mode":true,"campfire_choices":[{"data":"Anger","floor":6.0,"key":"SMITH"},{"data":"Corruption","floor":15.0,"key":"SMITH"},{"data":"True Grit","floor":27,"key":"SMITH"},{"data":"Feel No Pain","floor":30,"key":"SMITH"},{"data":"Spot Weakness","floor":32,"key":"SMITH"},{"data":"Spot Weakness","floor":42,"key":"SMITH"},{"data":"Feel No Pain","floor":45,"key":"SMITH"},{"data":"Inflame","floor":49,"key":"SMITH"}],"neow_cost":"NONE","seed_source_timestamp":26049923062406,"circlet_count":0,"master_deck":["AscendersBane","Strike_R+1","Defend_R+1","Defend_R","Defend_R","Defend_R","Bash+1","Feel No Pain+1","Anger+1","Twin Strike+1","Clothesline","Corruption+1","Spot Weakness+1","Flame Barrier","Armaments","Battle Trance","Spot Weakness+1","Feel No Pain+1","Impervious","True Grit+1","Shockwave","Bloodletting","Pummel+1","Impervious","Shrug It Off","Flame Barrier","Limit Break","Shrug It Off","Reckless Charge","Heavy Blade+1","Corruption","Inflame+1","Shrug It Off"],"special_seed":0,"relics":["Burning Blood","Anchor","Torii","Nunchaku","Singing Bowl","The Courier","Snecko Eye","Whetstone","Potion Belt","Bag of Marbles","Ancient Tea Set","Philosopher\u0027s Stone","WingedGreaves","Centennial Puzzle","Prayer Wheel","Pear","Letter Opener","Vajra"],"potions_floor_usage":[20,40],"damage_taken":[{"damage":0.0,"enemies":"Small Slimes","floor":1.0,"turns":3.0},{"damage":4.0,"enemies":"Jaw Worm","floor":2.0,"turns":5.0},{"damage":0.0,"enemies":"2 Louse","floor":4.0,"turns":2.0},{"damage":1.0,"enemies":"Looter","floor":7.0,"turns":3.0},{"damage":20.0,"enemies":"Lagavulin","floor":8.0,"turns":7.0},{"damage":18.0,"enemies":"3 Sentries","floor":11.0,"turns":8.0},{"damage":1.0,"enemies":"2 Fungi Beasts","floor":12.0,"turns":4.0},{"damage":7.0,"enemies":"Gremlin Nob","floor":13.0,"turns":3.0},{"damage":21,"enemies":"The Guardian","floor":16,"turns":10},{"damage":0,"enemies":"Chosen","floor":18,"turns":4},{"damage":0,"enemies":"2 Thieves","floor":20,"turns":4},{"damage":2,"enemies":"Slavers","floor":23,"turns":6},{"damage":3,"enemies":"Book of Stabbing","floor":25,"turns":4},{"damage":3,"enemies":"Slavers","floor":28,"turns":4},{"damage":1,"enemies":"Shelled Parasite and Fungi","floor":29,"turns":5},{"damage":28,"enemies":"Champ","floor":33,"turns":14},{"damage":0,"enemies":"3 Shapes","floor":35,"turns":5},{"damage":12,"enemies":"Mind Bloom Boss Battle","floor":37,"turns":9},{"damage":4,"enemies":"Giant Head","floor":40,"turns":9},{"damage":6,"enemies":"Reptomancer","floor":41,"turns":6},{"damage":12,"enemies":"Orb Walker","floor":44,"turns":4},{"damage":0,"enemies":"Spire Growth","floor":46,"turns":5},{"damage":0,"enemies":"4 Shapes","floor":48,"turns":4},{"damage":21,"enemies":"Time Eater","floor":50,"turns":11}],"seed_played":"7854128295370028794","potions_obtained":[{"floor":2.0,"key":"Weak Potion"},{"floor":12.0,"key":"Explosive Potion"},{"floor":16,"key":"Fire Potion"},{"floor":23,"key":"FearPotion"},{"floor":33,"key":"Dexterity Potion"},{"floor":35,"key":"Poison Potion"},{"floor":41,"key":"Weak Potion"}],"is_trial":false,"path_per_floor":["M","M","?","M","?","R","M","E","T","?","E","E","M","E","$","R","B",null,"M","?","M","?","?","E","?","E","T","R","E","M","R","$","R","B",null,"M","?","?","$","?","E","E","R","T","M","R","M","$","M","R","B",null],"character_chosen":"IRONCLAD","items_purchased":["Armaments","Battle Trance","Spot Weakness","Feel No Pain","PowerPotion","Flame Barrier","Centennial Puzzle","Vajra","Corruption","Inflame"],"campfire_rested":0,"item_purchase_floors":[14,14,14,14,31,31,38,47,47,47],"current_hp_per_floor":[74,75,75,75,75,75,75,61,61,38,26,31,30,30,30,15,60,66,66,74,74,74,77,77,77,77,77,77,79,79,79,79,57,74,81,81,77,77,77,79,89,89,89,85,85,95,95,97,97,82],"gold":92,"neow_bonus":"RANDOM_COMMON_RELIC","is_prod":false,"is_daily":false,"chose_seed":false,"campfire_upgraded":8,"win_rate":0,"timestamp":1541977131,"path_taken":["M","M","?","M","?","R","M","E","T","?","E","M","E","$","R","BOSS","M","?","M","?","?","E","?","E","T","R","E","M","R","$","R","BOSS","M","?","?","$","?","E","E","R","T","M","R","M","$","?","R","BOSS"],"build_version":"2018-11-08","purchased_purges":1,"victory":true,"max_hp_per_floor":[75,75,75,75,75,75,75,75,75,75,75,75,75,75,75,75,75,75,75,77,77,77,77,77,77,77,77,77,79,79,79,79,79,79,81,81,83,83,79,79,89,89,89,91,91,95,95,97,97,97],"card_choices":[{"not_picked":["Cleave","Heavy Blade"],"picked":"Feel No Pain","floor":1.0},{"not_picked":["Power Through","Heavy Blade"],"picked":"Anger","floor":2.0},{"not_picked":["Flex","Feel No Pain","Warcry"],"picked":"SKIP","floor":4.0},{"not_picked":["True Grit","Intimidate"],"picked":"Twin Strike","floor":7.0},{"not_picked":["Cleave","Bloodletting"],"picked":"Clothesline","floor":8.0},{"not_picked":["Carnage","Rampage"],"picked":"Corruption","floor":11.0},{"not_picked":["Twin Strike","Havoc"],"picked":"Spot Weakness","floor":12.0},{"not_picked":["Havoc","Infernal Blade"],"picked":"Flame Barrier","floor":13.0},{"not_picked":["Bludgeon","Reaper"],"picked":"Impervious","floor":16},{"not_picked":["Body Slam","Seeing Red"],"picked":"True Grit","floor":18},{"not_picked":["Iron Wave","Power Through","Wild Strike"],"picked":"Singing Bowl","floor":20},{"not_picked":["Headbutt","Thunderclap"],"picked":"Pummel","floor":23},{"not_picked":["Iron Wave","Bloodletting"],"picked":"Impervious","floor":25},{"not_picked":["Rampage","Pommel Strike"],"picked":"Shrug It Off","floor":28},{"not_picked":["Rampage","Twin Strike+1","Warcry"],"picked":"Singing Bowl","floor":29},{"not_picked":["Reaper","Juggernaut"],"picked":"Limit Break","floor":33},{"not_picked":["Metallicize","Havoc+1","Sever Soul"],"picked":"Singing Bowl","floor":35},{"not_picked":["Body Slam","Entrench+1","Cleave"],"picked":"Singing Bowl","floor":37},{"not_picked":["Thunderclap","Clothesline+1"],"picked":"Shrug It Off","floor":40},{"not_picked":["Sentinel+1","Wild Strike+1"],"picked":"Reckless Charge","floor":41},{"not_picked":["Clash","Clothesline"],"picked":"Heavy Blade+1","floor":44},{"not_picked":["Inflame","Heavy Blade","Wild Strike"],"picked":"Singing Bowl","floor":44},{"not_picked":["Sword Boomerang","Flex+1","Juggernaut"],"picked":"Singing Bowl","floor":46},{"not_picked":["Rage+1","Sword Boomerang","Rupture"],"picked":"Singing Bowl","floor":46},{"not_picked":["Twin Strike","Armaments","Rage"],"picked":"Singing Bowl","floor":48},{"not_picked":["Body Slam+1","Corruption"],"picked":"Shrug It Off","floor":48}],"player_experience":1625126,"relics_obtained":[{"floor":8.0,"key":"Torii"},{"floor":9.0,"key":"Nunchaku"},{"floor":11.0,"key":"Singing Bowl"},{"floor":13.0,"key":"The Courier"},{"floor":23,"key":"Whetstone"},{"floor":25,"key":"Potion Belt"},{"floor":26,"key":"Bag of Marbles"},{"floor":28,"key":"Ancient Tea Set"},{"floor":37,"key":"WingedGreaves"},{"floor":40,"key":"Prayer Wheel"},{"floor":41,"key":"Pear"},{"floor":43,"key":"Letter Opener"}],"event_choices":[{"damage_healed":0.0,"max_hp_gain":0.0,"max_hp_loss":0.0,"gold_gain":0.0,"event_name":"Living Wall","player_choice":"Grow","floor":3.0,"gold_loss":0.0,"damage_taken":0.0,"cards_upgraded":["Bash"]},{"damage_healed":0.0,"max_hp_gain":0.0,"max_hp_loss":0.0,"gold_gain":0.0,"event_name":"Liars Game","player_choice":"Ignored","floor":5.0,"gold_loss":0.0,"damage_taken":0.0},{"damage_healed":0.0,"max_hp_gain":0.0,"max_hp_loss":0.0,"gold_gain":0.0,"event_name":"Shining Light","player_choice":"Entered Light","floor":10.0,"gold_loss":0.0,"damage_taken":23.0,"cards_upgraded":["Defend_R","Twin Strike"]},{"cards_removed":["Strike_R"],"damage_healed":0,"gold_gain":0,"player_choice":"Gave Gold","damage_taken":0,"max_hp_gain":0,"max_hp_loss":0,"event_name":"Beggar","floor":19,"gold_loss":75},{"damage_healed":0,"gold_gain":50,"player_choice":"Stole From Cult","damage_taken":0,"max_hp_gain":0,"max_hp_loss":0,"event_name":"Nest","floor":21,"gold_loss":0},{"damage_healed":0,"gold_gain":0,"cards_transformed":["Strike_R","Strike_R"],"player_choice":"Became Test Subject","damage_taken":0,"max_hp_gain":0,"max_hp_loss":0,"event_name":"Drug Dealer","floor":22,"gold_loss":0,"cards_obtained":["Shockwave","Bloodletting"]},{"damage_healed":0,"gold_gain":0,"player_choice":"Ignored","damage_taken":0,"max_hp_gain":0,"max_hp_loss":0,"event_name":"Vampires","floor":24,"gold_loss":0},{"damage_healed":0,"gold_gain":0,"player_choice":"Ignored","damage_taken":0,"max_hp_gain":0,"max_hp_loss":0,"event_name":"Tomb of Lord Red Mask","floor":36,"gold_loss":0},{"damage_healed":0,"gold_gain":0,"player_choice":"Fight","damage_taken":0,"max_hp_gain":0,"max_hp_loss":0,"event_name":"MindBloom","floor":37,"gold_loss":0},{"damage_healed":0,"gold_gain":0,"player_choice":"Max HP","damage_taken":0,"max_hp_gain":0,"max_hp_loss":4,"event_name":"Winding Halls","floor":39,"gold_loss":0}],"is_beta":false,"boss_relics":[{"not_picked":["White Beast Statue","Empty Cage"],"picked":"Snecko Eye"},{"not_picked":["Busted Crown","Black Star"],"picked":"Philosopher\u0027s Stone"}],"items_purged_floors":[14],"is_endless":false,"potions_floor_spawned":[2,12,16,23,33,35,41,48],"ascension_level":15}