{"gold_per_floor":[119,119,135,147,17,45,45,77,129,147,158,177,189,203,203,307,307,321,246,256,256,256,282,282,300,325,325,342,139,139,139,139,139],"floor_reached":33,"playtime":1033,"items_purged":["Defend_R"],"score":304,"play_id":"9befe2da-8c82-4e38-8b68-370c9e434610","local_time":"20181205215809","is_ascension_mode":false,"campfire_choices":[{"data":"Perfected Strike","floor":7,"key":"SMITH"},{"data":"Perfected Strike","floor":15,"key":"SMITH"},{"data":"1","floor":24,"key":"LIFT"},{"data":"2","floor":27,"key":"LIFT"},{"data":"3","floor":32,"key":"LIFT"}],"neow_cost":"PERCENT_DAMAGE","seed_source_timestamp":137096153983147,"circlet_count":0,"master_deck":["Strike_R","Strike_R","Strike_R","Strike_R+1","Strike_R","Defend_R+1","Bash","Second Wind","Shrug It Off","Twin Strike","Carnage","Clash","Perfected Strike+1","Perfected Strike","Perfected Strike+1","Thunderclap","Inflame","Perfected Strike","Offering","Intimidate+1","Shockwave+1","Armaments","Perfected Strike+1"],"relics":["Burning Blood","Sundial","Red Skull","Centennial Puzzle","Fusion Hammer","Enchiridion","Girya","War Paint","DollysMirror"],"potions_floor_usage":[12,16,20,33,33],"damage_taken":[{"damage":1,"enemies":"2 Louse","floor":1,"turns":3},{"damage":2,"enemies":"Small Slimes","floor":3,"turns":4},{"damage":3,"enemies":"Jaw Worm","floor":4,"turns":3},{"damage":27,"enemies":"3 Sentries","floor":6,"turns":7},{"damage":8,"enemies":"Gremlin Nob","floor":8,"turns":3},{"damage":8,"enemies":"Red Slaver","floor":10,"turns":2},{"damage":0,"enemies":"2 Fungi Beasts","floor":11,"turns":2},{"damage":0,"enemies":"Gremlin Gang","floor":12,"turns":3},{"damage":3,"enemies":"Large Slime","floor":13,"turns":2},{"damage":1,"enemies":"3 Louse","floor":14,"turns":3},{"damage":24,"enemies":"Hexaghost","floor":16,"turns":4},{"damage":6,"enemies":"2 Thieves","floor":18,"turns":2},{"damage":10,"enemies":"3 Byrds","floor":20,"turns":2},{"damage":28,"enemies":"Slavers","floor":23,"turns":3},{"damage":10,"enemies":"Centurion and Healer","floor":25,"turns":3},{"damage":15,"enemies":"Snake Plant","floor":28,"turns":2},{"damage":27,"enemies":"Automaton","floor":33,"turns":4}],"seed_played":"8932589627769330258","potions_obtained":[{"floor":4,"key":"SpeedPotion"},{"floor":8,"key":"Strength Potion"},{"floor":10,"key":"Swift Potion"},{"floor":14,"key":"PowerPotion"},{"floor":16,"key":"LiquidBronze"}],"is_trial":false,"path_per_floor":["M","?","M","M","$","E","R","E","T","M","M","M","M","M","R","B",null,"M","$","M","?","$","E","R","M","T","R","M","$","T","?","R","B"],"character_chosen":"IRONCLAD","items_purchased":["Carnage","Clash","DollysMirror"],"campfire_rested":0,"item_purchase_floors":[5,5,29],"current_hp_per_floor":[61,45,49,52,52,31,31,29,29,27,33,39,42,47,47,29,80,80,80,76,60,60,38,38,34,34,34,25,25,25,25,25,0],"gold":139,"neow_bonus":"REMOVE_TWO","is_prod":false,"is_daily":false,"chose_seed":false,"campfire_upgraded":2,"win_rate":0,"timestamp":1544043489,"path_taken":["M","?","M","M","$","E","R","E","T","M","M","M","M","M","R","BOSS","M","$","M","?","?","E","R","M","T","R","?","$","?","?","R","BOSS"],"build_version":"2018-11-15","purchased_purges":1,"victory":false,"max_hp_per_floor":[80,80,80,80,80,80,80,80,80,80,80,80,80,80,80,80,80,80,80,80,80,80,80,80,80,80,80,80,80,80,80,80,80],"card_choices":[{"not_picked":["Anger","Entrench"],"picked":"Second Wind","floor":1},{"not_picked":["Rage","Anger"],"picked":"Shrug It Off","floor":3},{"not_picked":["Sever Soul","Armaments"],"picked":"Twin Strike","floor":4},{"not_picked":["Clash","Double Tap"],"picked":"Perfected Strike","floor":6},{"not_picked":["Reckless Charge","Warcry"],"picked":"Perfected Strike","floor":8},{"not_picked":["Ghostly Armor","Havoc"],"picked":"Perfected Strike","floor":10},{"not_picked":["Cleave","Clash"],"picked":"Thunderclap","floor":11},{"not_picked":["Warcry","Clash"],"picked":"Inflame","floor":12},{"not_picked":["Uppercut","Infernal Blade","Dropkick"],"picked":"SKIP","floor":13},{"not_picked":["Anger","Metallicize"],"picked":"Perfected Strike","floor":14},{"not_picked":["Feed","Bludgeon"],"picked":"Offering","floor":16},{"not_picked":["Sword Boomerang","Infernal Blade","Intimidate"],"picked":"SKIP","floor":18},{"not_picked":["Sword Boomerang","Infernal Blade"],"picked":"Intimidate","floor":18},{"not_picked":["Armaments","Cleave"],"picked":"Shockwave","floor":20},{"not_picked":["Spot Weakness","Juggernaut"],"picked":"Armaments","floor":23},{"not_picked":["Seeing Red","Heavy Blade+1","Sword Boomerang"],"picked":"SKIP","floor":25},{"not_picked":["Evolve","Body Slam","Iron Wave"],"picked":"SKIP","floor":28}],"player_experience":368089,"relics_obtained":[{"floor":6,"key":"Sundial"},{"floor":8,"key":"Red Skull"},{"floor":9,"key":"Centennial Puzzle"},{"floor":21,"key":"Enchiridion"},{"floor":23,"key":"Girya"},{"floor":26,"key":"War Paint"}],"event_choices":[{"damage_healed":0,"gold_gain":0,"player_choice":"Entered Light","damage_taken":16,"max_hp_gain":0,"max_hp_loss":0,"event_name":"Shining Light","floor":2,"gold_loss":0,"cards_upgraded":["Strike_R","Defend_R"]},{"damage_healed":0,"gold_gain":0,"player_choice":"Obtained Book","damage_taken":16,"max_hp_gain":0,"max_hp_loss":0,"event_name":"Cursed Tome","floor":21,"gold_loss":0},{"damage_healed":0,"gold_gain":0,"player_choice":"0 cards matched","damage_taken":0,"max_hp_gain":0,"max_hp_loss":0,"event_name":"Match and Keep!","floor":31,"gold_loss":0,"cards_obtained":[]}],"is_beta":false,"boss_relics":[{"not_picked":["Black Blood","Calling Bell"],"picked":"Fusion Hammer"}],"items_purged_floors":[19],"is_endless":false,"potions_floor_spawned":[4,8,10,14,16,18],"killed_by":"Automaton","ascension_level":0}