{"gold_per_floor":[115,131,131,149,166,166,196,196,244,271,283,310,361,6,6,6],"floor_reached":16,"playtime":527,"items_purged":[],"score":228,"play_id":"34104a69-77b4-4cd8-9fd3-b6c7af421339","local_time":"20180905140521","is_ascension_mode":true,"campfire_choices":[{"data":"Iron Wave","floor":6.0,"key":"SMITH"},{"floor":8.0,"key":"REST"},{"data":"Battle Trance","floor":15.0,"key":"SMITH"}],"neow_cost":"NONE","seed_source_timestamp":2225729313714,"circlet_count":0,"master_deck":["Strike_R","Strike_R","Strike_R","Strike_R","Strike_R","Defend_R","Defend_R","Defend_R","Defend_R","Bash+1","AscendersBane","Battle Trance+1","Iron Wave+1","Uppercut+1","Bludgeon+1","Shrug It Off","Anger+1","Limit Break"],"special_seed":0,"relics":["Burning Blood","Molten Egg 2","Omamori","Bag of Marbles","Bottled Lightning","Question Card","Anchor"],"potions_floor_usage":[],"damage_taken":[{"damage":11.0,"enemies":"Small Slimes","floor":1.0,"turns":4.0},{"damage":9.0,"enemies":"2 Louse","floor":2.0,"turns":4.0},{"damage":7.0,"enemies":"Jaw Worm","floor":4.0,"turns":3.0},{"damage":4.0,"enemies":"Blue Slaver","floor":5.0,"turns":4.0},{"damage":25.0,"enemies":"Lagavulin","floor":7.0,"turns":4.0},{"damage":3.0,"enemies":"Gremlin Nob","floor":10.0,"turns":3.0},{"damage":13.0,"enemies":"Exordium Thugs","floor":11.0,"turns":4.0},{"damage":20.0,"enemies":"3 Sentries","floor":12.0,"turns":7.0},{"damage":44,"enemies":"Slime Boss","floor":16,"turns":6}],"seed_played":"2883562278005100478","potions_obtained":[{"floor":4.0,"key":"EssenceOfSteel"},{"floor":5.0,"key":"Ancient Potion"},{"floor":10.0,"key":"Strength Potion"}],"is_trial":false,"path_per_floor":["M","M","?","M","M","R","E","R","T","E","M","E","?","$","R"],"character_chosen":"IRONCLAD","items_purchased":["Anchor","Limit Break"],"campfire_rested":1,"item_purchase_floors":[14,14],"current_hp_per_floor":[63,60,49,48,50,50,31,53,53,56,49,35,35,35,35,0],"gold":6,"neow_bonus":"UPGRADE_CARD","is_prod":false,"is_daily":false,"chose_seed":false,"campfire_upgraded":2,"win_rate":0,"timestamp":1536181521,"path_taken":["M","M","?","M","M","R","E","R","T","E","M","E","?","?","R","BOSS"],"build_version":"2018-08-30","purchased_purges":0,"victory":false,"max_hp_per_floor":[75,75,75,75,75,75,75,75,75,75,75,75,75,75,75,75],"card_choices":[{"not_picked":["Armaments","Havoc"],"picked":"Battle Trance","floor":1.0},{"not_picked":["Anger","Sever Soul"],"picked":"Iron Wave","floor":2.0},{"not_picked":["Sword Boomerang+1","Disarm"],"picked":"Uppercut+1","floor":4.0},{"not_picked":["Shockwave","Combust"],"picked":"Bludgeon+1","floor":5.0},{"not_picked":["Flame Barrier","Corruption"],"picked":"Shrug It Off","floor":7.0},{"not_picked":["Entrench","Thunderclap+1","Dropkick+1"],"picked":"SKIP","floor":10.0},{"not_picked":["Clash+1","Heavy Blade+1","Clothesline+1"],"picked":"SKIP","floor":11.0},{"not_picked":["Inflame","Searing Blow+1"],"picked":"Anger+1","floor":12.0}],"player_experience":1073567,"relics_obtained":[{"floor":7.0,"key":"Omamori"},{"floor":9.0,"key":"Bag of Marbles"},{"floor":10.0,"key":"Bottled Lightning"},{"floor":12.0,"key":"Question Card"}],"event_choices":[{"event_name":"Scrap Ooze","player_choice":"success","floor":3.0,"damage_taken":11.0},{"event_name":"Golden Wing","player_choice":"Gained Gold","floor":13.0,"damage_taken":0.0}],"is_beta":false,"boss_relics":[],"items_purged_floors":[],"is_endless":false,"potions_floor_spawned":[4,5,10],"killed_by":"Slime Boss","ascension_level":18}