{"gold_per_floor":[119,130,142,142,142,142,173,360,449,479,441,465,477,80,80,183,183,194,204,129,102,102,33,33,33,102,102],"floor_reached":27,"playtime":947,"items_purged":["Doubt"],"score":234,"play_id":"9437b6aa-7433-4ffa-8cf5-ef7549561a7c","local_time":"20181204005939","is_ascension_mode":false,"campfire_choices":[{"data":"Cloak And Dagger","floor":6,"key":"SMITH"},{"data":"Noxious Fumes","floor":13,"key":"SMITH"},{"data":"After Image","floor":15,"key":"SMITH"},{"data":"Storm of Steel","floor":25,"key":"SMITH"}],"neow_cost":"NONE","seed_source_timestamp":8374934217579,"circlet_count":0,"master_deck":["Defend_G","Defend_G","Defend_G","Defend_G","Defend_G","Survivor","Neutralize+1","Caltrops","Cloak And Dagger+1","Infinite Blades","Noxious Fumes+1","After Image+1","Accuracy","Storm of Steel+1","Blur","Distraction","Cloak And Dagger","Bite","Bite","Bite","Bite","Bite","Well Laid Plans"],"relics":["Ring of the Snake","Juzu Bracelet","Shuriken","MawBank","Bottled Tornado","Matryoshka","Eternal Feather","Bag of Marbles"],"potions_floor_usage":[19],"damage_taken":[{"damage":0,"enemies":"Jaw Worm","floor":1,"turns":5},{"damage":4,"enemies":"Cultist","floor":2,"turns":4},{"damage":0,"enemies":"Small Slimes","floor":3,"turns":3},{"damage":22,"enemies":"Lagavulin","floor":7,"turns":7},{"damage":9,"enemies":"3 Louse","floor":10,"turns":4},{"damage":0,"enemies":"Exordium Wildlife","floor":12,"turns":6},{"damage":3,"enemies":"The Guardian","floor":16,"turns":9},{"damage":6,"enemies":"Chosen","floor":18,"turns":6},{"damage":25,"enemies":"2 Thieves","floor":19,"turns":4},{"damage":21,"enemies":"Colosseum Slavers","floor":24,"turns":6},{"damage":43,"enemies":"Slavers","floor":27,"turns":3}],"seed_played":"6421924906124117711","potions_obtained":[{"floor":2,"key":"SpeedPotion"},{"floor":7,"key":"LiquidBronze"},{"floor":12,"key":"GamblersBrew"},{"floor":16,"key":"Poison Potion"}],"is_trial":false,"path_per_floor":["M","M","M","?","?","R","E","?","T","M","?","M","R","$","R","B",null,"M","M","?","$","?","$","?","R","T","E"],"character_chosen":"THE_SILENT","items_purchased":["Accuracy","Matryoshka","Cloak And Dagger","Well Laid Plans"],"campfire_rested":0,"item_purchase_floors":[14,14,21,23],"current_hp_per_floor":[70,66,66,66,66,66,44,44,44,35,35,35,35,35,35,32,70,64,39,39,39,39,39,26,38,38,0],"gold":102,"neow_bonus":"UPGRADE_CARD","is_prod":false,"is_daily":false,"chose_seed":false,"campfire_upgraded":4,"win_rate":0,"timestamp":1543881579,"path_taken":["M","M","M","?","?","R","E","?","T","M","?","M","R","$","R","BOSS","M","M","?","$","?","$","?","R","T","E"],"build_version":"2018-11-15","purchased_purges":1,"victory":false,"max_hp_per_floor":[70,70,70,70,70,70,70,70,70,70,70,70,70,70,70,70,70,70,70,70,70,49,49,49,49,49,49],"card_choices":[{"not_picked":["Dagger Spray","Quick Slash"],"picked":"Caltrops","floor":1},{"not_picked":["Poisoned Stab","Dagger Throw"],"picked":"Cloak And Dagger","floor":2},{"not_picked":["Escape Plan","PiercingWail"],"picked":"Infinite Blades","floor":3},{"not_picked":["Expertise","Quick Slash"],"picked":"Noxious Fumes","floor":7},{"not_picked":["Backflip","Dagger Spray","Outmaneuver"],"picked":"SKIP","floor":10},{"not_picked":["Flying Knee","Bane"],"picked":"After Image","floor":12},{"not_picked":["Bullet Time","Night Terror"],"picked":"Storm of Steel","floor":16},{"not_picked":["Flying Knee","Backstab"],"picked":"Blur","floor":18},{"not_picked":["Dagger Throw","Backstab"],"picked":"Distraction","floor":19}],"player_experience":365411,"relics_obtained":[{"floor":7,"key":"MawBank"},{"floor":9,"key":"Bottled Tornado"},{"floor":26,"key":"Bag of Marbles"}],"event_choices":[{"damage_healed":0,"gold_gain":0,"player_choice":"Box","damage_taken":0,"relics_obtained":["Juzu Bracelet"],"max_hp_gain":0,"max_hp_loss":0,"event_name":"Big Fish","floor":4,"gold_loss":0,"cards_obtained":["Regret"]},{"damage_healed":0,"gold_gain":0,"player_choice":"Gave Potion","damage_taken":0,"relics_obtained":["Shuriken"],"max_hp_gain":0,"max_hp_loss":0,"event_name":"WeMeetAgain","floor":5,"gold_loss":0},{"damage_healed":0,"gold_gain":175,"player_choice":"AGREE","damage_taken":0,"max_hp_gain":0,"max_hp_loss":0,"event_name":"Liars Game","floor":8,"gold_loss":0,"cards_obtained":["Doubt"]},{"cards_removed":["Regret"],"damage_healed":0,"gold_gain":0,"player_choice":"Card Removal","damage_taken":0,"max_hp_gain":0,"max_hp_loss":0,"event_name":"The Cleric","floor":11,"gold_loss":50},{"cards_removed":["Strike_G"],"damage_healed":0,"gold_gain":0,"player_choice":"Gave Gold","damage_taken":0,"max_hp_gain":0,"max_hp_loss":0,"event_name":"Beggar","floor":20,"gold_loss":75},{"damage_healed":0,"gold_gain":0,"player_choice":"Became a vampire","damage_taken":0,"max_hp_gain":0,"max_hp_loss":21,"event_name":"Vampires","floor":22,"gold_loss":0,"cards_obtained":["Bite","Bite","Bite","Bite","Bite"]},{"damage_healed":0,"gold_gain":0,"player_choice":"Fight","damage_taken":0,"max_hp_gain":0,"max_hp_loss":0,"event_name":"Colosseum","floor":24,"gold_loss":0},{"damage_healed":0,"gold_gain":0,"player_choice":"Fled From Nobs","damage_taken":0,"max_hp_gain":0,"max_hp_loss":0,"event_name":"Colosseum","floor":24,"gold_loss":0}],"is_beta":false,"boss_relics":[{"not_picked":["Runic Dome","Snecko Eye"],"picked":"Eternal Feather"}],"items_purged_floors":[14],"is_endless":false,"potions_floor_spawned":[2,7,12,16],"killed_by":"Slavers","ascension_level":0}