{"gold_per_floor":[450,450,492,120,120,222,270,345,398,568,683,835,890,963,963,1205,1205,1265,1265,1323,362,436,536,632,735,787,905,1020,1116,1228,390,390,621,621,691,1003,1062,1180,428,531,643,770,770,879,994,1124,362,492,492,512,537,537,537,13,106,131],"floor_reached":57,"playtime":2768,"items_purged":["Injury","Decay","Regret","Parasite"],"score":5012,"play_id":"f35af423-932a-49a8-821c-b0416ec890bb","local_time":"20190119005202","daily_mods":["SealedDeck","Vintage","Diverse","Colorless Cards","Heirloom","Time Dilation","Flight","DeadlyEvents","Elite Swarm","Midas","Terminal"],"is_ascension_mode":true,"campfire_choices":[{"floor":15,"key":"REST"},{"floor":32,"key":"RECALL"},{"floor":49,"key":"REST"},{"floor":53,"key":"REST"}],"neow_cost":"","seed_source_timestamp":2279972179555,"circlet_count":0,"master_deck":["AscendersBane","Steam","Undo+1","Pommel Strike+1","Dagger Spray+1","Shrug It Off","Spot Weakness+1","Infinite Blades","Beam Cell","Flex","BootSequence","Apotheosis","Corruption","Flash of Steel","Magnetism+1","HandOfGreed","Seek","Demon Form+1","Juggernaut+1","Machine Learning+1","Necronomicurse","Heatsinks+1","Master of Strategy","All For One","Creative AI+1","Night Terror","Amplify","Wraith Form v2+1","Acrobatics+1","Echo Form+1"],"relics":["Ring of the Snake","Old Coin","Bottled Tornado","PreservedInsect","War Paint","Frozen Egg 2","Tough Bandages","Art of War","Dodecahedron","Snake Skull","Ninja Scroll","Shuriken","Ice Cream","Bag of Preparation","Cursed Key","Happy Flower","Necronomicon","Mummified Hand","OrangePellets","Bottled Lightning","Dream Catcher","Gremlin Horn","Gambling Chip","Paper Crane","Letter Opener","Bag of Marbles","Lantern","Centennial Puzzle","Strawberry","Blood Vial","Chemical X","Pantograph","Meat on the Bone","HoveringKite","MawBank","Turnip","Ancient Tea Set","Matryoshka","Pen Nib","Pear","Frozen Eye","Incense Burner","Du-Vu Doll","Vajra","Potion Belt","Whetstone","Ornamental Fan","Mercury Hourglass","Tingsha","TheAbacus","Mango","Boot","Dead Branch","Ginger"],"potions_floor_usage":[10],"damage_taken":[{"damage":0,"enemies":"Jaw Worm","floor":1,"turns":1},{"damage":0,"enemies":"Cultist","floor":3,"turns":2},{"damage":0,"enemies":"Lagavulin","floor":6,"turns":3},{"damage":0,"enemies":"Small Slimes","floor":7,"turns":2},{"damage":0,"enemies":"Gremlin Nob","floor":8,"turns":2},{"damage":0,"enemies":"3 Sentries","floor":10,"turns":6},{"damage":0,"enemies":"Lagavulin","floor":11,"turns":2},{"damage":0,"enemies":"3 Sentries","floor":12,"turns":5},{"damage":0,"enemies":"Exordium Wildlife","floor":13,"turns":2},{"damage":3,"enemies":"Exordium Thugs","floor":14,"turns":3},{"damage":0,"enemies":"The Guardian","floor":16,"turns":5},{"damage":0,"enemies":"3 Byrds","floor":18,"turns":2},{"damage":0,"enemies":"Chosen","floor":20,"turns":3},{"damage":0,"enemies":"Slavers","floor":23,"turns":2},{"damage":0,"enemies":"Book of Stabbing","floor":24,"turns":2},{"damage":0,"enemies":"Slavers","floor":25,"turns":2},{"damage":0,"enemies":"Book of Stabbing","floor":27,"turns":2},{"damage":0,"enemies":"Gremlin Leader","floor":28,"turns":1},{"damage":0,"enemies":"Book of Stabbing","floor":29,"turns":2},{"damage":0,"enemies":"Gremlin Leader","floor":30,"turns":1},{"damage":0,"enemies":"Collector","floor":33,"turns":3},{"damage":0,"enemies":"Orb Walker","floor":35,"turns":1},{"damage":0,"enemies":"Mind Bloom Boss Battle","floor":36,"turns":1},{"damage":0,"enemies":"Nemesis","floor":38,"turns":1},{"damage":0,"enemies":"Giant Head","floor":40,"turns":1},{"damage":0,"enemies":"Reptomancer","floor":41,"turns":1},{"damage":0,"enemies":"Giant Head","floor":42,"turns":1},{"damage":0,"enemies":"Reptomancer","floor":44,"turns":1},{"damage":0,"enemies":"Giant Head","floor":45,"turns":1},{"damage":0,"enemies":"Reptomancer","floor":46,"turns":1},{"damage":0,"enemies":"Giant Head","floor":48,"turns":1},{"damage":0,"enemies":"Time Eater","floor":50,"turns":2},{"damage":0,"enemies":"Donu and Deca","floor":51,"turns":2},{"damage":0,"enemies":"Shield and Spear","floor":55,"turns":1},{"damage":0,"enemies":"The Heart","floor":56,"turns":4}],"seed_played":"6783678358584095693","potions_obtained":[{"floor":3,"key":"Explosive Potion"},{"floor":6,"key":"Dexterity Potion"},{"floor":11,"key":"EssenceOfSteel"},{"floor":12,"key":"Block Potion"},{"floor":25,"key":"Regen Potion"},{"floor":33,"key":"SpeedPotion"},{"floor":45,"key":"Regen Potion"}],"is_trial":true,"path_per_floor":["M","?","M","$","?","E","M","E","T","E","E","E","M","M","R","B",null,"M","?","M","$","T","E","E","E","T","E","E","E","E","$","R","B",null,"M","?","T","E","$","E","E","E","T","E","E","E","$","E","R","B","B",null,"R","$","E","B",null],"character_chosen":"THE_SILENT","items_purchased":["Apotheosis","Corruption","Flash of Steel","OrangePellets","Bottled Lightning","Dream Catcher","Heatsinks+1","Master of Strategy","Chemical X","Pantograph","Meat on the Bone","Pen Nib","Pear","Frozen Eye","TheAbacus","Mango","GamblersBrew","Dead Branch","SkillPotion"],"campfire_rested":3,"item_purchase_floors":[4,4,4,21,21,21,21,21,31,31,31,39,39,39,47,47,47,54,54],"current_hp_per_floor":[59,59,59,59,48,48,48,48,48,48,48,48,48,45,50,49,48,47,26,26,26,26,26,26,26,26,26,26,33,33,33,33,39,38,37,36,35,34,43,42,41,40,39,38,37,36,49,48,47,46,45,44,43,39,38,37],"gold":131,"neow_bonus":"","is_prod":false,"is_daily":false,"chose_seed":false,"campfire_upgraded":0,"win_rate":0,"timestamp":1547830322,"path_taken":["M","?","?","?","?","E","M","E","T","E","E","E","M","M","R","BOSS","M","?","?","$","?","E","E","E","T","E","E","E","E","?","R","BOSS","M","?","?","?","$","E","E","E","T","E","?","E","$","E","R","BOSS","BOSS","R","$","E","BOSS"],"build_version":"2019-01-17v2","purchased_purges":4,"victory":true,"max_hp_per_floor":[64,63,62,61,60,59,58,57,56,55,54,53,52,51,50,49,48,47,46,45,44,43,42,41,40,39,38,37,43,42,41,40,39,38,37,36,35,34,43,42,41,40,39,38,37,36,49,48,47,46,45,44,43,39,38,37],"card_choices":[{"not_picked":["The Bomb","Feed"],"picked":"Magnetism+1","floor":6},{"not_picked":["Hyperbeam","Demon Form+1"],"picked":"HandOfGreed","floor":8},{"not_picked":["Burst","Rainbow"],"picked":"Seek","floor":10},{"not_picked":["Bullet Time","Transmutation"],"picked":"Demon Form+1","floor":11},{"not_picked":["Seek","Reboot"],"picked":"Juggernaut+1","floor":12},{"not_picked":["Violence","Hyperbeam"],"picked":"Machine Learning+1","floor":16},{"not_picked":["Immolate","After Image+1"],"picked":"All For One","floor":23},{"not_picked":["Burst","Transmutation"],"picked":"Creative AI+1","floor":24},{"not_picked":["Corpse Explosion","Brutality+1","Immolate"],"picked":"SKIP","floor":25},{"not_picked":["Corpse Explosion","Double Tap","Feed"],"picked":"SKIP","floor":27},{"not_picked":["Night Terror","Die Die Die","Dark Embrace+1"],"picked":"SKIP","floor":28},{"not_picked":["Die Die Die","Dark Embrace+1"],"picked":"Night Terror","floor":28},{"not_picked":["Juggernaut+1","Transmutation","Die Die Die"],"picked":"SKIP","floor":29},{"not_picked":["Night Terror","Hyperbeam","Doppelganger"],"picked":"SKIP","floor":30},{"not_picked":["Meteor Strike","Seek","All For One"],"picked":"SKIP","floor":38},{"not_picked":["Night Terror","Master of Strategy","Thunder Strike"],"picked":"SKIP","floor":40},{"not_picked":["Grand Finale","Doppelganger"],"picked":"Amplify","floor":41},{"not_picked":["Tools of the Trade+1","The Bomb","Sadistic Nature+1"],"picked":"SKIP","floor":42},{"not_picked":["Meteor Strike","Offering"],"picked":"Wraith Form v2+1","floor":44},{"not_picked":["Magnetism+1","Multi-Cast","Glass Knife"],"picked":"SKIP","floor":45},{"not_picked":["Double Tap","Rainbow","Exhume"],"picked":"SKIP","floor":46},{"not_picked":["Hyperbeam","Wraith Form v2+1","Amplify"],"picked":"SKIP","floor":48},{"not_picked":["Flying Knee","Thunderclap"],"picked":"Acrobatics+1","floor":53},{"not_picked":["Core Surge","Multi-Cast"],"picked":"Echo Form+1","floor":55}],"player_experience":2554183,"relics_obtained":[{"floor":1,"key":"Bottled Tornado"},{"floor":2,"key":"PreservedInsect"},{"floor":3,"key":"War Paint"},{"floor":6,"key":"Tough Bandages"},{"floor":7,"key":"Art of War"},{"floor":8,"key":"Dodecahedron"},{"floor":10,"key":"Snake Skull"},{"floor":11,"key":"Ninja Scroll"},{"floor":12,"key":"Shuriken"},{"floor":13,"key":"Ice Cream"},{"floor":14,"key":"Bag of Preparation"},{"floor":18,"key":"Happy Flower"},{"floor":19,"key":"Necronomicon"},{"floor":20,"key":"Mummified Hand"},{"floor":22,"key":"Gremlin Horn"},{"floor":23,"key":"Gambling Chip"},{"floor":24,"key":"Paper Crane"},{"floor":25,"key":"Letter Opener"},{"floor":26,"key":"Bag of Marbles"},{"floor":27,"key":"Lantern"},{"floor":28,"key":"Centennial Puzzle"},{"floor":29,"key":"Strawberry"},{"floor":30,"key":"Blood Vial"},{"floor":35,"key":"MawBank"},{"floor":36,"key":"Turnip"},{"floor":37,"key":"Ancient Tea Set"},{"floor":38,"key":"Matryoshka"},{"floor":40,"key":"Incense Burner"},{"floor":41,"key":"Du-Vu Doll"},{"floor":42,"key":"Vajra"},{"floor":43,"key":"Potion Belt"},{"floor":43,"key":"Whetstone"},{"floor":44,"key":"Ornamental Fan"},{"floor":45,"key":"Mercury Hourglass"},{"floor":46,"key":"Tingsha"},{"floor":48,"key":"Boot"},{"floor":55,"key":"Ginger"}],"event_choices":[{"damage_healed":0,"gold_gain":0,"player_choice":"Relic","damage_taken":0,"max_hp_gain":0,"max_hp_loss":0,"event_name":"Wheel of Change","floor":2,"gold_loss":0},{"damage_healed":0,"gold_gain":0,"player_choice":"Success","damage_taken":11,"relics_obtained":["Frozen Egg 2"],"max_hp_gain":0,"max_hp_loss":0,"event_name":"Scrap Ooze","floor":5,"gold_loss":0},{"damage_healed":0,"gold_gain":0,"player_choice":"Obtained Book","damage_taken":21,"max_hp_gain":0,"max_hp_loss":0,"event_name":"Cursed Tome","floor":19,"gold_loss":0},{"damage_healed":0,"gold_gain":0,"player_choice":"Fight","damage_taken":0,"max_hp_gain":0,"max_hp_loss":0,"event_name":"MindBloom","floor":36,"gold_loss":0}],"is_beta":false,"boss_relics":[{"not_picked":["Lizard Tail","Snecko Eye"],"picked":"Cursed Key"},{"not_picked":["Velvet Choker","Eternal Feather"],"picked":"HoveringKite"}],"items_purged_floors":[31,39,47,54],"is_endless":false,"potions_floor_spawned":[3,6,11,12,14,24,25,27,33,40,41,45,48],"ascension_level":20}