{"gold_per_floor":[113,113,136,63,63,63,101,1,25,105,169,219,269,309,309,435,435,455,505,521,471,521,521,544,577,577,577,650,211,211,284,284,408,408,428,478,81,131,154,154,217,44,112,112,146,146,189,239,239,239],"floor_reached":50,"playtime":3662,"items_purged":["Injury","Strike_R"],"score":679,"play_id":"c0d42bfb-8313-45ff-baed-db4b543c5e75","local_time":"20181101204642","is_ascension_mode":true,"campfire_choices":[{"data":"Spot Weakness","floor":6,"key":"SMITH"},{"data":"Inflame","floor":15,"key":"SMITH"},{"data":"Double Tap","floor":23,"key":"SMITH"},{"floor":27,"key":"REST"},{"data":"Iron Wave","floor":30,"key":"SMITH"},{"floor":32,"key":"REST"},{"data":"Inflame","floor":40,"key":"SMITH"},{"floor":44,"key":"REST"},{"floor":46,"key":"REST"},{"floor":49,"key":"REST"}],"neow_cost":"NONE","seed_source_timestamp":1578332518199287,"circlet_count":0,"master_deck":["Strike_R+1","Strike_R+1","Strike_R+1","Defend_R+1","Defend_R+1","Defend_R+1","Defend_R+1","Bash+1","Inflame+1","Spot Weakness+1","Headbutt+1","Pommel Strike+1","Double Tap+1","Iron Wave+1","Cleave+1","Warcry+1","Sword Boomerang+1","Inflame+1","Ghostly Armor+1","Heavy Blade+1","Whirlwind+1"],"relics":["Burning Blood","NeowsBlessing","Golden Idol","SsserpentHead","Bag of Marbles","Omamori","Regal Pillow","Tiny Chest","Smiling Mask","Velvet Choker","WarpedTongs","The Courier","Dodecahedron","Whetstone","Vajra","Pear","Lizard Tail","Pantograph","Darkstone Periapt","Meat on the Bone","Molten Egg 2","Art of War","WingedGreaves","Mark of the Bloom"],"potions_floor_usage":[16,18,25,25,31,33,47,50],"damage_taken":[{"damage":0,"enemies":"Jaw Worm","floor":1,"turns":1},{"damage":0,"enemies":"Cultist","floor":3,"turns":1},{"damage":0,"enemies":"Lagavulin","floor":7,"turns":1},{"damage":0,"enemies":"2 Louse","floor":11,"turns":1},{"damage":22,"enemies":"Gremlin Nob","floor":14,"turns":4},{"damage":18,"enemies":"Slime Boss","floor":16,"turns":6},{"damage":19,"enemies":"3 Byrds","floor":18,"turns":5},{"damage":18,"enemies":"2 Thieves","floor":20,"turns":4},{"damage":27,"enemies":"Colosseum Slavers","floor":22,"turns":4},{"damage":13,"enemies":"Snecko","floor":24,"turns":3},{"damage":22,"enemies":"Gremlin Leader","floor":25,"turns":4},{"damage":12,"enemies":"Cultist and Chosen","floor":28,"turns":4},{"damage":5,"enemies":"Centurion and Healer","floor":31,"turns":4},{"damage":76,"enemies":"Automaton","floor":33,"turns":7},{"damage":49,"enemies":"3 Darklings","floor":35,"turns":3},{"damage":8,"enemies":"Orb Walker","floor":39,"turns":3},{"damage":29,"enemies":"Spire Growth","floor":41,"turns":3},{"damage":45,"enemies":"Nemesis","floor":45,"turns":4},{"damage":9,"enemies":"Reptomancer","floor":47,"turns":3},{"damage":105,"enemies":"Awakened One","floor":50,"turns":8}],"seed_played":"2887855030217481253","potions_obtained":[{"floor":3,"key":"Energy Potion"},{"floor":7,"key":"Poison Potion"},{"floor":11,"key":"AttackPotion"},{"floor":20,"key":"SteroidPotion"},{"floor":25,"key":"EssenceOfSteel"},{"floor":28,"key":"Swift Potion"},{"floor":41,"key":"GamblersBrew"},{"floor":45,"key":"SpeedPotion"},{"floor":47,"key":"Regen Potion"}],"is_trial":false,"path_per_floor":["M","?","M","$","?","R","E","$","T","T","M","?","?","E","R","B",null,"M","?","M","$","?","R","M","E","T","R","M","$","R","M","R","B",null,"M","?","$","?","M","R","M","$","T","R","E","R","E","?","R"],"character_chosen":"IRONCLAD","items_purchased":["Spot Weakness","Omamori","Whetstone","Vajra","Pear","Pantograph","Darkstone Periapt","Heavy Blade","Meat on the Bone"],"campfire_rested":5,"item_purchase_floors":[4,8,29,29,29,37,37,42,42],"current_hp_per_floor":[80,80,80,80,80,80,80,80,80,80,80,72,80,64,64,52,80,67,67,55,55,34,34,27,11,11,50,44,54,54,55,90,20,90,47,47,47,47,45,45,22,22,22,64,37,79,76,76,76,0],"gold":239,"neow_bonus":"THREE_ENEMY_KILL","is_prod":false,"is_daily":false,"chose_seed":false,"campfire_upgraded":5,"win_rate":0,"timestamp":1541119602,"path_taken":["M","?","M","$","?","R","E","?","T","?","?","?","?","E","R","BOSS","M","?","M","$","?","R","M","E","T","R","?","?","R","?","R","BOSS","M","?","$","?","M","R","?","?","T","R","E","R","E","?","R","BOSS"],"build_version":"2018-10-25v2","purchased_purges":2,"victory":false,"max_hp_per_floor":[80,80,80,80,80,80,80,80,80,80,80,80,80,80,80,80,80,80,80,80,80,80,80,80,80,80,80,80,90,90,90,90,90,90,90,90,90,90,90,90,90,90,90,90,90,90,90,90,90,90],"card_choices":[{"not_picked":["Clothesline","Metallicize"],"picked":"Inflame","floor":1},{"not_picked":["Body Slam","Clash"],"picked":"Infernal Blade","floor":3},{"not_picked":["Fire Breathing","Clash"],"picked":"Headbutt","floor":7},{"not_picked":["Clash","Thunderclap","Hemokinesis"],"picked":"SKIP","floor":11},{"not_picked":["Wild Strike","Dark Embrace"],"picked":"Pommel Strike","floor":14},{"not_picked":["Berserk","Feed"],"picked":"Double Tap","floor":16},{"not_picked":["Anger","Body Slam+1"],"picked":"Iron Wave","floor":18},{"not_picked":["Hemokinesis+1","True Grit+1"],"picked":"Cleave","floor":20},{"not_picked":["Cleave","Thunderclap+1"],"picked":"Warcry+1","floor":24},{"not_picked":["Carnage+1","Wild Strike"],"picked":"Sword Boomerang+1","floor":25},{"not_picked":["Intimidate","Perfected Strike","Impervious"],"picked":"SKIP","floor":28},{"not_picked":["Sword Boomerang","Pummel"],"picked":"Inflame","floor":31},{"not_picked":["Immolate","Brutality"],"picked":"Demon Form","floor":33},{"not_picked":["Perfected Strike+1","Armaments","Warcry"],"picked":"SKIP","floor":35},{"not_picked":["Dropkick","Combust"],"picked":"Ghostly Armor","floor":39},{"not_picked":["Headbutt+1","Burning Pact+1","Flex"],"picked":"SKIP","floor":41},{"not_picked":["Double Tap","Feed+1"],"picked":"Whirlwind+1","floor":45},{"not_picked":["Rupture+1","Pummel+1","Twin Strike+1"],"picked":"SKIP","floor":47}],"player_experience":96359,"relics_obtained":[{"floor":7,"key":"Bag of Marbles"},{"floor":9,"key":"Regal Pillow"},{"floor":10,"key":"Tiny Chest"},{"floor":14,"key":"Smiling Mask"},{"floor":25,"key":"The Courier"},{"floor":26,"key":"Dodecahedron"},{"floor":43,"key":"Molten Egg 2"},{"floor":45,"key":"Art of War"},{"floor":47,"key":"WingedGreaves"}],"event_choices":[{"damage_healed":0,"gold_gain":0,"player_choice":"Take Wound","damage_taken":0,"relics_obtained":["Golden Idol"],"max_hp_gain":0,"max_hp_loss":0,"event_name":"Golden Idol","floor":2,"gold_loss":0,"cards_obtained":["Injury"]},{"damage_healed":0,"gold_gain":0,"player_choice":"Trade","damage_taken":0,"relics_obtained":["SsserpentHead"],"max_hp_gain":0,"max_hp_loss":0,"event_name":"FaceTrader","floor":5,"gold_loss":0},{"damage_healed":0,"gold_gain":0,"player_choice":"Damaged","damage_taken":8,"max_hp_gain":0,"max_hp_loss":0,"event_name":"Wheel of Change","floor":12,"gold_loss":0},{"cards_removed":["Infernal Blade"],"damage_healed":8,"gold_gain":0,"player_choice":"Offered Uncommon","damage_taken":0,"max_hp_gain":0,"max_hp_loss":0,"event_name":"Bonfire Elementals","floor":13,"gold_loss":0},{"damage_healed":0,"gold_gain":0,"player_choice":"Rummage","damage_taken":0,"relics_obtained":["WarpedTongs"],"max_hp_gain":0,"max_hp_loss":0,"event_name":"Accursed Blacksmith","floor":19,"gold_loss":0,"cards_obtained":["Pain"]},{"damage_healed":0,"gold_gain":0,"player_choice":"Fight","damage_taken":0,"max_hp_gain":0,"max_hp_loss":0,"event_name":"Colosseum","floor":22,"gold_loss":0},{"damage_healed":0,"gold_gain":0,"player_choice":"Fled From Nobs","damage_taken":0,"max_hp_gain":0,"max_hp_loss":0,"event_name":"Colosseum","floor":22,"gold_loss":0},{"cards_removed":["Demon Form"],"damage_healed":0,"gold_gain":0,"player_choice":"Removed Power","damage_taken":0,"max_hp_gain":0,"max_hp_loss":0,"event_name":"Falling","floor":36,"gold_loss":0},{"cards_removed":["Strike_R"],"damage_healed":0,"gold_gain":0,"player_choice":"Purged","damage_taken":0,"max_hp_gain":0,"max_hp_loss":0,"event_name":"Purifier","floor":38,"gold_loss":0},{"damage_healed":0,"gold_gain":0,"player_choice":"Upgrade","damage_taken":0,"relics_obtained":["Mark of the Bloom"],"max_hp_gain":0,"max_hp_loss":0,"event_name":"MindBloom","floor":48,"gold_loss":0,"cards_upgraded":["Strike_R","Strike_R","Strike_R","Defend_R","Defend_R","Defend_R","Defend_R","Bash","Headbutt","Ghostly Armor","Heavy Blade"]}],"is_beta":false,"boss_relics":[{"not_picked":["Sozu","Snecko Eye"],"picked":"Velvet Choker"},{"not_picked":["Philosopher\u0027s Stone","Empty Cage"],"picked":"Lizard Tail"}],"items_purged_floors":[21,29],"is_endless":false,"potions_floor_spawned":[3,7,11,20,22,25,28,41,45,47],"killed_by":"Awakened One","ascension_level":2}