{"gold_per_floor":[118,138,157,157,173,173,173,173,250,268,302,313,166,198,198,275,275,287,33,43,43,55,55,73,73,73,91,116,116,116,150,150,227,227,242,95,95,95,105,105,118,118,118,130,180,27,47,66,66,66],"floor_reached":51,"playtime":2744,"items_purged":["Strike_G"],"score":1467,"play_id":"7635302d-e5b2-4531-aded-dd00a347a2ab","local_time":"20181106092019","is_ascension_mode":true,"campfire_choices":[{"data":"Neutralize","floor":6.0,"key":"SMITH"},{"data":"Deadly Poison","floor":8.0,"key":"SMITH"},{"data":"Caltrops","floor":15.0,"key":"SMITH"},{"data":"Footwork","floor":23.0,"key":"SMITH"},{"floor":25.0,"key":"REST"},{"data":"Dagger Spray","floor":29.0,"key":"SMITH"},{"floor":32.0,"key":"REST"},{"floor":40.0,"key":"REST"},{"floor":42.0,"key":"REST"},{"floor":49,"key":"REST"}],"neow_cost":"NONE","seed_source_timestamp":2426907967298,"circlet_count":0,"master_deck":["AscendersBane","Defend_G","Defend_G","Defend_G","Defend_G","Defend_G","Strike_G","Strike_G","Strike_G+1","Survivor","Neutralize+1","Deadly Poison+1","Dagger Spray+1","Backflip","Well Laid Plans","Footwork+1","Caltrops+1","Quick Slash+1","Blur","Deflect","Bullet Time","Dagger Spray+1","Dodge and Roll","Deflect+1","Deadly Poison+1","Catalyst","Footwork","Backflip","Leg Sweep","Footwork","Blur+1","Acrobatics"],"special_seed":0,"relics":["Ring of the Snake","Bottled Flame","Snake Skull","Whetstone","Cursed Key","Gremlin Horn","Enchiridion","Peace Pipe","Ice Cream","Sozu","Oddly Smooth Stone"],"potions_floor_usage":[48,50],"damage_taken":[{"damage":1.0,"enemies":"Jaw Worm","floor":1.0,"turns":5.0},{"damage":1.0,"enemies":"Small Slimes","floor":2.0,"turns":6.0},{"damage":1.0,"enemies":"Cultist","floor":3.0,"turns":5.0},{"damage":7.0,"enemies":"Exordium Wildlife","floor":5.0,"turns":5.0},{"damage":2.0,"enemies":"3 Louse","floor":10.0,"turns":3.0},{"damage":0.0,"enemies":"3 Sentries","floor":11.0,"turns":7.0},{"damage":0.0,"enemies":"Looter","floor":12.0,"turns":4.0},{"damage":0.0,"enemies":"Lagavulin","floor":14.0,"turns":9.0},{"damage":0.0,"enemies":"The Guardian","floor":16.0,"turns":10.0},{"damage":0.0,"enemies":"Chosen","floor":18.0,"turns":5.0},{"damage":9.0,"enemies":"Shell Parasite","floor":20.0,"turns":6.0},{"damage":0.0,"enemies":"Sentry and Sphere","floor":22.0,"turns":5.0},{"damage":7.0,"enemies":"3 Cultists","floor":24.0,"turns":5.0},{"damage":0.0,"enemies":"Snecko","floor":27.0,"turns":5.0},{"damage":5.0,"enemies":"Slavers","floor":28.0,"turns":6.0},{"damage":0.0,"enemies":"Gremlin Leader","floor":31.0,"turns":6.0},{"damage":16.0,"enemies":"Automaton","floor":33.0,"turns":14.0},{"damage":23.0,"enemies":"Orb Walker","floor":35.0,"turns":5.0},{"damage":2.0,"enemies":"3 Shapes","floor":39.0,"turns":7.0},{"damage":19.0,"enemies":"3 Darklings","floor":41.0,"turns":5.0},{"damage":26.0,"enemies":"Jaw Worm Horde","floor":44.0,"turns":5.0},{"damage":7.0,"enemies":"Maw","floor":47.0,"turns":9.0},{"damage":0,"enemies":"4 Shapes","floor":48,"turns":6},{"damage":0,"enemies":"Time Eater","floor":50,"turns":22}],"seed_played":"-6400547712538523440","potions_obtained":[{"floor":1.0,"key":"Ancient Potion"},{"floor":3.0,"key":"SmokeBomb"},{"floor":10.0,"key":"Poison Potion"},{"floor":16.0,"key":"GhostInAJar"},{"floor":22.0,"key":"Ancient Potion"},{"floor":28.0,"key":"Energy Potion"}],"is_trial":false,"path_per_floor":["M","M","M","?","M","R","?","R","T","M","E","M","$","E","R","B",null,"M","$","M","?","M","R","M","R","T","M","E","R","?","E","R","B",null,"M","$","?","$","M","R","M","R","T","M","?","$","M","M","R","B",null],"character_chosen":"THE_SILENT","items_purchased":["Blur","Gremlin Horn","Oddly Smooth Stone","Leg Sweep","Footwork"],"campfire_rested":5,"item_purchase_floors":[13,19,36,46,46],"current_hp_per_floor":[58,57,56,56,49,49,49,49,49,47,47,47,47,47,47,47,61,61,61,52,31,31,31,24,43,43,43,38,38,38,38,57,41,60,37,37,37,37,35,54,35,54,54,28,28,28,21,21,40,40],"gold":66,"neow_bonus":"REMOVE_CARD","is_prod":false,"is_daily":false,"chose_seed":false,"campfire_upgraded":5,"win_rate":0,"timestamp":1541524819,"path_taken":["M","M","M","?","M","R","?","R","T","M","E","M","?","E","R","BOSS","M","$","?","?","M","R","M","R","T","M","E","R","?","E","R","BOSS","M","$","?","$","M","R","?","R","T","M","?","?","M","M","R","BOSS"],"build_version":"2018-11-01","purchased_purges":1,"victory":true,"max_hp_per_floor":[66,66,66,66,66,66,66,66,66,66,66,66,66,66,66,66,66,66,66,66,66,66,66,66,66,66,66,66,66,66,66,66,66,66,66,66,66,66,66,66,66,66,66,66,66,66,66,66,66,66],"card_choices":[{"not_picked":["Eviscerate","Backflip"],"picked":"Deadly Poison","floor":1.0},{"not_picked":["Cloak And Dagger","Flying Knee"],"picked":"Dagger Spray","floor":2.0},{"not_picked":["Crippling Poison","Skewer"],"picked":"Backflip","floor":3.0},{"not_picked":["Prepared","Concentrate"],"picked":"Well Laid Plans","floor":5.0},{"not_picked":["Underhanded Strike","Deadly Poison"],"picked":"Footwork","floor":10.0},{"not_picked":["Dagger Spray","PiercingWail"],"picked":"Caltrops","floor":11.0},{"not_picked":["Slice","Tools of the Trade"],"picked":"Quick Slash","floor":12.0},{"not_picked":["Underhanded Strike","Dodge and Roll"],"picked":"Deflect","floor":14.0},{"not_picked":["Unload","Glass Knife"],"picked":"Bullet Time","floor":16.0},{"not_picked":["Terror","Dagger Throw"],"picked":"Dagger Spray","floor":18.0},{"not_picked":["Flying Knee","Accuracy","Concentrate+1"],"picked":"SKIP","floor":20.0},{"not_picked":["Dagger Spray","Outmaneuver"],"picked":"Dodge and Roll","floor":22.0},{"not_picked":["Flying Knee","Endless Agony","Sucker Punch"],"picked":"SKIP","floor":24.0},{"not_picked":["Bullet Time","Endless Agony","Deflect"],"picked":"SKIP","floor":27.0},{"not_picked":["Die Die Die","Masterful Stab","Calculated Gamble"],"picked":"SKIP","floor":28.0},{"not_picked":["Dagger Spray+1","Slice"],"picked":"Deflect+1","floor":31.0},{"not_picked":["Prepared","Finisher"],"picked":"Deadly Poison+1","floor":35.0},{"not_picked":["Finisher","Blade Dance","Deflect"],"picked":"SKIP","floor":39.0},{"not_picked":["Well Laid Plans","All Out Attack"],"picked":"Footwork","floor":41.0},{"not_picked":["Calculated Gamble","Masterful Stab"],"picked":"Backflip","floor":44.0},{"not_picked":["Flying Knee","Acrobatics+1"],"picked":"Blur+1","floor":47.0},{"not_picked":["Deflect","Dagger Spray+1"],"picked":"Acrobatics","floor":48}],"player_experience":1596369,"relics_obtained":[{"floor":9.0,"key":"Bottled Flame"},{"floor":11.0,"key":"Snake Skull"},{"floor":14.0,"key":"Whetstone"},{"floor":21.0,"key":"Enchiridion"},{"floor":28.0,"key":"Peace Pipe"},{"floor":31.0,"key":"Ice Cream"}],"event_choices":[{"damage_healed":0.0,"max_hp_gain":0.0,"max_hp_loss":0.0,"gold_gain":0.0,"event_name":"Golden Idol","player_choice":"Ignored","floor":4.0,"gold_loss":0.0,"damage_taken":0.0},{"damage_healed":0.0,"max_hp_gain":0.0,"max_hp_loss":0.0,"gold_gain":0.0,"event_name":"Living Wall","player_choice":"Grow","floor":7.0,"gold_loss":0.0,"damage_taken":0.0,"cards_upgraded":["Dagger Spray"]},{"damage_healed":0.0,"max_hp_gain":0.0,"max_hp_loss":0.0,"gold_gain":0.0,"event_name":"Cursed Tome","player_choice":"Obtained Book","floor":21.0,"gold_loss":0.0,"damage_taken":21.0},{"damage_healed":0.0,"max_hp_gain":0.0,"max_hp_loss":0.0,"gold_gain":0.0,"event_name":"Vampires","player_choice":"Ignored","floor":30.0,"gold_loss":0.0,"damage_taken":0.0},{"damage_healed":0.0,"max_hp_gain":0.0,"max_hp_loss":0.0,"gold_gain":0.0,"event_name":"Match and Keep!","player_choice":"1 cards matched","floor":37.0,"gold_loss":0.0,"damage_taken":0.0,"cards_obtained":["Catalyst"]},{"damage_healed":0.0,"max_hp_gain":0.0,"max_hp_loss":0.0,"gold_gain":50.0,"event_name":"Golden Shrine","player_choice":"Pray","floor":45.0,"gold_loss":0.0,"damage_taken":0.0}],"is_beta":false,"boss_relics":[{"not_picked":["Velvet Choker","Fusion Hammer"],"picked":"Cursed Key"},{"not_picked":["Lizard Tail","White Beast Statue"],"picked":"Sozu"}],"items_purged_floors":[13],"is_endless":false,"potions_floor_spawned":[1,3,10,16,18,22,28,31,39,41,44],"ascension_level":15}