{"gold_per_floor":[111,85,85,100,117,117,145,165,192,192,221,0,33,47,47,124,124,134,151,151,151,169,194,208,208,208,235,235,178,178,204,204,281,281,296,296,307,323,323,349,365,365,434,434,469,489,523,0,0,0,0],"floor_reached":52,"playtime":2387,"items_purged":[],"score":2286,"play_id":"36715c3a-288c-4528-b9aa-9729967c73a2","local_time":"20181109192055","daily_mods":["SealedDeck"],"is_ascension_mode":true,"campfire_choices":[{"data":"Armaments","floor":6.0,"key":"SMITH"},{"data":"Whirlwind","floor":10.0,"key":"SMITH"},{"data":"Spot Weakness","floor":15.0,"key":"SMITH"},{"data":"Disarm","floor":32.0,"key":"SMITH"},{"data":"Corruption","floor":42.0,"key":"SMITH"},{"data":"Feel No Pain","floor":44.0,"key":"SMITH"},{"data":"Havoc","floor":49.0,"key":"SMITH"}],"neow_cost":"","seed_source_timestamp":36601078493505,"circlet_count":0,"master_deck":["AscendersBane","Ghostly Armor","Iron Wave","Havoc+1","Shrug It Off","Twin Strike","Anger","Pommel Strike","Flame Barrier","Feel No Pain+1","Shrug It Off","Armaments+1","Spot Weakness+1","Whirlwind+1","Disarm+1","Shrug It Off","True Grit+1","Warcry+1","Twin Strike+1","Offering","Flame Barrier+1","Corruption+1","Reaper"],"special_seed":0,"relics":["Burning Blood","Dream Catcher","Oddly Smooth Stone","PreservedInsect","Anchor","Omamori","Vajra","Mark of Pain","Mercury Hourglass","Bottled Lightning","Smiling Mask","Potion Belt","Question Card","White Beast Statue","Centennial Puzzle","Blue Candle","Lantern","Shuriken","Red Mask"],"potions_floor_usage":[],"damage_taken":[{"damage":0.0,"enemies":"Jaw Worm","floor":1.0,"turns":2.0},{"damage":0.0,"enemies":"2 Louse","floor":4.0,"turns":3.0},{"damage":0.0,"enemies":"Cultist","floor":5.0,"turns":4.0},{"damage":0.0,"enemies":"3 Sentries","floor":7.0,"turns":10.0},{"damage":0.0,"enemies":"Exordium Wildlife","floor":8.0,"turns":4.0},{"damage":0.0,"enemies":"Lagavulin","floor":11.0,"turns":6.0},{"damage":13.0,"enemies":"Gremlin Nob","floor":13.0,"turns":4.0},{"damage":0.0,"enemies":"2 Fungi Beasts","floor":14.0,"turns":1.0},{"damage":16.0,"enemies":"Slime Boss","floor":16.0,"turns":6.0},{"damage":0.0,"enemies":"2 Thieves","floor":18.0,"turns":3.0},{"damage":0.0,"enemies":"3 Byrds","floor":19.0,"turns":4.0},{"damage":10.0,"enemies":"Centurion and Healer","floor":22.0,"turns":4.0},{"damage":19.0,"enemies":"Book of Stabbing","floor":23.0,"turns":5.0},{"damage":20.0,"enemies":"Shelled Parasite and Fungi","floor":24.0,"turns":4.0},{"damage":2.0,"enemies":"Gremlin Leader","floor":27.0,"turns":5.0},{"damage":0.0,"enemies":"Slavers","floor":31.0,"turns":2.0},{"damage":0.0,"enemies":"Champ","floor":33.0,"turns":17.0},{"damage":0.0,"enemies":"Orb Walker","floor":35.0,"turns":3.0},{"damage":9.0,"enemies":"3 Shapes","floor":37.0,"turns":7.0},{"damage":6.0,"enemies":"3 Darklings","floor":38.0,"turns":5.0},{"damage":32.0,"enemies":"Nemesis","floor":40.0,"turns":9.0},{"damage":6.0,"enemies":"Spire Growth","floor":41.0,"turns":6.0},{"damage":6.0,"enemies":"Reptomancer","floor":45.0,"turns":4.0},{"damage":6.0,"enemies":"Writhing Mass","floor":46.0,"turns":7.0},{"damage":21.0,"enemies":"Nemesis","floor":47.0,"turns":5.0},{"damage":15.0,"enemies":"Donu and Deca","floor":50.0,"turns":9.0},{"damage":54,"enemies":"Awakened One","floor":51,"turns":17}],"seed_played":"4380586814715799049","potions_obtained":[{"floor":1.0,"key":"Weak Potion"},{"floor":8.0,"key":"Weak Potion"},{"floor":13.0,"key":"AttackPotion"},{"floor":14.0,"key":"LiquidBronze"},{"floor":16.0,"key":"SkillPotion"},{"floor":23.0,"key":"SkillPotion"},{"floor":31.0,"key":"FearPotion"},{"floor":35.0,"key":"Block Potion"},{"floor":37.0,"key":"SteroidPotion"},{"floor":40.0,"key":"Ancient Potion"},{"floor":41.0,"key":"BloodPotion"},{"floor":46.0,"key":"FearPotion"},{"floor":47.0,"key":"Fruit Juice"}],"is_trial":true,"path_per_floor":["M","$","?","M","M","R","E","M","T","R","E","$","E","M","R","B",null,"M","M","?","$","M","E","M","$","T","E","T","$","?","E","R","B",null,"M","$","M","M","?","E","M","R","T","R","E","M","E","?","R","B","B",null],"character_chosen":"IRONCLAD","items_purchased":["Shrug It Off","Omamori","Shrug It Off","PowerPotion"],"campfire_rested":0,"item_purchase_floors":[2,12,12,29],"current_hp_per_floor":[74,74,69,75,75,75,75,75,75,75,75,75,68,74,74,64,72,75,75,75,75,71,58,44,44,44,48,48,48,48,54,54,60,71,75,75,72,72,72,46,51,51,51,51,51,72,60,60,60,80,32],"gold":0,"neow_bonus":"","is_prod":false,"is_daily":false,"chose_seed":true,"campfire_upgraded":7,"win_rate":0,"timestamp":1541820055,"path_taken":["M","$","?","M","M","R","E","M","T","R","E","$","E","M","R","BOSS","M","M","?","?","M","E","M","$","T","E","?","$","?","E","R","BOSS","M","$","M","M","?","E","M","R","T","R","E","M","E","?","R","BOSS","BOSS"],"build_version":"2018-11-08","purchased_purges":0,"victory":true,"max_hp_per_floor":[75,75,75,75,75,75,75,75,75,75,75,75,75,75,75,75,75,75,75,75,75,75,75,75,75,75,75,75,75,75,75,75,75,75,75,75,75,75,75,75,75,75,75,75,75,75,75,75,75,80,80],"card_choices":[{"not_picked":["Anger","Power Through","Intimidate"],"picked":"SKIP","floor":1.0},{"not_picked":["Twin Strike","Havoc"],"picked":"Armaments","floor":4.0},{"not_picked":["Rupture","Power Through","Clothesline"],"picked":"SKIP","floor":5.0},{"not_picked":["True Grit","Iron Wave"],"picked":"Spot Weakness","floor":7.0},{"not_picked":["Clash","Carnage"],"picked":"Whirlwind","floor":8.0},{"not_picked":["Metallicize","Demon Form"],"picked":"Disarm","floor":11.0},{"not_picked":["Clash","Cleave","Thunderclap"],"picked":"SKIP","floor":13.0},{"not_picked":["Power Through","Pommel Strike","Seeing Red"],"picked":"SKIP","floor":14.0},{"not_picked":["Evolve","Armaments","Uppercut+1"],"picked":"SKIP","floor":18.0},{"not_picked":["Body Slam","Headbutt"],"picked":"True Grit+1","floor":19.0},{"not_picked":["Flex","Searing Blow"],"picked":"Warcry+1","floor":22.0},{"not_picked":["Seeing Red","Flex","Anger"],"picked":"SKIP","floor":23.0},{"not_picked":["Entrench","Thunderclap","Blood for Blood"],"picked":"SKIP","floor":24.0},{"not_picked":["Reckless Charge","Juggernaut","True Grit"],"picked":"SKIP","floor":27.0},{"not_picked":["Thunderclap","Sword Boomerang"],"picked":"Twin Strike+1","floor":31.0},{"not_picked":["Berserk","Juggernaut","Brutality"],"picked":"Offering","floor":33.0},{"not_picked":["Pommel Strike","Entrench","Anger+1"],"picked":"Flame Barrier+1","floor":35.0},{"not_picked":["Whirlwind","Cleave+1","Infernal Blade"],"picked":"Corruption","floor":37.0},{"not_picked":["Corruption","Evolve","Heavy Blade","Havoc"],"picked":"SKIP","floor":38.0},{"not_picked":["Dual Wield","Cleave","Flame Barrier"],"picked":"Reaper","floor":40.0},{"not_picked":["Wild Strike","Sword Boomerang+1","Uppercut","Rampage"],"picked":"SKIP","floor":41.0},{"not_picked":["Pummel","Clash+1","Perfected Strike+1","Havoc"],"picked":"SKIP","floor":45.0},{"not_picked":["Clothesline+1","Twin Strike","Shrug It Off","Evolve"],"picked":"SKIP","floor":46.0},{"not_picked":["Cleave+1","Wild Strike","Havoc","Burning Pact"],"picked":"SKIP","floor":47.0}],"player_experience":1614514,"relics_obtained":[{"floor":7.0,"key":"Oddly Smooth Stone"},{"floor":9.0,"key":"PreservedInsect"},{"floor":11.0,"key":"Anchor"},{"floor":13.0,"key":"Vajra"},{"floor":23.0,"key":"Mercury Hourglass"},{"floor":26.0,"key":"Bottled Lightning"},{"floor":27.0,"key":"Smiling Mask"},{"floor":28.0,"key":"Potion Belt"},{"floor":31.0,"key":"Question Card"},{"floor":40.0,"key":"Centennial Puzzle"},{"floor":43.0,"key":"Blue Candle"},{"floor":45.0,"key":"Lantern"},{"floor":47.0,"key":"Shuriken"}],"event_choices":[{"damage_healed":0.0,"max_hp_gain":0.0,"max_hp_loss":0.0,"gold_gain":0.0,"event_name":"Scrap Ooze","player_choice":"Success","floor":3.0,"gold_loss":0.0,"damage_taken":5.0,"relics_obtained":["Dream Catcher"]},{"damage_healed":0.0,"max_hp_gain":0.0,"max_hp_loss":0.0,"gold_gain":0.0,"event_name":"Transmorgrifier","player_choice":"Ignored","floor":20.0,"gold_loss":0.0,"damage_taken":0.0},{"damage_healed":0.0,"max_hp_gain":0.0,"max_hp_loss":0.0,"gold_gain":0.0,"event_name":"Beggar","player_choice":"Ignored","floor":30.0,"gold_loss":0.0,"damage_taken":0.0},{"cards_removed":["Thunderclap"],"damage_healed":0.0,"max_hp_gain":0.0,"max_hp_loss":0.0,"gold_gain":0.0,"event_name":"Falling","player_choice":"Removed Attack","floor":39.0,"gold_loss":0.0,"damage_taken":0.0},{"damage_healed":0.0,"max_hp_gain":0.0,"max_hp_loss":0.0,"gold_gain":0.0,"event_name":"Tomb of Lord Red Mask","player_choice":"Paid","floor":48.0,"gold_loss":523.0,"damage_taken":0.0,"relics_obtained":["Red Mask"]}],"is_beta":false,"boss_relics":[{"not_picked":["Pandora\u0027s Box","Empty Cage"],"picked":"Mark of Pain"},{"not_picked":["Velvet Choker","Runic Cube"],"picked":"White Beast Statue"}],"items_purged_floors":[],"is_endless":false,"potions_floor_spawned":[1,8,13,14,16,18,22,23,31,35,37,38,40,41,45,46,47],"ascension_level":20}