{"gold_per_floor":[109,11,41,61,77,106,124,149,149,174,186,210,230,230,230,332,332,343,343,343,2,19,19,38,52,52,52,80,80,80,106,106,205,205,225,241,252,212,224,224,256,131,131,159,159,192,142,153,153,153,153,153,54,82,82],"floor_reached":56,"playtime":2688,"items_purged":["Strike_B","Strike_B","Strike_B","Strike_B+1","Defend_B"],"score":1475,"play_id":"75f6fbcf-223d-47a4-8432-37c7b31a7cb4","local_time":"20190411160253","is_ascension_mode":true,"campfire_choices":[{"floor":15.0,"key":"REST"},{"floor":23.0,"key":"REST"},{"floor":29.0,"key":"REST"},{"floor":32.0,"key":"REST"},{"floor":40,"key":"RECALL"},{"floor":49,"key":"REST"},{"floor":52,"key":"REST"}],"neow_cost":"NONE","seed_source_timestamp":1353609564700,"circlet_count":0,"master_deck":["Defend_B","Defend_B","Defend_B","Zap","Dualcast","Chill","Streamline","Glacier","Consume+1","Beam Cell","Reinforced Body","Cold Snap+1","Meteor Strike","Ball Lightning+1","Capacitor","Doom and Gloom+1","White Noise+1","Defragment","Echo Form","Coolheaded+1","Defragment+1","Heatsinks","Creative AI","Redo+1"],"special_seed":0,"relics":["Fusion Hammer","Tiny Chest","Blood Vial","Bag of Marbles","Lantern","Vajra","Philosopher\u0027s Stone","Pear","Mummified Hand","Letter Opener","Enchiridion","Singing Bowl","Whetstone","Inserter","Regal Pillow","Kunai","Blue Candle","Smiling Mask","DataDisk"],"potions_floor_usage":[39,54,55],"damage_taken":[{"damage":1.0,"enemies":"2 Louse","floor":1.0,"turns":2.0},{"damage":0.0,"enemies":"Cultist","floor":4.0,"turns":4.0},{"damage":1.0,"enemies":"Jaw Worm","floor":5.0,"turns":3.0},{"damage":9.0,"enemies":"3 Sentries","floor":6.0,"turns":7.0},{"damage":0.0,"enemies":"Looter","floor":7.0,"turns":4.0},{"damage":0.0,"enemies":"Lagavulin","floor":8.0,"turns":7.0},{"damage":32.0,"enemies":"Gremlin Nob","floor":10.0,"turns":5.0},{"damage":4.0,"enemies":"2 Fungi Beasts","floor":11.0,"turns":2.0},{"damage":1.0,"enemies":"Exordium Wildlife","floor":13.0,"turns":3.0},{"damage":0.0,"enemies":"Slime Boss","floor":16.0,"turns":12.0},{"damage":26.0,"enemies":"3 Byrds","floor":18.0,"turns":7.0},{"damage":7.0,"enemies":"Chosen","floor":22.0,"turns":6.0},{"damage":5.0,"enemies":"Snecko","floor":24.0,"turns":4.0},{"damage":0.0,"enemies":"Centurion and Healer","floor":25.0,"turns":3.0},{"damage":23.0,"enemies":"Book of Stabbing","floor":28.0,"turns":4.0},{"damage":9.0,"enemies":"Gremlin Leader","floor":31.0,"turns":4.0},{"damage":2.0,"enemies":"Champ","floor":33.0,"turns":10.0},{"damage":14.0,"enemies":"Orb Walker","floor":35.0,"turns":3.0},{"damage":3.0,"enemies":"3 Shapes","floor":36.0,"turns":5.0},{"damage":5.0,"enemies":"Jaw Worm Horde","floor":37.0,"turns":4.0},{"damage":0,"enemies":"Maw","floor":39,"turns":8},{"damage":0,"enemies":"Reptomancer","floor":41,"turns":6},{"damage":0,"enemies":"Giant Head","floor":44,"turns":6},{"damage":8,"enemies":"Nemesis","floor":46,"turns":5},{"damage":0,"enemies":"Sphere and 2 Shapes","floor":48,"turns":3},{"damage":26,"enemies":"Awakened One","floor":50,"turns":9},{"damage":18,"enemies":"Shield and Spear","floor":54,"turns":5},{"damage":65,"enemies":"The Heart","floor":55,"turns":6}],"seed_played":"-4804035319951979748","potions_obtained":[{"floor":4.0,"key":"Dexterity Potion"},{"floor":5.0,"key":"Strength Potion"},{"floor":7.0,"key":"Ancient Potion"},{"floor":22.0,"key":"Dexterity Potion"},{"floor":25.0,"key":"FocusPotion"},{"floor":28.0,"key":"GamblersBrew"},{"floor":33.0,"key":"Ancient Potion"},{"floor":35.0,"key":"Strength Potion"},{"floor":37.0,"key":"Regen Potion"},{"floor":39,"key":"GamblersBrew"}],"is_trial":false,"path_per_floor":["M","$","?","M","M","E","M","E","T","E","M","T","M","?","R","B",null,"M","?","T","$","M","R","M","M","T","?","E","R","?","E","R","B",null,"M","M","M","?","M","R","E","$","T","E","T","E","$","M","R","B",null,"R","$","E","B",null],"character_chosen":"DEFECT","items_purchased":["Ball Lightning","Mummified Hand","Swift Potion"],"campfire_rested":6,"item_purchase_floors":[2,21,53],"current_hp_per_floor":[74,74,74,74,73,64,66,68,68,38,36,36,37,62,75,75,75,49,49,59,59,54,79,76,78,78,62,43,69,69,62,87,85,87,73,72,71,71,90,90,91,91,91,91,91,85,85,87,93,67,93,93,93,77,14],"gold":82,"neow_bonus":"BOSS_RELIC","is_prod":false,"is_daily":false,"chose_seed":false,"campfire_upgraded":0,"win_rate":0,"timestamp":1554969773,"path_taken":["M","$","?","?","M","E","M","E","T","E","M","?","M","?","R","BOSS","M","?","?","$","M","R","?","M","T","?","E","R","?","E","R","BOSS","M","M","M","?","?","R","E","$","T","E","?","E","?","M","R","BOSS","R","$","E","BOSS"],"build_version":"2019-04-04","purchased_purges":5,"victory":true,"max_hp_per_floor":[75,75,75,75,75,75,75,75,75,75,75,75,75,75,75,75,75,75,75,85,85,85,85,85,85,85,85,87,87,87,87,87,87,87,87,87,89,89,91,91,91,91,91,91,91,93,93,93,93,93,93,93,93,95,95],"card_choices":[{"not_picked":["Barrage","Double Energy","Storm"],"picked":"SKIP","floor":1.0},{"not_picked":["Barrage","Double Energy","Storm"],"picked":"SKIP","floor":1.0},{"not_picked":["Conserve Battery","Storm"],"picked":"Chill","floor":4.0},{"not_picked":["Turbo","Go for the Eyes"],"picked":"Streamline","floor":5.0},{"not_picked":["Tempest","Streamline"],"picked":"Glacier","floor":6.0},{"not_picked":["Melter","Coolheaded"],"picked":"Consume","floor":7.0},{"not_picked":["Steam","Blizzard"],"picked":"Beam Cell","floor":8.0},{"not_picked":["Auto Shields","Doom and Gloom"],"picked":"Reinforced Body","floor":10.0},{"not_picked":["Aggregate","Redo"],"picked":"Cold Snap","floor":11.0},{"not_picked":["Stack","Sweeping Beam","Conserve Battery"],"picked":"SKIP","floor":13.0},{"not_picked":["Machine Learning","Seek"],"picked":"Meteor Strike","floor":16.0},{"not_picked":["Leap","Chaos"],"picked":"Ball Lightning+1","floor":18.0},{"not_picked":["Stack","Rebound"],"picked":"Doom and Gloom+1","floor":22.0},{"not_picked":["Stack+1","Aggregate","Blizzard"],"picked":"SKIP","floor":24.0},{"not_picked":["Reinforced Body+1","Conserve Battery"],"picked":"White Noise+1","floor":25.0},{"not_picked":["Compile Driver","Loop","Hyperbeam"],"picked":"Singing Bowl","floor":28.0},{"not_picked":["Compile Driver","Sweeping Beam"],"picked":"Defragment","floor":31.0},{"not_picked":["Machine Learning","Core Surge"],"picked":"Echo Form","floor":33.0},{"not_picked":["Glacier+1","Doom and Gloom"],"picked":"Coolheaded+1","floor":35.0},{"not_picked":["Coolheaded","Steam"],"picked":"Defragment+1","floor":36.0},{"not_picked":["Gash","Scrape","Sweeping Beam+1"],"picked":"Singing Bowl","floor":37.0},{"not_picked":["Steam Power+1","Hello World+1","Rebound"],"picked":"Singing Bowl","floor":39},{"not_picked":["Sweeping Beam","Rebound+1"],"picked":"Heatsinks","floor":41},{"not_picked":["Sunder","Blizzard+1"],"picked":"Creative AI","floor":44},{"not_picked":["Rebound","Ball Lightning","Conserve Battery"],"picked":"Singing Bowl","floor":46},{"not_picked":["Genetic Algorithm","Hyperbeam"],"picked":"Redo+1","floor":48},{"not_picked":["Chill+1","Chaos","Auto Shields"],"picked":"Singing Bowl","floor":54}],"player_experience":1388279,"relics_obtained":[{"floor":6.0,"key":"Blood Vial"},{"floor":9.0,"key":"Bag of Marbles"},{"floor":10.0,"key":"Lantern"},{"floor":12.0,"key":"Vajra"},{"floor":20.0,"key":"Pear"},{"floor":26.0,"key":"Letter Opener"},{"floor":27.0,"key":"Enchiridion"},{"floor":28.0,"key":"Singing Bowl"},{"floor":31.0,"key":"Whetstone"},{"floor":41,"key":"Regal Pillow"},{"floor":44,"key":"Kunai"},{"floor":45,"key":"Blue Candle"},{"floor":46,"key":"Smiling Mask"},{"floor":54,"key":"DataDisk"}],"event_choices":[{"cards_removed":["Ball Lightning"],"damage_healed":0.0,"max_hp_gain":0.0,"max_hp_loss":0.0,"gold_gain":0.0,"event_name":"WeMeetAgain","player_choice":"Gave Card","floor":3.0,"gold_loss":0.0,"damage_taken":0.0,"relics_obtained":["Tiny Chest"]},{"damage_healed":25.0,"max_hp_gain":0.0,"max_hp_loss":0.0,"gold_gain":0.0,"event_name":"Big Fish","player_choice":"Banana","floor":14.0,"gold_loss":0.0,"damage_taken":0.0},{"damage_healed":0.0,"max_hp_gain":0.0,"max_hp_loss":0.0,"gold_gain":0.0,"event_name":"The Library","player_choice":"Read","floor":19.0,"gold_loss":0.0,"damage_taken":0.0,"cards_obtained":["Capacitor"]},{"damage_healed":0.0,"max_hp_gain":0.0,"max_hp_loss":0.0,"gold_gain":0.0,"event_name":"Cursed Tome","player_choice":"Obtained Book","floor":27.0,"gold_loss":0.0,"damage_taken":16.0},{"damage_healed":0.0,"max_hp_gain":0.0,"max_hp_loss":0.0,"gold_gain":0.0,"event_name":"Ghosts","player_choice":"Ignored","floor":30.0,"gold_loss":0.0,"damage_taken":0.0},{"damage_healed":0,"gold_gain":0,"player_choice":"Upgrade","damage_taken":0,"max_hp_gain":0,"max_hp_loss":0,"event_name":"Designer","floor":38,"gold_loss":40,"cards_upgraded":["Consume"]}],"is_beta":true,"boss_relics":[{"not_picked":["Ectoplasm","Cursed Key"],"picked":"Philosopher\u0027s Stone"},{"not_picked":["Empty Cage","Eternal Feather"],"picked":"Inserter"}],"items_purged_floors":[2,21,42,47,53],"is_endless":false,"potions_floor_spawned":[4,5,7,10,11,22,25,28,33,35,37,39,48],"ascension_level":1}