{"gold_per_floor":[113,113,133,145,155,155,188,288,288,288,26,40,68,87,87,161,161,174,186,219,239,239],"floor_reached":22,"playtime":817,"items_purged":[],"score":347,"play_id":"e0251b1b-14ea-4c24-86e4-d6eff18f286e","local_time":"20190420210730","is_ascension_mode":true,"campfire_choices":[{"data":"Bash","floor":6.0,"key":"SMITH"},{"data":"Clothesline","floor":10,"key":"SMITH"},{"data":"Defend_R","floor":15,"key":"SMITH"}],"neow_cost":"NONE","seed_source_timestamp":151061273342918,"circlet_count":0,"master_deck":["AscendersBane","Strike_R","Strike_R","Strike_R","Strike_R","Strike_R","Defend_R","Defend_R","Defend_R","Defend_R+1","Bash+1","Clothesline+1","Battle Trance","Anger","Spot Weakness","Power Through+1","Limit Break+1","Warcry+1","Impervious+1","Heavy Blade","Shrug It Off+1","Spot Weakness+1","Havoc+1"],"special_seed":0,"relics":["Burning Blood","NeowsBlessing","Pen Nib","Ancient Tea Set","Toxic Egg 2","Bottled Lightning","Mark of Pain","Red Mask"],"potions_floor_usage":[7,13,19,20],"damage_taken":[{"damage":0.0,"enemies":"Jaw Worm","floor":1.0,"turns":1.0},{"damage":0.0,"enemies":"2 Louse","floor":3.0,"turns":1.0},{"damage":0.0,"enemies":"Cultist","floor":4.0,"turns":1.0},{"damage":10.0,"enemies":"Large Slime","floor":5.0,"turns":6.0},{"damage":25,"enemies":"3 Sentries","floor":7,"turns":8},{"damage":0,"enemies":"Exordium Wildlife","floor":12,"turns":3},{"damage":10,"enemies":"Lagavulin","floor":13,"turns":6},{"damage":8,"enemies":"Looter","floor":14,"turns":3},{"damage":14,"enemies":"The Guardian","floor":16,"turns":9},{"damage":40,"enemies":"3 Byrds","floor":18,"turns":6},{"damage":11,"enemies":"2 Thieves","floor":19,"turns":3},{"damage":30,"enemies":"Masked Bandits","floor":20,"turns":4},{"damage":11,"enemies":"3 Cultists","floor":21,"turns":5},{"damage":19,"enemies":"Sentry and Sphere","floor":22,"turns":3}],"seed_played":"-4563823130963074362","potions_obtained":[{"floor":5.0,"key":"Poison Potion"},{"floor":7,"key":"FearPotion"},{"floor":12,"key":"Energy Potion"},{"floor":14,"key":"BloodPotion"}],"is_trial":false,"path_per_floor":["M","?","M","M","M","R","E","?","T","R","$","M","E","M","R","B",null,"M","M","?","M","M"],"character_chosen":"IRONCLAD","items_purchased":["Toxic Egg 2"],"campfire_rested":0,"item_purchase_floors":[11],"current_hp_per_floor":[74,79,80,80,76,76,57,57,57,57,57,63,59,57,57,49,72,38,41,17,12,0],"gold":239,"neow_bonus":"THREE_ENEMY_KILL","is_prod":false,"is_daily":false,"chose_seed":false,"campfire_upgraded":3,"win_rate":0,"timestamp":1555819650,"path_taken":["M","?","M","M","M","R","E","?","T","R","$","M","E","?","R","BOSS","M","M","?","M","M"],"build_version":"2019-01-23","purchased_purges":0,"victory":false,"max_hp_per_floor":[75,80,80,80,80,80,80,80,80,80,80,80,80,80,80,80,80,80,80,80,80,80],"card_choices":[{"not_picked":["Perfected Strike","Cleave"],"picked":"Clothesline","floor":1.0},{"not_picked":["Flex","Havoc"],"picked":"Battle Trance","floor":3.0},{"not_picked":["Battle Trance","Corruption","Intimidate"],"picked":"SKIP","floor":4.0},{"not_picked":["Pummel","Thunderclap"],"picked":"Anger","floor":5.0},{"not_picked":["Uppercut","Heavy Blade"],"picked":"Spot Weakness","floor":7},{"not_picked":["Body Slam","Headbutt"],"picked":"Power Through+1","floor":12},{"not_picked":["Twin Strike","Warcry+1"],"picked":"Limit Break+1","floor":13},{"not_picked":["Intimidate+1","Hemokinesis"],"picked":"Warcry+1","floor":14},{"not_picked":["Berserk","Fiend Fire"],"picked":"Impervious+1","floor":16},{"not_picked":["Seeing Red+1","Clash"],"picked":"Heavy Blade","floor":18},{"not_picked":["Sentinel+1","Perfected Strike"],"picked":"Shrug It Off+1","floor":19},{"not_picked":["Perfected Strike","Warcry+1"],"picked":"Spot Weakness+1","floor":20},{"not_picked":["Perfected Strike","Cleave"],"picked":"Havoc+1","floor":21}],"player_experience":2481897,"relics_obtained":[{"floor":7,"key":"Pen Nib"},{"floor":9,"key":"Ancient Tea Set"},{"floor":13,"key":"Bottled Lightning"},{"floor":20,"key":"Red Mask"}],"event_choices":[{"damage_healed":0.0,"max_hp_gain":5.0,"max_hp_loss":0.0,"gold_gain":0.0,"event_name":"Big Fish","player_choice":"Donut","floor":2.0,"gold_loss":0.0,"damage_taken":0.0},{"damage_healed":0,"gold_gain":100,"player_choice":"Gold","damage_taken":0,"max_hp_gain":0,"max_hp_loss":0,"event_name":"Wheel of Change","floor":8,"gold_loss":0},{"damage_healed":0,"gold_gain":0,"player_choice":"Fought Bandits","damage_taken":0,"max_hp_gain":0,"max_hp_loss":0,"event_name":"Masked Bandits","floor":20,"gold_loss":0}],"is_beta":false,"boss_relics":[{"not_picked":["Pandora\u0027s Box","Busted Crown"],"picked":"Mark of Pain"}],"items_purged_floors":[],"is_endless":false,"potions_floor_spawned":[5,7,12,14],"killed_by":"Sentry and Sphere","ascension_level":15}