{"gold_per_floor":[116,41,41,41,56,56,86,86,86,113,48,66,95,95,95,188,188,203,203,128,15,35,35,48,72,126,126,176,176,176,207,207,306,306,330,82,82,82,103,103,103],"floor_reached":41,"playtime":3049,"items_purged":["Strike_B","Defend_B"],"score":846,"play_id":"fc790aba-e2ce-4255-b314-703aba3cd62d","local_time":"20190326002430","is_ascension_mode":true,"campfire_choices":[{"data":"Beam Cell","floor":6.0,"key":"SMITH"},{"data":"Barrage","floor":8.0,"key":"SMITH"},{"data":"Zap","floor":15.0,"key":"SMITH"},{"floor":23.0,"key":"REST"},{"floor":27.0,"key":"REST"},{"floor":29.0,"key":"REST"},{"data":"Coolheaded","floor":32.0,"key":"SMITH"},{"floor":40,"key":"RECALL"}],"neow_cost":"NONE","seed_source_timestamp":16061347245600,"circlet_count":0,"master_deck":["AscendersBane","Defend_B+1","Defend_B+1","Zap+1","Dualcast+1","Coolheaded+1","Beam Cell+1","Barrage+1","Capacitor+1","ReplayTheSpireMod:Doomed","Cold Snap+1","Ball Lightning+1","Electrodynamics+1","Reprogram+1","Steam+1","Core Surge+1","Turbo+1","Recycle+1","ReplayTheSpireMod:Reroute Power+1","Reinforced Body+1","Chill+1","Ghostly+1","Ghostly+1","Ghostly+1","Fusion+1","Fission+1","Glacier+1","Crystallizer+1","Crystallizer+1","Hologram+1","Madness+1","Madness+1","Coolheaded+1"],"special_seed":0,"relics":["Runic Pyramid","Lantern","Kunai","Boot","ReplayTheSpireMod:CursedCoin","Blue Doll","Pantograph","Golden Idol","Astrolabe","Strawberry","Regal Pillow","Sozu","Replay:Wax Seal","Mark of the Bloom"],"potions_floor_usage":[39],"damage_taken":[{"damage":18.0,"enemies":"Small Slimes","floor":1.0,"turns":4.0},{"damage":0.0,"enemies":"Jaw Worm","floor":5.0,"turns":5.0},{"damage":29.0,"enemies":"Erikyupuro","floor":7.0,"turns":14.0},{"damage":9.0,"enemies":"Gremlin Nob","floor":10.0,"turns":3.0},{"damage":0.0,"enemies":"2 Louse","floor":12.0,"turns":3.0},{"damage":5.0,"enemies":"Erikyupuro","floor":13.0,"turns":9.0},{"damage":22.0,"enemies":"Fading Forest","floor":16.0,"turns":13.0},{"damage":25.0,"enemies":"2 Thieves","floor":18.0,"turns":3.0},{"damage":0.0,"enemies":"Chosen","floor":22.0,"turns":3.0},{"damage":39.0,"enemies":"Snecko","floor":24.0,"turns":7.0},{"damage":10.0,"enemies":"Centurion and Healer","floor":25.0,"turns":6.0},{"damage":4.0,"enemies":"Gremlin Leader","floor":31.0,"turns":7.0},{"damage":12,"enemies":"Collector","floor":33,"turns":14},{"damage":0,"enemies":"3 Shapes","floor":35,"turns":8},{"damage":16,"enemies":"3 Darklings","floor":39,"turns":8},{"damage":10,"enemies":"R_Hoarder","floor":41,"turns":8}],"seed_played":"-6604682967520817330","potions_obtained":[{"floor":5.0,"key":"SteroidPotion"},{"floor":10.0,"key":"Languid Potion"},{"floor":16.0,"key":"SkillPotion"},{"floor":22.0,"key":"SkillPotion"},{"floor":25.0,"key":"Fire Potion"},{"floor":33,"key":"LifebloodPotion"}],"is_trial":false,"path_per_floor":["M","$","?","?","M","R","E","R","T","E","$","M","E","?","R","B",null,"M","?","?","$","M","R","M","M","T","R","?","R","?","E","R","B",null,"M","$","?","?","M","R","E"],"character_chosen":"DEFECT","items_purchased":["ReplayTheSpireMod:CursedCoin","Blue Doll","Cold Snap","Recycle","Elixir","Replay:Wax Seal","Crystallizer","Hologram"],"campfire_rested":3,"item_purchase_floors":[11,11,11,21,21,36,36,36],"current_hp_per_floor":[46,46,46,69,69,69,40,40,40,31,31,31,26,26,26,45,59,34,34,34,34,34,53,14,4,11,32,32,53,35,31,31,23,32,32,32,26,26,10,10,0],"gold":103,"neow_bonus":"BOSS_RELIC","is_prod":false,"is_daily":false,"chose_seed":false,"campfire_upgraded":4,"win_rate":0,"timestamp":1553531070,"path_taken":["M","$","?","?","M","R","E","R","T","E","?","M","E","?","R","BOSS","M","?","?","$","M","R","M","M","T","R","?","R","?","E","R","BOSS","M","$","?","?","M","R","E"],"build_version":"2019-03-15","purchased_purges":2,"victory":false,"max_hp_per_floor":[71,71,71,71,71,71,71,71,71,71,71,71,71,64,64,64,64,64,64,64,64,64,64,64,64,71,71,71,71,35,35,35,35,35,35,35,35,35,35,35,35],"card_choices":[{"not_picked":["Cold Snap","Capacitor"],"picked":"Coolheaded","floor":1.0},{"not_picked":["Stack","Coolheaded"],"picked":"Beam Cell","floor":5.0},{"not_picked":["ReplaySort","Rebound"],"picked":"Barrage","floor":7.0},{"not_picked":["Compile Driver","Heatsinks"],"picked":"Capacitor","floor":10.0},{"not_picked":["BootSequence","Rebound"],"picked":"Ball Lightning","floor":12.0},{"not_picked":["Sweeping Beam","Force Field","Cold Snap"],"picked":"SKIP","floor":13.0},{"not_picked":["Buffer","Fission"],"picked":"Electrodynamics","floor":16.0},{"not_picked":["ReplayTheSpireMod:GoodbyeWorld","Hello World","Stack"],"picked":"SKIP","floor":18.0},{"not_picked":["Capacitor","Ball Lightning"],"picked":"ReplayTheSpireMod:Reroute Power+1","floor":22.0},{"not_picked":["Aggregate","Coolheaded"],"picked":"Reinforced Body+1","floor":24.0},{"not_picked":["Steam Power","Barrage"],"picked":"Chill","floor":25.0},{"not_picked":["Force Field","Rebound"],"picked":"Fusion+1","floor":31.0},{"not_picked":["Rainbow","ReplayTheSpireMod:Omega Cannon"],"picked":"Fission","floor":33},{"not_picked":["Barrage+1","Gash"],"picked":"Glacier+1","floor":35},{"not_picked":["Hologram+1","Cold Snap"],"picked":"Coolheaded+1","floor":39}],"player_experience":1289934,"relics_obtained":[{"floor":7.0,"key":"Lantern"},{"floor":9.0,"key":"Kunai"},{"floor":10.0,"key":"Boot"},{"floor":13.0,"key":"Pantograph"},{"floor":26.0,"key":"Strawberry"},{"floor":31.0,"key":"Regal Pillow"}],"event_choices":[{"damage_healed":0.0,"max_hp_gain":0.0,"max_hp_loss":0.0,"gold_gain":0.0,"event_name":"Liars Game","player_choice":"Ignored","floor":3.0,"gold_loss":0.0,"damage_taken":0.0},{"damage_healed":23.0,"max_hp_gain":0.0,"max_hp_loss":0.0,"gold_gain":0.0,"event_name":"Big Fish","player_choice":"Banana","floor":4.0,"gold_loss":0.0,"damage_taken":0.0},{"damage_healed":0.0,"max_hp_gain":0.0,"max_hp_loss":7.0,"gold_gain":0.0,"event_name":"Golden Idol","player_choice":"Lose Max HP","floor":14.0,"gold_loss":0.0,"damage_taken":0.0,"relics_obtained":["Golden Idol"]},{"damage_healed":0.0,"max_hp_gain":0.0,"max_hp_loss":0.0,"gold_gain":0.0,"event_name":"The Library","player_choice":"Read","floor":19.0,"gold_loss":0.0,"damage_taken":0.0,"cards_obtained":["Turbo"]},{"cards_removed":["Defend_B"],"damage_healed":0.0,"max_hp_gain":0.0,"max_hp_loss":0.0,"gold_gain":0.0,"event_name":"Beggar","player_choice":"Gave Gold","floor":20.0,"gold_loss":75.0,"damage_taken":0.0},{"damage_healed":0.0,"max_hp_gain":0.0,"max_hp_loss":0.0,"gold_gain":50.0,"event_name":"Nest","player_choice":"Stole From Cult","floor":28.0,"gold_loss":0.0,"damage_taken":0.0},{"damage_healed":0.0,"max_hp_gain":0.0,"max_hp_loss":36.0,"gold_gain":0.0,"event_name":"Ghosts","player_choice":"Became a Ghost","floor":30.0,"gold_loss":0.0,"damage_taken":0.0,"cards_obtained":["Ghostly","Ghostly","Ghostly"]},{"damage_healed":0,"gold_gain":0,"player_choice":"Embrace Madness","damage_taken":6,"max_hp_gain":0,"max_hp_loss":0,"event_name":"Winding Halls","floor":37,"gold_loss":0,"cards_obtained":["Madness","Madness"]},{"damage_healed":0,"gold_gain":0,"player_choice":"Upgrade","damage_taken":0,"relics_obtained":["Mark of the Bloom"],"max_hp_gain":0,"max_hp_loss":0,"event_name":"MindBloom","floor":38,"gold_loss":0,"cards_upgraded":["Defend_B","Defend_B","Dualcast","Capacitor","Cold Snap","Ball Lightning","Electrodynamics","Turbo","Recycle","Chill","Ghostly","Ghostly","Ghostly","Fission","Crystallizer","Crystallizer","Hologram","Madness","Madness"]}],"is_beta":true,"boss_relics":[{"not_picked":["Runic Dome","Replay:Bronze Core"],"picked":"Astrolabe"},{"not_picked":["Black Star","ReplayTheSpireMod:DimensionalGlitch"],"picked":"Sozu"}],"items_purged_floors":[2,36],"is_endless":false,"potions_floor_spawned":[5,10,16,22,25,33,35,39],"killed_by":"R_Hoarder","ascension_level":20}