{"gold_per_floor":[115,131,20,35,35,35,68,68,68,100,100,114,131,131,131,227,227,238,238,249,249,265,292,292,305,328,342,361,286,66,86,86,181,181,194,194,204,54,66,66,93,93,93,128,3,103,123,123,123,123,123,123,23,57,57],"floor_reached":55,"playtime":6484,"items_purged":["Strike_G","Defend_G","Defend_G"],"score":820,"play_id":"74b04045-5fd2-48ca-bee1-87f77d4f2109","local_time":"20190106031732","is_ascension_mode":true,"campfire_choices":[{"data":"A Thousand Cuts","floor":6,"key":"SMITH"},{"data":"Neutralize","floor":11,"key":"SMITH"},{"data":"Terror","floor":15,"key":"SMITH"},{"data":"After Image","floor":24,"key":"SMITH"},{"floor":32,"key":"REST"},{"floor":40,"key":"RECALL"},{"data":"Endless Agony","floor":42,"key":"SMITH"},{"data":"Escape Plan","floor":49,"key":"SMITH"},{"data":"Well Laid Plans","floor":52,"key":"SMITH"}],"neow_cost":"NONE","seed_source_timestamp":16323627263396,"circlet_count":0,"master_deck":["Survivor","Neutralize+1","Dagger Spray+1","A Thousand Cuts+1","All Out Attack","Terror+1","Escape Plan+1","Backflip+1","Blur+1","Flying Knee","Bouncing Flask+1","After Image+1","Blade Dance+1","Necronomicurse","Slice","Blade Dance+1","Burst+1","Dash+1","Deflect+1","Riddle With Holes+1","Backstab","Well Laid Plans+1","Venomology+1","Adrenaline+1","Quick Slash+1","PiercingWail+1","Expertise+1","Dagger Spray+1","Sucker Punch+1","Backstab","Endless Agony+1","Slice","Deflect+1","Backstab+1","Riddle With Holes+1"],"relics":["Ring of the Snake","The Specimen","Toxic Egg 2","Bag of Marbles","WristBlade","Necronomicon","Ancient Tea Set","Astrolabe","Potion Belt","Gremlin Horn","Pear","Sundial","Peace Pipe","Whetstone"],"potions_floor_usage":[7,10,10,16,22,28,33,33,39,41,41,41,41,41,46,46,47,47,50,50,50,54,54,55,55,55,55,55,55,55,55,55],"damage_taken":[{"damage":5,"enemies":"Jaw Worm","floor":1,"turns":6},{"damage":4,"enemies":"Cultist","floor":2,"turns":4},{"damage":0,"enemies":"Small Slimes","floor":4,"turns":3},{"damage":28,"enemies":"Lagavulin","floor":7,"turns":6},{"damage":10,"enemies":"Gremlin Nob","floor":10,"turns":5},{"damage":0,"enemies":"Red Slaver","floor":12,"turns":4},{"damage":4,"enemies":"3 Louse","floor":13,"turns":2},{"damage":7,"enemies":"The Guardian","floor":16,"turns":7},{"damage":2,"enemies":"Shell Parasite","floor":18,"turns":5},{"damage":0,"enemies":"3 Byrds","floor":20,"turns":4},{"damage":2,"enemies":"Snake Plant","floor":22,"turns":4},{"damage":11,"enemies":"Gremlin Leader","floor":23,"turns":4},{"damage":3,"enemies":"Centurion and Healer","floor":25,"turns":4},{"damage":0,"enemies":"Shelled Parasite and Fungi","floor":27,"turns":3},{"damage":8,"enemies":"Chosen and Byrds","floor":28,"turns":4},{"damage":0,"enemies":"Cultist and Chosen","floor":31,"turns":3},{"damage":27,"enemies":"Champ","floor":33,"turns":7},{"damage":31,"enemies":"3 Shapes","floor":35,"turns":2},{"damage":0,"enemies":"Orb Walker","floor":37,"turns":1},{"damage":0,"enemies":"3 Darklings","floor":39,"turns":3},{"damage":0,"enemies":"Giant Head","floor":41,"turns":6},{"damage":0,"enemies":"Reptomancer","floor":44,"turns":3},{"damage":4,"enemies":"Mind Bloom Boss Battle","floor":46,"turns":4},{"damage":3,"enemies":"4 Shapes","floor":47,"turns":3},{"damage":6,"enemies":"Awakened One","floor":50,"turns":6},{"damage":33,"enemies":"Shield and Spear","floor":54,"turns":6},{"damage":56,"enemies":"The Heart","floor":55,"turns":6}],"seed_played":"-8704040719192396105","potions_obtained":[{"floor":2,"key":"EntropicBrew"},{"floor":12,"key":"Poison Potion"},{"floor":13,"key":"EntropicBrew"},{"floor":18,"key":"GhostInAJar"},{"floor":22,"key":"GhostInAJar"},{"floor":23,"key":"PowerPotion"},{"floor":31,"key":"Strength Potion"},{"floor":39,"key":"Fire Potion"},{"floor":41,"key":"EntropicBrew"},{"floor":44,"key":"Swift Potion"},{"floor":47,"key":"SteroidPotion"}],"is_trial":false,"path_per_floor":["M","M","$","M","$","R","E","?","T","E","R","M","M","?","R","B",null,"M","?","M","?","M","E","R","M","T","M","M","?","$","M","R","B",null,"M","?","M","$","M","R","E","R","T","E","$","?","M","$","R","B",null,"R","$","E","B"],"character_chosen":"THE_SILENT","items_purchased":["All Out Attack","Backstab","Well Laid Plans","Potion Belt","Weak Potion","Energy Potion"],"campfire_rested":1,"item_purchase_floors":[3,30,30,38,53,53],"current_hp_per_floor":[65,61,61,61,61,61,33,70,70,60,60,60,56,56,56,49,70,68,52,52,52,50,39,39,36,36,36,28,28,28,28,49,22,70,39,39,39,39,39,39,51,51,61,61,61,57,54,54,54,62,80,80,80,47,0],"gold":57,"neow_bonus":"RANDOM_COLORLESS","is_prod":false,"is_daily":false,"chose_seed":false,"campfire_upgraded":7,"win_rate":0,"timestamp":1546751852,"path_taken":["M","M","$","M","$","R","E","?","T","E","R","?","M","?","R","BOSS","M","?","M","?","M","E","R","?","T","M","M","?","$","M","R","BOSS","M","?","M","$","M","R","E","R","T","E","?","?","M","?","R","BOSS","R","$","E","BOSS"],"build_version":"2019-01-03v4","purchased_purges":3,"victory":false,"max_hp_per_floor":[70,70,70,70,70,70,70,70,70,70,70,70,70,70,70,70,70,70,70,70,70,70,70,70,70,70,70,70,70,70,70,70,70,70,70,70,70,70,70,70,70,70,80,80,80,80,80,80,80,80,80,80,80,80,80],"card_choices":[{"not_picked":["Masterful Stab","Deflect"],"picked":"Dagger Spray","floor":1},{"not_picked":["Prepared","Deflect"],"picked":"A Thousand Cuts","floor":2},{"not_picked":["Deadly Poison","Riddle With Holes"],"picked":"Terror","floor":4},{"not_picked":["Dagger Spray","Underhanded Strike"],"picked":"Escape Plan","floor":7},{"not_picked":["Heel Hook","Leg Sweep+1"],"picked":"Backflip+1","floor":10},{"not_picked":["PiercingWail+1","Leg Sweep+1"],"picked":"Blur+1","floor":12},{"not_picked":["Dodge and Roll+1","PiercingWail+1"],"picked":"Flying Knee","floor":13},{"not_picked":["Glass Knife","Unload"],"picked":"After Image","floor":16},{"not_picked":["Deadly Poison+1","Flying Knee+1"],"picked":"Blade Dance+1","floor":18},{"not_picked":["Prepared+1","Poisoned Stab+1"],"picked":"Slice","floor":20},{"not_picked":["Backflip+1","Calculated Gamble+1"],"picked":"Blade Dance+1","floor":22},{"not_picked":["Underhanded Strike","Dagger Throw+1"],"picked":"Burst+1","floor":23},{"not_picked":["Underhanded Strike","Predator"],"picked":"Dash+1","floor":25},{"not_picked":["Deadly Poison+1","Flying Knee"],"picked":"Deflect+1","floor":27},{"not_picked":["Dagger Throw+1","Dagger Spray+1"],"picked":"Riddle With Holes+1","floor":28},{"not_picked":["Acrobatics+1","Crippling Poison+1"],"picked":"Venomology+1","floor":31},{"not_picked":["Corpse Explosion+1","Envenom"],"picked":"Adrenaline+1","floor":33},{"not_picked":["Prepared+1","Predator"],"picked":"Dagger Spray+1","floor":35},{"not_picked":["Calculated Gamble+1","Dagger Spray+1"],"picked":"Sucker Punch+1","floor":37},{"not_picked":["Flying Knee+1","Poisoned Stab"],"picked":"Backstab","floor":39},{"not_picked":["Heel Hook","Footwork+1"],"picked":"Endless Agony","floor":41},{"not_picked":["Expertise+1","Night Terror+1"],"picked":"Slice","floor":44},{"not_picked":["Outmaneuver+1","Deadly Poison+1"],"picked":"Deflect+1","floor":46},{"not_picked":["Eviscerate+1","Bane"],"picked":"Backstab","floor":47},{"not_picked":["Tactician+1","Flying Knee"],"picked":"Riddle With Holes+1","floor":54}],"player_experience":63743,"relics_obtained":[{"floor":7,"key":"The Specimen"},{"floor":9,"key":"Toxic Egg 2"},{"floor":10,"key":"Bag of Marbles"},{"floor":19,"key":"Necronomicon"},{"floor":23,"key":"Ancient Tea Set"},{"floor":41,"key":"Gremlin Horn"},{"floor":43,"key":"Pear"},{"floor":44,"key":"Sundial"},{"floor":46,"key":"Peace Pipe"},{"floor":54,"key":"Whetstone"}],"event_choices":[{"cards_removed":["Forethought"],"damage_healed":37,"gold_gain":0,"player_choice":"Offered Uncommon","damage_taken":0,"max_hp_gain":0,"max_hp_loss":0,"event_name":"Bonfire Elementals","floor":8,"gold_loss":0},{"damage_healed":0,"gold_gain":0,"cards_transformed":["Defend_G"],"player_choice":"Transformed","damage_taken":0,"max_hp_gain":0,"max_hp_loss":0,"event_name":"Transmorgrifier","floor":14,"gold_loss":0,"cards_obtained":["Bouncing Flask"]},{"damage_healed":0,"gold_gain":0,"player_choice":"Obtained Book","damage_taken":16,"max_hp_gain":0,"max_hp_loss":0,"event_name":"Cursed Tome","floor":19,"gold_loss":0},{"cards_removed":["Defend_G"],"damage_healed":0,"gold_gain":0,"player_choice":"Card Removal","damage_taken":0,"max_hp_gain":0,"max_hp_loss":0,"event_name":"Wheel of Change","floor":21,"gold_loss":0},{"cards_removed":["Strike_G"],"damage_healed":0,"gold_gain":0,"player_choice":"Gave Gold","damage_taken":0,"max_hp_gain":0,"max_hp_loss":0,"event_name":"Beggar","floor":29,"gold_loss":75},{"cards_removed":["Strike_G"],"damage_healed":0,"gold_gain":0,"player_choice":"Purged","damage_taken":0,"max_hp_gain":0,"max_hp_loss":0,"event_name":"Purifier","floor":36,"gold_loss":0},{"damage_healed":0,"gold_gain":0,"player_choice":"Fight","damage_taken":0,"max_hp_gain":0,"max_hp_loss":0,"event_name":"MindBloom","floor":46,"gold_loss":0}],"is_beta":false,"boss_relics":[{"not_picked":["Fusion Hammer","Runic Dome"],"picked":"WristBlade"},{"not_picked":["Calling Bell","Philosopher\u0027s Stone"],"picked":"Astrolabe"}],"items_purged_floors":[3,30,45],"is_endless":false,"potions_floor_spawned":[2,12,13,18,22,23,31,39,41,44,47],"killed_by":"The Heart","ascension_level":1}