{"gold_per_floor":[109,34,53,53,53,86,103,131,431,450,450,482,498,22,22,22],"floor_reached":16,"playtime":387,"items_purged":["Strike_G"],"score":290,"play_id":"596ff9b6-4598-4d32-845a-fb772f4272fe","local_time":"20181201020620","is_ascension_mode":true,"campfire_choices":[{"data":"Blade Dance","floor":11.0,"key":"SMITH"},{"data":"Tactician","floor":15.0,"key":"SMITH"}],"neow_cost":"NONE","seed_source_timestamp":14117527201333,"circlet_count":0,"master_deck":["AscendersBane","Defend_G","Defend_G","Defend_G","Defend_G","Defend_G","Strike_G","Strike_G","Strike_G","Survivor","Neutralize","Tactician+1","Finisher","Terror","Blade Dance+1","Backstab","Acrobatics"],"special_seed":0,"relics":["Ring of the Snake","NeowsBlessing","Ginger","Mercury Hourglass","Ancient Tea Set","Old Coin","Meat on the Bone","Peace Pipe"],"potions_floor_usage":[],"damage_taken":[{"damage":0.0,"enemies":"Small Slimes","floor":1.0,"turns":1.0},{"damage":0.0,"enemies":"2 Louse","floor":3.0,"turns":1.0},{"damage":0.0,"enemies":"3 Sentries","floor":6.0,"turns":2.0},{"damage":1.0,"enemies":"Cultist","floor":7.0,"turns":4.0},{"damage":27.0,"enemies":"Lagavulin","floor":8.0,"turns":5.0},{"damage":0.0,"enemies":"Blue Slaver","floor":10.0,"turns":2.0},{"damage":30.0,"enemies":"Gremlin Nob","floor":12.0,"turns":4.0},{"damage":0.0,"enemies":"Large Slime","floor":13.0,"turns":2.0},{"damage":33,"enemies":"Slime Boss","floor":16,"turns":6}],"seed_played":"-8187419344786588731","potions_obtained":[{"floor":3.0,"key":"AttackPotion"},{"floor":7.0,"key":"Strength Potion"},{"floor":10.0,"key":"Energy Potion"},{"floor":12.0,"key":"GamblersBrew"},{"floor":13.0,"key":"FairyPotion"}],"is_trial":false,"path_per_floor":["M","?","M","?","$","E","M","E","T","M","R","E","M","$","R","B"],"character_chosen":"THE_SILENT","items_purchased":["Acrobatics","Peace Pipe"],"campfire_rested":0,"item_purchase_floors":[14,14],"current_hp_per_floor":[59,59,59,59,59,59,58,31,31,31,31,1,13,13,13,6],"gold":22,"neow_bonus":"THREE_ENEMY_KILL","is_prod":false,"is_daily":false,"chose_seed":false,"campfire_upgraded":2,"win_rate":0,"timestamp":1543601180,"path_taken":["M","?","M","?","$","E","M","E","T","?","R","E","M","$","R","BOSS"],"build_version":"2018-11-15","purchased_purges":1,"victory":false,"max_hp_per_floor":[66,66,66,66,66,66,66,66,66,66,66,66,66,66,66,66],"card_choices":[{"not_picked":["Flying Knee","Prepared","Distraction"],"picked":"SKIP","floor":1.0},{"not_picked":["Bouncing Flask","Underhanded Strike"],"picked":"Tactician","floor":3.0},{"not_picked":["Riddle With Holes","Bane","Dodge and Roll"],"picked":"SKIP","floor":6.0},{"not_picked":["Riddle With Holes","Bane","Dodge and Roll"],"picked":"SKIP","floor":6.0},{"not_picked":["Poisoned Stab","Sucker Punch"],"picked":"Finisher","floor":7.0},{"not_picked":["Choke","Dagger Throw"],"picked":"Terror","floor":8.0},{"not_picked":["Deflect","Noxious Fumes"],"picked":"Blade Dance","floor":10.0},{"not_picked":["Leg Sweep","Dagger Throw","Wraith Form v2"],"picked":"SKIP","floor":12.0},{"not_picked":["Backflip","Cloak And Dagger"],"picked":"Backstab","floor":13.0}],"player_experience":2227685,"relics_obtained":[{"floor":6.0,"key":"Mercury Hourglass"},{"floor":8.0,"key":"Ancient Tea Set"},{"floor":9.0,"key":"Old Coin"},{"floor":12.0,"key":"Meat on the Bone"}],"event_choices":[{"cards_removed":["Strike_G"],"damage_healed":0.0,"max_hp_gain":0.0,"max_hp_loss":0.0,"gold_gain":0.0,"event_name":"The Cleric","player_choice":"Card Removal","floor":2.0,"gold_loss":75.0,"damage_taken":0.0},{"damage_healed":0.0,"max_hp_gain":0.0,"max_hp_loss":0.0,"gold_gain":0.0,"event_name":"WeMeetAgain","player_choice":"Gave Potion","floor":4.0,"gold_loss":0.0,"damage_taken":0.0,"relics_obtained":["Ginger"]}],"is_beta":false,"boss_relics":[],"items_purged_floors":[14],"is_endless":false,"potions_floor_spawned":[3,7,10,12,13],"killed_by":"Slime Boss","ascension_level":20}