{"gold_per_floor":[112,127,145,63,63,63,95,122,122,122,122,71,88,102,102,206,206,226,215,72,72],"floor_reached":21,"playtime":730,"items_purged":[],"score":224,"play_id":"8d984d31-b57a-4166-bc47-18cfc35bd478","local_time":"20180723235014","is_ascension_mode":true,"campfire_choices":[{"data":"Caltrops","floor":6,"key":"SMITH"},{"data":"Footwork","floor":10,"key":"SMITH"},{"floor":15,"key":"REST"}],"neow_cost":"NONE","seed_source_timestamp":403233322111900,"circlet_count":0,"master_deck":["Defend_G","Defend_G+1","Defend_G","Defend_G","Defend_G","Strike_G+1","Strike_G+1","Strike_G+1","Strike_G","Strike_G","Survivor","Neutralize","Dagger Spray","Dodge and Roll","Caltrops+1","Footwork+1","Backstab","Backflip","Caltrops","Tools of the Trade","Footwork"],"relics":["Philosopher\u0027s Stone","Ancient Tea Set","Whetstone","Happy Flower","Lantern","WristBlade","Anchor"],"potions_floor_usage":[7,18,19,21],"damage_taken":[{"damage":0,"enemies":"Cultist","floor":1,"turns":4},{"damage":0,"enemies":"Jaw Worm","floor":2,"turns":3},{"damage":1,"enemies":"2 Louse","floor":3,"turns":2},{"damage":10,"enemies":"Lagavulin","floor":7,"turns":10},{"damage":23,"enemies":"Exordium Wildlife","floor":13,"turns":4},{"damage":0,"enemies":"2 Fungi Beasts","floor":14,"turns":3},{"damage":24,"enemies":"The Guardian","floor":16,"turns":13},{"damage":43,"enemies":"3 Byrds","floor":18,"turns":5},{"damage":12,"enemies":"2 Thieves","floor":19,"turns":4},{"damage":6,"enemies":"Centurion and Healer","floor":21,"turns":1}],"seed_played":"3235092340640327012","potions_obtained":[{"floor":1,"key":"Ancient Potion"},{"floor":16,"key":"EssenceOfSteel"},{"floor":18,"key":"Explosive Potion"},{"floor":19,"key":"PowerPotion"}],"is_trial":false,"path_per_floor":["M","M","M","$","?","R","E","T","T","R","?","$","M","M","R","B",null,"M","M","$"],"character_chosen":"THE_SILENT","items_purchased":["Footwork","Backflip","Anchor"],"campfire_rested":1,"item_purchase_floors":[4,12,20],"current_hp_per_floor":[70,70,69,69,62,62,52,52,52,52,38,38,15,15,36,12,56,13,1,1,0],"gold":72,"neow_bonus":"BOSS_RELIC","is_prod":false,"is_daily":false,"chose_seed":false,"campfire_upgraded":2,"win_rate":0,"timestamp":1532382614,"path_taken":["M","M","M","$","?","R","E","?","T","R","?","$","M","M","R","BOSS","M","M","$","M"],"build_version":"2018-07-19v2","purchased_purges":0,"victory":false,"max_hp_per_floor":[70,70,70,70,70,70,70,70,70,70,70,70,70,70,70,70,70,70,70,70,70],"card_choices":[{"not_picked":["Deflect","Dagger Throw"],"picked":"Dagger Spray","floor":1},{"not_picked":["Acrobatics","Deflect"],"picked":"Dodge and Roll","floor":2},{"not_picked":["Reflex","Quick Slash"],"picked":"Caltrops","floor":3},{"not_picked":["Envenom","Distraction"],"picked":"Backstab","floor":7},{"not_picked":["Flying Knee","Acrobatics"],"picked":"Caltrops","floor":13},{"not_picked":["Cloak And Dagger","Choke","Quick Slash"],"picked":"SKIP","floor":14},{"not_picked":["Venomology","Glass Knife"],"picked":"Tools of the Trade","floor":16},{"not_picked":["Terror+1","Acrobatics","Poisoned Stab"],"picked":"SKIP","floor":18},{"not_picked":["Backflip+1","Prepared+1"],"picked":"Footwork","floor":19}],"player_experience":190056,"relics_obtained":[{"floor":7,"key":"Whetstone"},{"floor":8,"key":"Happy Flower"},{"floor":9,"key":"Lantern"}],"event_choices":[{"event_name":"Scrap Ooze","player_choice":"success","floor":5,"damage_taken":7},{"event_name":"Shining Light","player_choice":"Entered Light","floor":11,"damage_taken":0}],"is_beta":false,"boss_relics":[{"not_picked":["Calling Bell","Runic Dome"],"picked":"WristBlade"}],"items_purged_floors":[],"is_endless":false,"potions_floor_spawned":[1,16,18,19],"killed_by":"Centurion and Healer","ascension_level":5}