{"gold_per_floor":[109,31,31,51,71,71,92,92,92,117,30,30,51,51,51,51],"floor_reached":16,"playtime":425,"items_purged":[],"score":162,"play_id":"301ff3e8-22d4-4830-b4ed-a59961c0974c","local_time":"20181109223545","is_ascension_mode":true,"campfire_choices":[{"data":"Searing Blow","floor":6,"key":"SMITH"},{"data":"Searing Blow+1","floor":8,"key":"SMITH"},{"data":"Searing Blow+2","floor":12,"key":"SMITH"},{"data":"Searing Blow+3","floor":15,"key":"SMITH"}],"neow_cost":"TEN_PERCENT_HP_LOSS","seed_source_timestamp":348286492971335,"circlet_count":0,"master_deck":["AscendersBane","Strike_R","Strike_R","Strike_R","Defend_R","Defend_R","Defend_R","Defend_R","Bash","Rage","Bloodletting","Rupture","Searing Blow+4","Headbutt","Carnage","Corruption"],"relics":["Burning Blood","Golden Idol","Gremlin Horn","Omamori","Bag of Marbles"],"potions_floor_usage":[16],"damage_taken":[{"damage":10,"enemies":"2 Louse","floor":1,"turns":3},{"damage":2,"enemies":"Jaw Worm","floor":4,"turns":4},{"damage":15,"enemies":"Small Slimes","floor":5,"turns":4},{"damage":19,"enemies":"2 Fungi Beasts","floor":7,"turns":4},{"damage":12,"enemies":"Looter","floor":13,"turns":3},{"damage":18,"enemies":"The Guardian","floor":16,"turns":7}],"seed_played":"-4877368729924227475","potions_obtained":[{"floor":1,"key":"SteroidPotion"},{"floor":4,"key":"SkillPotion"},{"floor":7,"key":"Strength Potion"}],"is_trial":false,"path_per_floor":["M","$","?","M","M","R","M","R","T","T","$","R","M","?","R","B"],"character_chosen":"IRONCLAD","items_purchased":["Searing Blow","Corruption"],"campfire_rested":0,"item_purchase_floors":[2,11],"current_hp_per_floor":[64,64,41,45,36,36,23,23,23,23,23,23,17,17,17,0],"gold":51,"neow_bonus":"TRANSFORM_TWO_CARDS","is_prod":false,"is_daily":false,"chose_seed":false,"campfire_upgraded":4,"win_rate":0,"timestamp":1541799345,"path_taken":["M","$","?","M","M","R","M","R","T","?","$","R","M","?","R","BOSS"],"build_version":"2018-11-08","purchased_purges":0,"victory":false,"max_hp_per_floor":[68,68,68,68,68,68,68,68,68,68,68,68,68,68,68,68],"card_choices":[{"not_picked":["Body Slam","Warcry"],"picked":"Rupture","floor":1},{"not_picked":["Anger","Rampage","Perfected Strike"],"picked":"SKIP","floor":4},{"not_picked":["Warcry","Sword Boomerang"],"picked":"Headbutt","floor":5},{"not_picked":["Thunderclap","Seeing Red"],"picked":"Carnage","floor":7},{"not_picked":["Dropkick","Hemokinesis","Body Slam"],"picked":"SKIP","floor":13}],"player_experience":321421,"relics_obtained":[{"floor":9,"key":"Gremlin Horn"},{"floor":10,"key":"Omamori"}],"event_choices":[{"damage_healed":0,"gold_gain":0,"player_choice":"Take Damage","damage_taken":23,"relics_obtained":["Golden Idol"],"max_hp_gain":0,"max_hp_loss":0,"event_name":"Golden Idol","floor":3,"gold_loss":0},{"damage_healed":0,"gold_gain":0,"player_choice":"Box","damage_taken":0,"relics_obtained":["Bag of Marbles"],"max_hp_gain":0,"max_hp_loss":0,"event_name":"Big Fish","floor":14,"gold_loss":0,"cards_obtained":["Regret"]}],"is_beta":false,"boss_relics":[],"items_purged_floors":[],"is_endless":false,"potions_floor_spawned":[1,4,7],"killed_by":"The Guardian","ascension_level":16}