{"gold_per_floor":[209,224,236,256,268,285,350,382,382,53,82,82,82,96,96,195,195,181,197,209,229,229,229,319,348,402,402],"floor_reached":27,"playtime":3111,"items_purged":[],"score":247,"play_id":"bc22ebc6-2f16-43d4-80ac-9e7b9a5f6648","local_time":"20190506204857","is_ascension_mode":false,"campfire_choices":[{"floor":12,"key":"REST"},{"data":"Seeing Red","floor":15,"key":"SMITH"},{"floor":23,"key":"REST"}],"neow_cost":"NONE","seed_source_timestamp":17344128805350,"circlet_count":0,"master_deck":["Strike_R","Strike_R","Strike_R+1","Strike_R","Strike_R","Defend_R","Defend_R","Defend_R","Defend_R","Bash+1","Armaments","Clash","Inflame","Rampage","True Grit","Pommel Strike","Clothesline","Pommel Strike","Twin Strike","Sword Boomerang","Flame Barrier","Sword Boomerang","Seeing Red+1","Offering","Inflame+1","Cleave+1","Clothesline","Bludgeon","Blood for Blood+1","Clash+1","Perfected Strike","Shockwave+1","Headbutt"],"relics":["Burning Blood","Prayer Wheel","Bronze Scales","Ornamental Fan","Paper Frog","Whetstone","Black Star","Magic Flower","Toxic Egg 2","Pen Nib"],"potions_floor_usage":[4,7,16],"damage_taken":[{"damage":3,"enemies":"2 Louse","floor":1,"turns":3},{"damage":7,"enemies":"Small Slimes","floor":2,"turns":5},{"damage":1,"enemies":"Cultist","floor":3,"turns":4},{"damage":0,"enemies":"Large Slime","floor":4,"turns":4},{"damage":5,"enemies":"Looter","floor":5,"turns":3},{"damage":4,"enemies":"Red Slaver","floor":6,"turns":3},{"damage":20,"enemies":"Gremlin Nob","floor":7,"turns":4},{"damage":25,"enemies":"Gremlin Nob","floor":8,"turns":4},{"damage":24,"enemies":"3 Sentries","floor":11,"turns":6},{"damage":2,"enemies":"Exordium Thugs","floor":14,"turns":3},{"damage":19,"enemies":"Slime Boss","floor":16,"turns":7},{"damage":7,"enemies":"2 Thieves","floor":18,"turns":4},{"damage":12,"enemies":"3 Byrds","floor":19,"turns":4},{"damage":26,"enemies":"Snake Plant","floor":20,"turns":4},{"damage":13,"enemies":"Snecko","floor":21,"turns":3},{"damage":9,"enemies":"Gremlin Leader","floor":25,"turns":3},{"damage":43,"enemies":"Slavers","floor":27,"turns":3}],"seed_played":"-5756568386767735345","potions_obtained":[{"floor":1,"key":"Block Potion"},{"floor":2,"key":"Regen Potion"},{"floor":3,"key":"SmokeBomb"},{"floor":5,"key":"GamblersBrew"},{"floor":11,"key":"LiquidBronze"},{"floor":16,"key":"GamblersBrew"},{"floor":20,"key":"GamblersBrew"}],"is_trial":false,"path_per_floor":["M","M","M","M","M","M","?","E","T","$","E","R","?","M","R","B",null,"M","M","M","M","?","R","?","E","T","E"],"character_chosen":"IRONCLAD","items_purchased":["Paper Frog","Twin Strike","Sword Boomerang"],"campfire_rested":2,"item_purchase_floors":[10,10,10],"current_hp_per_floor":[80,79,80,80,80,80,70,51,51,51,33,57,57,61,61,48,80,79,73,53,46,46,70,54,51,51,8],"gold":402,"neow_bonus":"HUNDRED_GOLD","is_prod":false,"is_daily":false,"chose_seed":false,"campfire_upgraded":1,"win_rate":0.0,"timestamp":1557143337,"path_taken":["M","M","M","M","M","M","?","E","T","$","E","R","?","M","R","BOSS","M","M","M","M","?","R","?","E","T","E"],"build_version":"2019-01-23","purchased_purges":0,"victory":false,"max_hp_per_floor":[80,80,80,80,80,80,80,80,80,80,80,80,80,80,80,80,80,80,80,80,80,80,80,80,80,80,80],"card_choices":[{"not_picked":["Hemokinesis","Twin Strike"],"picked":"Armaments","floor":1},{"not_picked":["Warcry","True Grit"],"picked":"Clash","floor":2},{"not_picked":["Disarm","Thunderclap"],"picked":"Inflame","floor":3},{"not_picked":["Anger","Headbutt"],"picked":"Rampage","floor":4},{"not_picked":["Bloodletting","Second Wind"],"picked":"True Grit","floor":5},{"not_picked":["Iron Wave","Juggernaut"],"picked":"Pommel Strike","floor":6},{"not_picked":["Disarm","Shrug It Off"],"picked":"Clothesline","floor":7},{"not_picked":["Pummel","Thunderclap"],"picked":"Pommel Strike","floor":8},{"not_picked":["Fire Breathing","Dual Wield"],"picked":"Flame Barrier","floor":11},{"not_picked":["Searing Blow","Iron Wave"],"picked":"Sword Boomerang","floor":14},{"not_picked":["Blood for Blood","Clash"],"picked":"Seeing Red","floor":14},{"not_picked":["Juggernaut","Dark Embrace"],"picked":"Offering","floor":16},{"not_picked":["Intimidate","Rampage"],"picked":"Inflame+1","floor":18},{"not_picked":["Warcry","Twin Strike"],"picked":"Cleave+1","floor":18},{"not_picked":["Pommel Strike","Iron Wave"],"picked":"Clothesline","floor":19},{"not_picked":["Armaments","Body Slam"],"picked":"Bludgeon","floor":19},{"not_picked":["Burning Pact","Rupture"],"picked":"Blood for Blood+1","floor":20},{"not_picked":["Body Slam","Sever Soul"],"picked":"Clash+1","floor":20},{"not_picked":["Thunderclap","Spot Weakness"],"picked":"Perfected Strike","floor":21},{"not_picked":["Iron Wave","Flex"],"picked":"Shockwave+1","floor":21},{"not_picked":["Ghostly Armor","Power Through"],"picked":"Headbutt","floor":25}],"player_experience":16350,"relics_obtained":[{"floor":7,"key":"Prayer Wheel"},{"floor":8,"key":"Bronze Scales"},{"floor":9,"key":"Ornamental Fan"},{"floor":11,"key":"Whetstone"},{"floor":25,"key":"Magic Flower"},{"floor":25,"key":"Toxic Egg 2"},{"floor":26,"key":"Pen Nib"}],"event_choices":[{"damage_healed":0,"gold_gain":0,"player_choice":"Searched \u00272\u0027 times","damage_taken":0,"max_hp_gain":0,"max_hp_loss":0,"event_name":"Dead Adventurer","floor":7,"gold_loss":0},{"damage_healed":0,"gold_gain":0,"player_choice":"Ignored","damage_taken":0,"max_hp_gain":0,"max_hp_loss":0,"event_name":"Liars Game","floor":13,"gold_loss":0},{"damage_healed":0,"gold_gain":0,"player_choice":"Ignored","damage_taken":0,"max_hp_gain":0,"max_hp_loss":0,"event_name":"Ghosts","floor":22,"gold_loss":0},{"damage_healed":0,"gold_gain":90,"player_choice":"GOLD ","damage_taken":16,"max_hp_gain":0,"max_hp_loss":0,"event_name":"Knowing Skull","floor":24,"potions_obtained":[],"gold_loss":0,"cards_obtained":[]}],"is_beta":false,"boss_relics":[{"not_picked":["Astrolabe","Coffee Dripper"],"picked":"Black Star"}],"items_purged_floors":[],"is_endless":false,"potions_floor_spawned":[1,2,3,5,11,16,20],"killed_by":"Slavers","ascension_level":0}