{"gold_per_floor":[115,265,277,28,28,28,39,53,77,103,118,148,167,184,184,262,262,273,4,4,36,36,36,66,66,92,110,110,127,147,179,179,179],"floor_reached":33,"playtime":1407,"items_purged":["Doubt","Strike_B"],"score":520,"play_id":"1a5351dd-78a4-4ed4-a684-2a367b4b46a5","local_time":"20181006203902","is_ascension_mode":true,"campfire_choices":[{"data":"Dualcast","floor":6.0,"key":"SMITH"},{"floor":15.0,"key":"REST"},{"floor":23.0,"key":"REST"},{"data":"Defragment","floor":25.0,"key":"SMITH"},{"data":"Storm","floor":32.0,"key":"SMITH"}],"neow_cost":"PERCENT_DAMAGE","seed_source_timestamp":45683953413178,"circlet_count":0,"master_deck":["Strike_B+1","Strike_B+1","Strike_B+1","Defend_B+1","Defend_B+1","Defend_B+1","Defend_B+1","Zap+1","Dualcast+1","AscendersBane","Electrodynamics","Coolheaded","Conserve Battery","Capacitor","Ball Lightning","Leap","Genetic Algorithm","Barrage","Defragment+1","Storm+1","Coolheaded","Compile Driver","Steam","Amplify","Go for the Eyes+1","Leap","Conserve Battery","Steam Power+1","Glacier+1","BootSequence"],"special_seed":0,"relics":["Cracked Core","Happy Flower","Pen Nib","Incense Burner","Inserter","Strawberry","Red Mask","Orichalcum","Lantern","Symbiotic Virus"],"potions_floor_usage":[33],"damage_taken":[{"damage":3.0,"enemies":"2 Louse","floor":1.0,"turns":2.0},{"damage":6.0,"enemies":"Jaw Worm","floor":3.0,"turns":4.0},{"damage":0.0,"enemies":"Cultist","floor":7.0,"turns":3.0},{"damage":0.0,"enemies":"2 Fungi Beasts","floor":8.0,"turns":2.0},{"damage":5.0,"enemies":"Lagavulin","floor":10.0,"turns":8.0},{"damage":0.0,"enemies":"Exordium Thugs","floor":11.0,"turns":3.0},{"damage":10.0,"enemies":"3 Sentries","floor":12.0,"turns":3.0},{"damage":6.0,"enemies":"Looter","floor":13.0,"turns":4.0},{"damage":12.0,"enemies":"Exordium Wildlife","floor":14.0,"turns":2.0},{"damage":1.0,"enemies":"The Guardian","floor":16.0,"turns":8.0},{"damage":18.0,"enemies":"Shell Parasite","floor":18.0,"turns":6.0},{"damage":6.0,"enemies":"Masked Bandits","floor":21.0,"turns":2.0},{"damage":3.0,"enemies":"Gremlin Leader","floor":24.0,"turns":5.0},{"damage":13.0,"enemies":"3 Byrds","floor":27.0,"turns":3.0},{"damage":8.0,"enemies":"Centurion and Healer","floor":29.0,"turns":6.0},{"damage":0.0,"enemies":"Chosen and Byrds","floor":30.0,"turns":5.0},{"damage":6.0,"enemies":"Slavers","floor":31.0,"turns":6.0},{"damage":55,"enemies":"Automaton","floor":33,"turns":12}],"seed_played":"5068377488898706067","potions_obtained":[{"floor":3.0,"key":"Explosive Potion"},{"floor":8.0,"key":"Block Potion"},{"floor":10.0,"key":"Dexterity Potion"},{"floor":13.0,"key":"SpeedPotion"},{"floor":14.0,"key":"PowerPotion"},{"floor":16.0,"key":"PowerPotion"},{"floor":27.0,"key":"Poison Potion"},{"floor":29.0,"key":"GamblersBrew"},{"floor":31.0,"key":"Poison Potion"}],"is_trial":false,"path_per_floor":["M","?","M","$","?","R","M","M","T","E","M","E","M","M","R","B",null,"M","$","?","?","$","R","E","R","T","M","?","M","M","E","R"],"character_chosen":"DEFECT","items_purchased":["Capacitor","Ball Lightning","Leap","Leap","Strawberry"],"campfire_rested":2,"item_purchase_floors":[4,4,4,19,19],"current_hp_per_floor":[43,43,37,37,37,37,37,37,37,32,32,22,16,4,25,24,59,41,48,48,42,42,65,62,62,62,49,65,57,57,51,51,0],"gold":179,"neow_bonus":"THREE_RARE_CARDS","is_prod":false,"is_daily":false,"chose_seed":false,"campfire_upgraded":3,"win_rate":0,"timestamp":1538883542,"path_taken":["M","?","M","$","?","R","?","M","T","E","M","E","?","M","R","BOSS","M","$","?","?","$","R","E","R","T","M","?","?","?","E","R","BOSS"],"build_version":"2018-10-04v2","purchased_purges":2,"victory":false,"max_hp_per_floor":[71,71,71,71,71,71,71,71,71,71,71,71,71,71,71,71,71,71,78,78,78,78,78,78,78,78,78,78,78,78,78,78,78],"card_choices":[{"not_picked":["Multi-Cast","Rainbow"],"picked":"Electrodynamics","floor":0.0},{"not_picked":["Turbo","White Noise"],"picked":"Coolheaded","floor":1.0},{"not_picked":["Darkness","Coolheaded"],"picked":"Conserve Battery","floor":3.0},{"not_picked":["Beam Cell","Reboot"],"picked":"Genetic Algorithm","floor":7.0},{"not_picked":["Coolheaded","Stack"],"picked":"Barrage","floor":8.0},{"not_picked":["Doom and Gloom","Chill"],"picked":"Defragment","floor":10.0},{"not_picked":["Hello World","Lockon"],"picked":"Storm","floor":11.0},{"not_picked":["Static Discharge","Stack"],"picked":"Coolheaded","floor":12.0},{"not_picked":["Skim","Hologram"],"picked":"Compile Driver","floor":13.0},{"not_picked":["Coolheaded","Turbo"],"picked":"Steam","floor":14.0},{"not_picked":["Reboot","Hyperbeam"],"picked":"Amplify","floor":16.0},{"not_picked":["Redo+1","Barrage+1"],"picked":"Go for the Eyes+1","floor":18.0},{"not_picked":["Sweeping Beam","Gash"],"picked":"Conserve Battery","floor":21.0},{"not_picked":["Recycle","Beam Cell","Storm"],"picked":"SKIP","floor":24.0},{"not_picked":["Turbo","Static Discharge"],"picked":"Steam Power+1","floor":27.0},{"not_picked":["Scrape","Sunder"],"picked":"Glacier+1","floor":29.0},{"not_picked":["Steam","Coolheaded","White Noise"],"picked":"SKIP","floor":30.0},{"not_picked":["Tempest","Recycle"],"picked":"BootSequence","floor":31.0}],"player_experience":1287768,"relics_obtained":[{"floor":9.0,"key":"Happy Flower"},{"floor":10.0,"key":"Pen Nib"},{"floor":12.0,"key":"Incense Burner"},{"floor":21.0,"key":"Red Mask"},{"floor":24.0,"key":"Orichalcum"},{"floor":26.0,"key":"Lantern"},{"floor":31.0,"key":"Symbiotic Virus"}],"event_choices":[{"event_name":"Liars Game","player_choice":"agreed","floor":2.0,"damage_taken":0.0},{"event_name":"Accursed Blacksmith","player_choice":"Forge","floor":5.0,"damage_taken":0.0},{"event_name":"Back to Basics","player_choice":"Simplicity","floor":20.0,"damage_taken":0.0},{"event_name":"Masked Bandits","player_choice":"Fought Bandits","floor":21.0,"damage_taken":0.0},{"event_name":"The Library","player_choice":"Heal","floor":28.0,"damage_taken":0.0}],"is_beta":false,"boss_relics":[{"not_picked":["Calling Bell","Snecko Eye"],"picked":"Inserter"}],"items_purged_floors":[4,19],"is_endless":false,"potions_floor_spawned":[3,8,10,13,14,16,27,29,31],"killed_by":"Automaton","ascension_level":15}