{"gold_per_floor":[118,43,43,58,58,93,93,123,123,23,58,73,73,89,89,167,167,154,176,238,264,151,151,176,176,244,259,292,292,292,86,86,162,162,179,228,242,242,259,291,291,325,325,325,425,425,209,240,240,240,240,240,240,57,87,87],"floor_reached":57,"playtime":3567,"items_purged":["Setup","Dodge and Roll","Doubt","Writhe","Clumsy"],"score":3759,"play_id":"b8859ede-98da-4919-9a62-5aa06bfa2c01","local_time":"20190428141838","is_ascension_mode":true,"campfire_choices":[{"data":"Finisher","floor":7.0,"key":"SMITH"},{"data":"Poisoned Stab","floor":13.0,"key":"PURGE"},{"data":"Neutralize","floor":15.0,"key":"SMITH"},{"data":"Decay","floor":23.0,"key":"PURGE"},{"data":"Survivor","floor":25.0,"key":"PURGE"},{"data":"Acrobatics","floor":29.0,"key":"SMITH"},{"data":"Well Laid Plans","floor":32.0,"key":"SMITH"},{"data":"Masterful Stab","floor":41,"key":"PURGE"},{"data":"Finisher+1","floor":44,"key":"PURGE"},{"data":"Acrobatics+1","floor":46,"key":"PURGE"},{"floor":49,"key":"RECALL"},{"data":"Acrobatics+1","floor":53,"key":"PURGE"}],"neow_cost":"NONE","seed_source_timestamp":634710416600,"circlet_count":0,"master_deck":["AscendersBane","Neutralize+1","Adrenaline","Acrobatics+1","After Image","Catalyst","Endless Agony","Backflip+1","Escape Plan+1","Blur+1","Venomology+1","Well Laid Plans+1","Footwork","Concentrate+1","Grand Finale","Prepared+1","Calculated Gamble+1","Expertise+1","Deep Breath+1"],"special_seed":0,"relics":["Pandora\u0027s Box","Toxic Egg 2","Mummified Hand","Potion Belt","Peace Pipe","Calling Bell","MawBank","Dodecahedron","Prayer Wheel","Bird Faced Urn","Paper Crane","Mercury Hourglass","Juzu Bracelet","Fusion Hammer","Girya","The Courier","Ice Cream","Unceasing Top","OrangePellets","Blood Vial"],"potions_floor_usage":[39,40,40,45,48,50,56,56,56,56],"damage_taken":[{"damage":0.0,"enemies":"2 Louse","floor":1.0,"turns":2.0},{"damage":0.0,"enemies":"Small Slimes","floor":4.0,"turns":3.0},{"damage":0.0,"enemies":"3 Sentries","floor":6.0,"turns":7.0},{"damage":0.0,"enemies":"Lagavulin","floor":8.0,"turns":3.0},{"damage":0.0,"enemies":"Gremlin Nob","floor":11.0,"turns":2.0},{"damage":0.0,"enemies":"Jaw Worm","floor":12.0,"turns":1.0},{"damage":0.0,"enemies":"Lots of Slimes","floor":14.0,"turns":2.0},{"damage":0.0,"enemies":"The Guardian","floor":16.0,"turns":8.0},{"damage":7.0,"enemies":"2 Thieves","floor":18.0,"turns":4.0},{"damage":13.0,"enemies":"3 Byrds","floor":19.0,"turns":6.0},{"damage":0.0,"enemies":"3 Cultists","floor":21.0,"turns":6.0},{"damage":0.0,"enemies":"Slavers","floor":24.0,"turns":10.0},{"damage":0.0,"enemies":"Centurion and Healer","floor":27.0,"turns":3.0},{"damage":0.0,"enemies":"Book of Stabbing","floor":28.0,"turns":4.0},{"damage":0.0,"enemies":"Automaton","floor":33.0,"turns":2.0},{"damage":0.0,"enemies":"3 Darklings","floor":35.0,"turns":2.0},{"damage":0.0,"enemies":"2 Orb Walkers","floor":36.0,"turns":1.0},{"damage":0.0,"enemies":"3 Shapes","floor":37.0,"turns":3.0},{"damage":0,"enemies":"Transient","floor":39,"turns":6},{"damage":0,"enemies":"Nemesis","floor":40,"turns":5},{"damage":0,"enemies":"Reptomancer","floor":42,"turns":2},{"damage":0,"enemies":"Mind Bloom Boss Battle","floor":45,"turns":2},{"damage":0,"enemies":"Giant Head","floor":48,"turns":1},{"damage":0,"enemies":"Donu and Deca","floor":50,"turns":1},{"damage":0,"enemies":"Time Eater","floor":51,"turns":5},{"damage":0,"enemies":"Shield and Spear","floor":55,"turns":1},{"damage":0,"enemies":"The Heart","floor":56,"turns":4}],"seed_played":"6082632279728893099","potions_obtained":[{"floor":8.0,"key":"GhostInAJar"},{"floor":11.0,"key":"EssenceOfSteel"},{"floor":14.0,"key":"EssenceOfSteel"},{"floor":21.0,"key":"Ancient Potion"},{"floor":27.0,"key":"AttackPotion"},{"floor":33.0,"key":"Strength Potion"},{"floor":36.0,"key":"PowerPotion"},{"floor":37.0,"key":"AttackPotion"},{"floor":55,"key":"PowerPotion"}],"is_trial":false,"path_per_floor":["M","$","?","M","?","E","R","E","T","$","E","M","R","M","R","B",null,"M","M","?","M","$","R","E","R","T","M","E","R","?","$","R","B",null,"M","?","M","?","M","E","R","E","T","R","?","R","$","E","R","B","B",null,"R","$","E","B",null],"character_chosen":"THE_SILENT","items_purchased":["Acrobatics+1","Deep Breath+1","OrangePellets"],"campfire_rested":0,"item_purchase_floors":[31,47,54],"current_hp_per_floor":[59,59,59,59,52,52,52,52,52,52,52,52,52,52,52,52,63,56,43,43,43,43,43,43,43,43,56,62,62,62,62,62,66,66,66,66,66,66,66,66,66,66,66,66,66,66,66,66,66,66,66,66,66,66,66,66],"gold":87,"neow_bonus":"BOSS_RELIC","is_prod":false,"is_daily":false,"chose_seed":true,"campfire_upgraded":4,"win_rate":0,"timestamp":1556432318,"path_taken":["M","$","?","M","?","E","R","E","T","?","E","?","R","M","R","BOSS","M","?","?","?","$","R","E","R","T","M","E","R","?","$","R","BOSS","M","?","M","?","M","E","R","E","T","R","?","R","$","E","R","BOSS","BOSS","R","$","E","BOSS"],"build_version":"2019-01-23","purchased_purges":5,"victory":true,"max_hp_per_floor":[66,66,66,66,66,66,66,66,66,66,66,66,66,66,66,66,66,66,66,66,66,66,66,66,66,66,66,66,66,66,66,66,66,66,66,66,66,66,66,66,66,66,66,66,66,66,66,66,66,66,66,66,66,66,66,66],"card_choices":[{"not_picked":["Blade Dance","Deadly Poison","Caltrops"],"picked":"SKIP","floor":1.0},{"not_picked":["Blade Dance","Deadly Poison","Caltrops"],"picked":"SKIP","floor":1.0},{"not_picked":["Acrobatics","Quick Slash"],"picked":"Endless Agony","floor":4.0},{"not_picked":["Unload","Poisoned Stab","Blade Dance"],"picked":"SKIP","floor":6.0},{"not_picked":["Bane","PiercingWail+1"],"picked":"Backflip+1","floor":8.0},{"not_picked":["Flying Knee","Deadly Poison+1","Deflect+1"],"picked":"SKIP","floor":11.0},{"not_picked":["Cloak And Dagger+1","Eviscerate"],"picked":"Escape Plan+1","floor":12.0},{"not_picked":["Acrobatics+1","All Out Attack"],"picked":"Blur+1","floor":14.0},{"not_picked":["Doppelganger+1","A Thousand Cuts"],"picked":"Venomology+1","floor":16.0},{"not_picked":["Poisoned Stab+1","Predator"],"picked":"Well Laid Plans","floor":18.0},{"not_picked":["Blade Dance+1","Finisher","Dagger Spray"],"picked":"SKIP","floor":18.0},{"not_picked":["Outmaneuver+1","All Out Attack"],"picked":"Acrobatics+1","floor":19.0},{"not_picked":["Blade Dance+1","Catalyst+1","Deadly Poison+1"],"picked":"SKIP","floor":19.0},{"not_picked":["Deadly Poison+1","Sucker Punch","Setup+1"],"picked":"SKIP","floor":21.0},{"not_picked":["Acrobatics+1","Catalyst+1","Leg Sweep+1"],"picked":"SKIP","floor":21.0},{"not_picked":["Riddle With Holes","Dagger Spray","Acrobatics+1"],"picked":"SKIP","floor":24.0},{"not_picked":["Adrenaline+1","Backflip+1","Deadly Poison+1"],"picked":"SKIP","floor":27.0},{"not_picked":["Slice","Footwork","Catalyst+1"],"picked":"SKIP","floor":27.0},{"not_picked":["Slice","Catalyst+1"],"picked":"Footwork","floor":27.0},{"not_picked":["Adrenaline+1","Backflip+1","Deadly Poison+1"],"picked":"SKIP","floor":27.0},{"not_picked":["Endless Agony","Outmaneuver+1"],"picked":"Concentrate+1","floor":28.0},{"not_picked":["Corpse Explosion+1","Venomology+1"],"picked":"Grand Finale","floor":33.0},{"not_picked":["Deflect+1","Blade Dance+1","Slice"],"picked":"SKIP","floor":35.0},{"not_picked":["PiercingWail+1","Underhanded Strike","Dagger Throw"],"picked":"SKIP","floor":35.0},{"not_picked":["All Out Attack+1","Blur+1"],"picked":"Prepared+1","floor":36.0},{"not_picked":["Bane","All Out Attack+1","Accuracy+1"],"picked":"SKIP","floor":37.0},{"not_picked":["Noxious Fumes","Outmaneuver+1","Dash"],"picked":"SKIP","floor":37.0},{"not_picked":["Poisoned Stab","Slice","Expertise+1"],"picked":"SKIP","floor":39},{"not_picked":["Terror+1","Bane","Dagger Throw+1"],"picked":"SKIP","floor":39},{"not_picked":["Poisoned Stab","Slice","Expertise+1"],"picked":"SKIP","floor":39},{"not_picked":["Terror+1","Bane","Dagger Throw+1"],"picked":"SKIP","floor":39},{"not_picked":["Poisoned Stab","Slice","Expertise+1"],"picked":"SKIP","floor":39},{"not_picked":["Terror+1","Bane","Dagger Throw+1"],"picked":"SKIP","floor":39},{"not_picked":["Skewer","Deadly Poison+1"],"picked":"Calculated Gamble+1","floor":40},{"not_picked":["Envenom","Bouncing Flask+1"],"picked":"Expertise+1","floor":42},{"not_picked":["Bane","Blade Dance+1","Dash"],"picked":"SKIP","floor":48},{"not_picked":["Venomology+1","Sucker Punch+1","Flechettes"],"picked":"SKIP","floor":55},{"not_picked":["Venomology+1","Sucker Punch+1","Flechettes"],"picked":"SKIP","floor":55}],"player_experience":3049250,"relics_obtained":[{"floor":6.0,"key":"Toxic Egg 2"},{"floor":8.0,"key":"Mummified Hand"},{"floor":9.0,"key":"Potion Belt"},{"floor":11.0,"key":"Peace Pipe"},{"floor":17.0,"key":"MawBank"},{"floor":17.0,"key":"Dodecahedron"},{"floor":17.0,"key":"Prayer Wheel"},{"floor":24.0,"key":"Bird Faced Urn"},{"floor":26.0,"key":"Paper Crane"},{"floor":28.0,"key":"Mercury Hourglass"},{"floor":36.0,"key":"Girya"},{"floor":40,"key":"The Courier"},{"floor":45,"key":"Ice Cream"},{"floor":48,"key":"Unceasing Top"},{"floor":55,"key":"Blood Vial"}],"event_choices":[{"damage_healed":0.0,"max_hp_gain":0.0,"max_hp_loss":0.0,"gold_gain":0.0,"event_name":"Liars Game","player_choice":"Ignored","floor":3.0,"gold_loss":0.0,"damage_taken":0.0},{"cards_removed":["Eviscerate"],"damage_healed":0.0,"max_hp_gain":0.0,"max_hp_loss":0.0,"gold_gain":0.0,"event_name":"Golden Wing","player_choice":"Card Removal","floor":5.0,"gold_loss":0.0,"damage_taken":7.0},{"damage_healed":0.0,"max_hp_gain":0.0,"max_hp_loss":0.0,"gold_gain":50.0,"event_name":"Golden Shrine","player_choice":"Pray","floor":20.0,"gold_loss":0.0,"damage_taken":0.0},{"damage_healed":0.0,"max_hp_gain":0.0,"max_hp_loss":0.0,"gold_gain":0.0,"event_name":"The Mausoleum","player_choice":"Opened","floor":30.0,"gold_loss":0.0,"damage_taken":0.0,"relics_obtained":["Juzu Bracelet"],"cards_obtained":["Writhe"]},{"damage_healed":0.0,"max_hp_gain":0.0,"max_hp_loss":0.0,"gold_gain":0.0,"event_name":"Mysterious Sphere","player_choice":"Fight","floor":36.0,"gold_loss":0.0,"damage_taken":0.0},{"damage_healed":0,"gold_gain":0,"player_choice":"Memory 1","damage_taken":0,"max_hp_gain":0,"max_hp_loss":0,"event_name":"SensoryStone","floor":38,"gold_loss":0},{"damage_healed":0,"gold_gain":0,"player_choice":"Fight","damage_taken":0,"max_hp_gain":0,"max_hp_loss":0,"event_name":"MindBloom","floor":45,"gold_loss":0}],"is_beta":false,"boss_relics":[{"not_picked":["Ectoplasm","Lizard Tail"],"picked":"Calling Bell"},{"not_picked":["Cursed Key","Busted Crown"],"picked":"Fusion Hammer"}],"items_purged_floors":[2,10,22,31,47],"is_endless":false,"potions_floor_spawned":[8,11,14,21,27,33,35,36,37,45,55],"ascension_level":20}