{"gold_per_floor":[113,127,127,142,156,156,191,191,191,191,221,271,122,136,136,214,214,224,149,199,214,40,70,70,83,136,154,164,164,214,214,214,214],"floor_reached":33,"playtime":1756,"items_purged":["Strike_B","Defend_B"],"score":481,"play_id":"4fcf235c-ff09-424d-8491-8ab8d0d4ef87","local_time":"20180728215913","is_ascension_mode":true,"campfire_choices":[{"data":"Sweeping Beam","floor":6.0,"key":"SMITH"},{"data":"FTL","floor":8.0,"key":"SMITH"},{"floor":10.0,"key":"REST"},{"data":"Ball Lightning","floor":15.0,"key":"SMITH"},{"floor":24.0,"key":"REST"},{"floor":29.0,"key":"REST"},{"floor":32.0,"key":"REST"}],"neow_cost":"NONE","seed_source_timestamp":51376612920687,"circlet_count":0,"master_deck":["Strike_B+1","Strike_B+1","Strike_B+1","Defend_B+1","Defend_B+1","Defend_B+1","Zap+1","Dualcast","AscendersBane","Steam","FTL+1","Sweeping Beam+1","Leap","Genetic Algorithm","Ball Lightning+1","Electrodynamics","Leap","Leap","Ball Lightning","BootSequence","Biased Cognition","Ball Lightning+1","Go for the Eyes","Turbo"],"special_seed":0,"relics":["Cracked Core","Gambling Chip","Dodecahedron","Question Card","Potion Belt","Orrery","Ice Cream","Lantern"],"potions_floor_usage":[33,33],"damage_taken":[{"damage":15.0,"enemies":"Small Slimes","floor":1.0,"turns":5.0},{"damage":3.0,"enemies":"2 Louse","floor":2.0,"turns":3.0},{"damage":7.0,"enemies":"Jaw Worm","floor":4.0,"turns":2.0},{"damage":8.0,"enemies":"Blue Slaver","floor":5.0,"turns":4.0},{"damage":4.0,"enemies":"3 Sentries","floor":7.0,"turns":6.0},{"damage":19.0,"enemies":"Gremlin Nob","floor":11.0,"turns":4.0},{"damage":8.0,"enemies":"Exordium Thugs","floor":14.0,"turns":4.0},{"damage":32.0,"enemies":"Slime Boss","floor":16.0,"turns":9.0},{"damage":17.0,"enemies":"Shell Parasite","floor":18.0,"turns":7.0},{"damage":17.0,"enemies":"2 Thieves","floor":21.0,"turns":3.0},{"damage":41.0,"enemies":"Gremlin Leader","floor":23.0,"turns":6.0},{"damage":12.0,"enemies":"Snecko","floor":25.0,"turns":4.0},{"damage":14.0,"enemies":"Snake Plant","floor":27.0,"turns":3.0},{"damage":0.0,"enemies":"Sentry and Sphere","floor":28.0,"turns":2.0},{"damage":81,"enemies":"Champ","floor":33,"turns":7}],"seed_played":"-2642331610377528178","potions_obtained":[{"floor":2.0,"key":"Poison Potion"},{"floor":5.0,"key":"Strength Potion"},{"floor":7.0,"key":"Regen Potion"},{"floor":16.0,"key":"LiquidBronze"},{"floor":23.0,"key":"Fruit Juice"},{"floor":25.0,"key":"Regen Potion"},{"floor":27.0,"key":"Poison Potion"},{"floor":28.0,"key":"Ancient Potion"}],"is_trial":false,"path_per_floor":["M","M","?","M","M","R","E","R","T","R","E","?","$","M","R","B",null,"M","$","?","M","$","E","R","M","T","M","M","R","?","?","R"],"character_chosen":"DEFECT","items_purchased":["Potion Belt","Regen Potion"],"campfire_rested":4,"item_purchase_floors":[13,22],"current_hp_per_floor":[56,53,53,46,38,38,34,34,34,57,38,38,38,30,30,13,62,45,45,45,28,28,2,25,18,18,13,13,37,37,37,61,0],"gold":214,"neow_bonus":"TEN_PERCENT_HP_BONUS","is_prod":false,"is_daily":false,"chose_seed":false,"campfire_upgraded":3,"win_rate":0,"timestamp":1532840353,"path_taken":["M","M","?","M","M","R","E","R","T","R","E","?","$","M","R","BOSS","M","$","?","M","$","E","R","M","T","M","M","R","?","?","R","BOSS"],"build_version":"2018-07-26","purchased_purges":2,"victory":false,"max_hp_per_floor":[78,78,78,78,78,78,78,78,78,78,78,78,78,78,78,78,78,78,78,78,78,78,78,78,83,83,83,83,83,83,83,83,83],"card_choices":[{"not_picked":["Aggregate","Rebound"],"picked":"Steam","floor":1.0},{"not_picked":["Beam Cell","Turbo"],"picked":"FTL","floor":2.0},{"not_picked":["Loop","Lockon"],"picked":"Sweeping Beam","floor":4.0},{"not_picked":["Hologram","Force Field"],"picked":"Leap","floor":5.0},{"not_picked":["Cold Snap","Steam"],"picked":"Genetic Algorithm","floor":7.0},{"not_picked":["Compile Driver","Stack","Steam"],"picked":"SKIP","floor":11.0},{"not_picked":["Conserve Battery","Rainbow","Stack"],"picked":"Ball Lightning","floor":14.0},{"not_picked":["Seek","Thunder Strike","Creative AI"],"picked":"Electrodynamics","floor":16.0},{"not_picked":["Turbo","Lockon","Melter"],"picked":"Leap","floor":17.0},{"not_picked":["Turbo","Sweeping Beam","Chaos"],"picked":"Leap","floor":17.0},{"not_picked":["Sweeping Beam","Cold Snap","Sunder"],"picked":"Ball Lightning","floor":17.0},{"not_picked":["FTL","Steam","Loop","Hyperbeam"],"picked":"SKIP","floor":18.0},{"not_picked":["Rebound","Sweeping Beam","Streamline"],"picked":"BootSequence","floor":21.0},{"not_picked":["Turbo","Fusion","Doom and Gloom"],"picked":"Biased Cognition","floor":23.0},{"not_picked":["Skim","Streamline","Sweeping Beam+1"],"picked":"Ball Lightning+1","floor":25.0},{"not_picked":["Undo","Compile Driver","Sweeping Beam"],"picked":"Go for the Eyes","floor":27.0},{"not_picked":["Static Discharge","Compile Driver","Ball Lightning"],"picked":"Turbo","floor":28.0}],"player_experience":931389,"relics_obtained":[{"floor":7.0,"key":"Gambling Chip"},{"floor":9.0,"key":"Dodecahedron"},{"floor":11.0,"key":"Question Card"},{"floor":23.0,"key":"Ice Cream"},{"floor":26.0,"key":"Lantern"}],"event_choices":[{"event_name":"Living Wall","player_choice":"Grow","floor":3.0,"damage_taken":0.0},{"event_name":"Golden Shrine","player_choice":"Pray","floor":12.0,"damage_taken":0.0},{"event_name":"Nest","player_choice":"Stole From Cult","floor":20.0,"damage_taken":0.0},{"event_name":"The Joust","player_choice":"Bet on Murderer","floor":30.0,"damage_taken":0.0},{"event_name":"Back to Basics","player_choice":"Simplicity","floor":31.0,"damage_taken":0.0}],"is_beta":false,"boss_relics":[{"not_picked":["Empty Cage","Runic Pyramid"],"picked":"Orrery"}],"items_purged_floors":[19,22],"is_endless":false,"potions_floor_spawned":[2,5,7,11,16,23,25,27,28],"killed_by":"Champ","ascension_level":15}