{"gold_per_floor":[114,114,128,128,128,128,154,154,154,179,190,125,145,145],"floor_reached":14,"playtime":767,"items_purged":[],"score":123,"play_id":"cff10bde-8e82-4e87-a723-344be3b6ea0c","local_time":"20190625001419","is_ascension_mode":true,"campfire_choices":[{"floor":6,"key":"REST"},{"floor":8,"key":"REST"}],"neow_cost":"NONE","seed_source_timestamp":174583321195300,"circlet_count":0,"master_deck":["Strike_R","Strike_R","Strike_R","Strike_R","Strike_R","Defend_R","Defend_R","Defend_R+1","Defend_R","Bash","Forethought","Havoc+1","Shrug It Off","Demon Form","Metallicize"],"relics":["Burning Blood","Oddly Smooth Stone","Boot","Shovel","Ancient Tea Set","Bag of Marbles"],"potions_floor_usage":[7,11,13,14],"damage_taken":[{"damage":9,"enemies":"Jaw Worm","floor":1,"turns":5},{"damage":15,"enemies":"Small Slimes","floor":3,"turns":5},{"damage":68,"enemies":"Lagavulin","floor":7,"turns":13},{"damage":30,"enemies":"3 Sentries","floor":10,"turns":8},{"damage":1,"enemies":"Cultist","floor":11,"turns":5},{"damage":0,"enemies":"Looter","floor":13,"turns":1},{"damage":18,"enemies":"Lots of Slimes","floor":14,"turns":6}],"seed_played":"3782861455283563658","potions_obtained":[{"floor":1,"key":"SkillPotion"},{"floor":10,"key":"Weak Potion"},{"floor":11,"key":"SteroidPotion"},{"floor":13,"key":"SkillPotion"}],"is_trial":false,"path_per_floor":["M","?","M","?","$","R","E","R","T","E","M","?","M","M"],"character_chosen":"IRONCLAD","items_purchased":[],"campfire_rested":2,"item_purchase_floors":[],"current_hp_per_floor":[77,61,52,45,45,69,7,31,31,7,12,12,18,0],"gold":145,"neow_bonus":"RANDOM_COLORLESS","is_prod":false,"is_daily":false,"chose_seed":false,"campfire_upgraded":0,"win_rate":0,"timestamp":1561385659,"path_taken":["M","?","M","?","$","R","E","R","T","E","M","?","?","M"],"build_version":"2019-01-23","purchased_purges":0,"victory":false,"max_hp_per_floor":[80,80,80,80,80,80,80,80,80,80,80,80,80,80],"card_choices":[{"not_picked":["Body Slam","Clash"],"picked":"Havoc","floor":1},{"not_picked":["Clothesline","Cleave"],"picked":"Shrug It Off","floor":3},{"not_picked":["Dual Wield","Body Slam"],"picked":"Demon Form","floor":7},{"not_picked":["Clothesline","Warcry","True Grit"],"picked":"SKIP","floor":10},{"not_picked":["Body Slam","Headbutt","Rupture"],"picked":"SKIP","floor":11},{"not_picked":["Havoc","Berserk"],"picked":"Metallicize","floor":13}],"player_experience":165184,"relics_obtained":[{"floor":7,"key":"Boot"},{"floor":9,"key":"Shovel"},{"floor":10,"key":"Ancient Tea Set"}],"event_choices":[{"damage_healed":0,"gold_gain":0,"player_choice":"Entered Light","damage_taken":16,"max_hp_gain":0,"max_hp_loss":0,"event_name":"Shining Light","floor":2,"gold_loss":0,"cards_upgraded":["Defend_R","Havoc"]},{"damage_healed":0,"gold_gain":0,"player_choice":"Success","damage_taken":7,"relics_obtained":["Oddly Smooth Stone"],"max_hp_gain":0,"max_hp_loss":0,"event_name":"Scrap Ooze","floor":4,"gold_loss":0},{"damage_healed":0,"gold_gain":0,"player_choice":"Paid Gold","damage_taken":0,"relics_obtained":["Bag of Marbles"],"max_hp_gain":0,"max_hp_loss":0,"event_name":"WeMeetAgain","floor":12,"gold_loss":65}],"is_beta":false,"boss_relics":[],"items_purged_floors":[],"is_endless":false,"potions_floor_spawned":[1,10,11,13],"killed_by":"Lots of Slimes","ascension_level":5}