{"path_per_floor":["M","M","?","?","?","R","M","E","T","M","R","M","M","$","R","B",null,"M","M"],"character_chosen":"THE_SILENT","items_purchased":["Catalyst","Well Laid Plans","Sucker Punch","Bane","PiercingWail"],"gold_per_floor":[109,127,202,202,202,202,218,249,249,265,265,285,306,42,42,162,200,216,235],"floor_reached":20,"campfire_rested":3,"playtime":1446,"current_hp_per_floor":[66,63,52,52,45,66,66,1,1,11,32,22,20,20,41,26,75,51,39],"items_purged":[],"gold":235,"play_id":"46c210a4-5122-47b4-8f5f-4183d5b3dce1","is_prod":false,"is_daily":false,"is_ascension_mode":false,"campfire_upgraded":0,"path_taken":["M","M","?","?","?","R","M","E","T","M","R","M","M","$","R","BOSS","M","M","M"],"build_version":"2018-02-01-PROD3","purchased_purges":0,"victory":false,"master_deck":["Defend_G","Defend_G","Defend_G","Defend_G","Defend_G","Strike_G","Strike_G","Strike_G","Strike_G","Strike_G","Survivor","Neutralize","Backstab","Deadly Poison","Deadly Poison","Poisoned Stab","Deadly Poison","Dagger Spray","Predator","Catalyst","Well Laid Plans","Sucker Punch","Bane","PiercingWail","Venomology","Noxious Fumes","Backstab","Dagger Throw"],"max_hp_per_floor":[70,70,70,70,70,70,70,70,70,70,70,70,70,70,70,70,75,75,75],"relics":["The Specimen","Golden Idol","Mercury Hourglass","Tough Bandages","Tiny House"],"card_choices":[{"not_picked":["PiercingWail","Acrobatics"],"picked":"Backstab"},{"not_picked":["Slice","Quick Slash"],"picked":"Deadly Poison"},{"not_picked":["Acrobatics","Skewer"],"picked":"Deadly Poison"},{"not_picked":["Flechettes","Bullet Time"],"picked":"Poisoned Stab"},{"not_picked":["Prepared","Heel Hook"],"picked":"Deadly Poison"},{"not_picked":["Escape Plan","Deadly Poison"],"picked":"Dagger Spray"},{"not_picked":["Phantasmal Killer","Dodge and Roll"],"picked":"Predator"},{"not_picked":["Adrenaline","Unload"],"picked":"Venomology"},{"not_picked":["Outmaneuver","Slice"],"picked":"Noxious Fumes"},{"not_picked":["Slice","Masterful Stab"],"picked":"Backstab"},{"not_picked":["Flying Knee","Acrobatics"],"picked":"Dagger Throw"}],"player_experience":7214,"potions_floor_usage":[10],"damage_taken":[{"damage":4,"enemies":"2 Louse","floor":1,"turns":3},{"damage":3,"enemies":"Jaw Worm","floor":2,"turns":3},{"damage":0,"enemies":"Cultist","floor":7,"turns":5},{"damage":65,"enemies":"Gremlin Nob","floor":8,"turns":6},{"damage":5,"enemies":"Large Slime","floor":10,"turns":6},{"damage":10,"enemies":"Exordium Wildlife","floor":12,"turns":3},{"damage":2,"enemies":"3 Louse","floor":13,"turns":2},{"damage":15,"enemies":"Hexaghost","floor":16,"turns":8},{"damage":24,"enemies":"Spheric Guardian","floor":18,"turns":4},{"damage":12,"enemies":"Chosen","floor":19,"turns":5},{"damage":44,"enemies":"Centurion and Healer","floor":20,"turns":4}],"event_choices":[{"event_name":"World of Goop","player_choice":"Gather Gold","floor":3,"damage_taken":0},{"event_name":"Golden Idol","player_choice":"Take Wound","floor":4,"damage_taken":0},{"event_name":"Golden Wing","player_choice":"Card Removal","floor":5,"damage_taken":0}],"boss_relics":[{"not_picked":["Philosopher\u0027s Stone","White Beast Statue"],"picked":"Tiny House"}],"potions_floor_spawned":[2,7,10,12,16],"seed_played":"6700249097049594088","killed_by":"Centurion and Healer","ascension_level":0,"is_trial":false}