{"gold_per_floor":[111,111,111,124,49,49,63,96,96,114,114,114,147,163,163,293,293,266,266,64,85,0,0,71,92,118,118,118,138,138,174,174,294,294,309,52,385,30,43,43,77,77,77,77,104,121,221,221,221,221],"floor_reached":50,"playtime":2515,"items_purged":["Injury"],"score":932,"play_id":"7cc1d2d5-18f7-4006-9a00-778285f2fa5e","local_time":"20190622144131","is_ascension_mode":true,"campfire_choices":[{"data":"Bash","floor":6.0,"key":"SMITH"},{"data":"Spot Weakness","floor":12.0,"key":"SMITH"},{"floor":15.0,"key":"REST"},{"data":"Transmutation","floor":23.0,"key":"SMITH"},{"data":"Limit Break","floor":30.0,"key":"SMITH"},{"data":"Corruption","floor":32.0,"key":"SMITH"},{"data":"Feel No Pain","floor":40.0,"key":"SMITH"},{"floor":44.0,"key":"RECALL"},{"data":"Strike_R","floor":49,"key":"PURGE"}],"neow_cost":"NONE","seed_source_timestamp":0,"circlet_count":0,"master_deck":["AscendersBane","Strike_R","Strike_R+1","Defend_R","Defend_R","Defend_R","Defend_R","Bash+1","Exhume","Twin Strike+1","Armaments","Feel No Pain+1","Spot Weakness+1","Disarm","Reaper","Limit Break+1","Thunderclap","Corruption+1","Transmutation+1","Sword Boomerang+1","Headbutt","Double Tap","Necronomicurse","Limit Break","True Grit+1","Exhume","True Grit+1","Havoc","Heavy Blade+1","Reaper","Feed","Body Slam+1","Flame Barrier+1"],"special_seed":0,"relics":["Burning Blood","Boot","Question Card","Happy Flower","Sozu","Nloth\u0027s Gift","The Courier","Tiny Chest","PreservedInsect","Necronomicon","Dodecahedron","Empty Cage","Whetstone","Blood Vial","Bronze Scales","Bag of Marbles","Bag of Preparation","Art of War","Mummified Hand","Peace Pipe"],"potions_floor_usage":[46],"damage_taken":[{"damage":11.0,"enemies":"Cultist","floor":1.0,"turns":4.0},{"damage":4.0,"enemies":"2 Louse","floor":4.0,"turns":4.0},{"damage":2.0,"enemies":"Jaw Worm","floor":7.0,"turns":3.0},{"damage":39.0,"enemies":"Gremlin Nob","floor":8.0,"turns":5.0},{"damage":29.0,"enemies":"Exordium Thugs","floor":10.0,"turns":5.0},{"damage":30.0,"enemies":"Lagavulin","floor":13.0,"turns":7.0},{"damage":25.0,"enemies":"Exordium Wildlife","floor":14.0,"turns":6.0},{"damage":44.0,"enemies":"Hexaghost","floor":16.0,"turns":11.0},{"damage":32.0,"enemies":"2 Thieves","floor":18.0,"turns":5.0},{"damage":10.0,"enemies":"Spheric Guardian","floor":21.0,"turns":4.0},{"damage":32.0,"enemies":"Gremlin Leader","floor":24.0,"turns":6.0},{"damage":39.0,"enemies":"Centurion and Healer","floor":25.0,"turns":8.0},{"damage":39.0,"enemies":"Snake Plant","floor":29.0,"turns":5.0},{"damage":38.0,"enemies":"Slavers","floor":31.0,"turns":6.0},{"damage":62.0,"enemies":"Champ","floor":33.0,"turns":10.0},{"damage":35.0,"enemies":"Orb Walker","floor":35.0,"turns":5.0},{"damage":40.0,"enemies":"3 Shapes","floor":39.0,"turns":3.0},{"damage":23.0,"enemies":"Reptomancer","floor":41.0,"turns":4.0},{"damage":9.0,"enemies":"Giant Head","floor":45.0,"turns":5.0},{"damage":52,"enemies":"Maw","floor":46,"turns":10},{"damage":0,"enemies":"Mind Bloom Boss Battle","floor":47,"turns":6},{"damage":79,"enemies":"Awakened One","floor":50,"turns":3}],"seed_played":"6784747362097290662","potions_obtained":[{"floor":1.0,"key":"SmokeBomb"},{"floor":10.0,"key":"Block Potion"},{"floor":14.0,"key":"PowerPotion"}],"is_trial":false,"path_per_floor":["M","?","?","M","$","R","M","E","T","M","?","R","E","M","R","B",null,"M","?","$","M","?","R","E","M","T","?","?","M","R","E","R","B",null,"M","$","?","$","M","R","E","?","T","R","E","M","?","?","R","B"],"character_chosen":"IRONCLAD","items_purchased":["Corruption","Transmutation","Whetstone","Havoc","Blood Vial","Bronze Scales","Bag of Marbles","Bag of Preparation"],"campfire_rested":1,"item_purchase_floors":[20,20,36,36,36,38,38,38],"current_hp_per_floor":[67,67,67,69,69,69,73,40,40,17,80,80,56,37,61,29,67,52,52,52,56,56,56,59,50,50,34,60,44,44,60,60,57,74,69,69,69,69,67,67,52,52,52,52,61,17,76,76,76,0],"gold":221,"neow_bonus":"ONE_RANDOM_RARE_CARD","is_prod":false,"is_daily":false,"chose_seed":false,"campfire_upgraded":6,"win_rate":0,"timestamp":1561178491,"path_taken":["M","?","?","?","$","R","M","E","T","M","?","R","E","M","R","BOSS","M","?","?","?","?","R","E","M","T","?","?","?","R","E","R","BOSS","M","?","?","?","?","R","E","?","T","R","E","M","?","?","R","BOSS"],"build_version":"2019-01-23","purchased_purges":1,"victory":false,"max_hp_per_floor":[80,80,80,80,80,80,80,80,80,80,80,80,80,80,80,80,80,80,80,80,80,80,80,80,80,80,80,80,80,80,80,80,80,80,80,80,80,80,80,80,80,80,80,80,80,80,80,80,80,80],"card_choices":[{"not_picked":["Second Wind","Perfected Strike"],"picked":"Uppercut","floor":1.0},{"not_picked":["Dual Wield","Entrench"],"picked":"Twin Strike","floor":4.0},{"not_picked":["Dropkick","True Grit"],"picked":"Armaments","floor":7.0},{"not_picked":["Uppercut","Burning Pact"],"picked":"Feel No Pain","floor":8.0},{"not_picked":["True Grit","Second Wind","Armaments"],"picked":"Spot Weakness","floor":10.0},{"not_picked":["Rupture","Ghostly Armor","Second Wind"],"picked":"Disarm","floor":13.0},{"not_picked":["Reckless Charge","Shrug It Off","Cleave"],"picked":"Reaper","floor":14.0},{"not_picked":["Reaper","Berserk","Feed"],"picked":"Limit Break","floor":16.0},{"not_picked":["Wild Strike","Hemokinesis","True Grit"],"picked":"Thunderclap","floor":18.0},{"not_picked":["Combust","Brutality","Iron Wave"],"picked":"Sword Boomerang","floor":21.0},{"not_picked":["Iron Wave","Rupture","Bloodletting+1"],"picked":"Headbutt","floor":24.0},{"not_picked":["Rage","Anger","Wild Strike"],"picked":"Double Tap","floor":25.0},{"not_picked":["Spot Weakness","Flame Barrier","Dark Embrace"],"picked":"Limit Break","floor":29.0},{"not_picked":["Shrug It Off","Searing Blow","Iron Wave"],"picked":"True Grit+1","floor":31.0},{"not_picked":["Impervious","Bludgeon","Berserk"],"picked":"Exhume","floor":33.0},{"not_picked":["Clothesline","Anger+1","Rupture+1"],"picked":"True Grit+1","floor":35.0},{"not_picked":["Warcry","Perfected Strike","Flex"],"picked":"Heavy Blade+1","floor":39.0},{"not_picked":["Feed","Cleave","Pummel+1"],"picked":"Reaper","floor":41.0},{"not_picked":["Second Wind+1","Power Through","Offering"],"picked":"Feed","floor":45.0},{"not_picked":["Brutality","Limit Break","Reckless Charge"],"picked":"Body Slam+1","floor":46},{"not_picked":["Clothesline+1","Twin Strike","Iron Wave+1"],"picked":"Flame Barrier+1","floor":47}],"player_experience":481680,"relics_obtained":[{"floor":8.0,"key":"Ancient Tea Set"},{"floor":9.0,"key":"Question Card"},{"floor":13.0,"key":"Happy Flower"},{"floor":24.0,"key":"Tiny Chest"},{"floor":26.0,"key":"PreservedInsect"},{"floor":27.0,"key":"Necronomicon"},{"floor":31.0,"key":"Dodecahedron"},{"floor":41.0,"key":"Art of War"},{"floor":45.0,"key":"Mummified Hand"},{"floor":47,"key":"Peace Pipe"}],"event_choices":[{"damage_healed":0.0,"max_hp_gain":0.0,"max_hp_loss":0.0,"gold_gain":0.0,"event_name":"Golden Idol","player_choice":"Take Wound","floor":2.0,"gold_loss":0.0,"damage_taken":0.0,"relics_obtained":["Golden Idol"],"cards_obtained":["Injury"]},{"damage_healed":0.0,"max_hp_gain":0.0,"max_hp_loss":0.0,"gold_gain":0.0,"event_name":"WeMeetAgain","player_choice":"Gave Potion","floor":3.0,"gold_loss":0.0,"damage_taken":0.0,"relics_obtained":["Boot"]},{"cards_removed":["Uppercut"],"damage_healed":63.0,"max_hp_gain":0.0,"max_hp_loss":0.0,"gold_gain":0.0,"event_name":"Bonfire Elementals","player_choice":"Offered Uncommon","floor":11.0,"gold_loss":0.0,"damage_taken":0.0},{"damage_healed":0.0,"max_hp_gain":0.0,"max_hp_loss":0.0,"gold_gain":0.0,"event_name":"N\u0027loth","player_choice":"Traded Relic","floor":19.0,"relics_lost":["Ancient Tea Set"],"gold_loss":0.0,"damage_taken":0.0,"relics_obtained":["Nloth\u0027s Gift"]},{"damage_healed":0.0,"max_hp_gain":0.0,"max_hp_loss":0.0,"gold_gain":0.0,"event_name":"Addict","player_choice":"Obtained Relic","floor":22.0,"gold_loss":85.0,"damage_taken":0.0,"relics_obtained":["The Courier"]},{"damage_healed":0.0,"max_hp_gain":0.0,"max_hp_loss":0.0,"gold_gain":0.0,"event_name":"Cursed Tome","player_choice":"Obtained Book","floor":27.0,"gold_loss":0.0,"damage_taken":16.0},{"damage_healed":26.0,"max_hp_gain":0.0,"max_hp_loss":0.0,"gold_gain":0.0,"event_name":"The Library","player_choice":"Heal","floor":28.0,"gold_loss":0.0,"damage_taken":0.0},{"damage_healed":0.0,"max_hp_gain":0.0,"max_hp_loss":0.0,"gold_gain":333.0,"event_name":"The Moai Head","player_choice":"Gave Idol","floor":37.0,"relics_lost":["Golden Idol"],"gold_loss":0.0,"damage_taken":0.0},{"damage_healed":0.0,"max_hp_gain":0.0,"max_hp_loss":0.0,"gold_gain":0.0,"event_name":"Tomb of Lord Red Mask","player_choice":"Ignored","floor":42.0,"gold_loss":0.0,"damage_taken":0.0},{"damage_healed":0,"gold_gain":0,"player_choice":"Fight","damage_taken":0,"max_hp_gain":0,"max_hp_loss":0,"event_name":"MindBloom","floor":47,"gold_loss":0},{"damage_healed":0,"gold_gain":0,"player_choice":"Forge","damage_taken":0,"max_hp_gain":0,"max_hp_loss":0,"event_name":"Accursed Blacksmith","floor":48,"gold_loss":0,"cards_upgraded":["Sword Boomerang"]}],"is_beta":false,"boss_relics":[{"not_picked":["Black Blood","Velvet Choker"],"picked":"Sozu"},{"not_picked":["Lizard Tail","Fusion Hammer"],"picked":"Empty Cage"}],"items_purged_floors":[5],"is_endless":false,"potions_floor_spawned":[1,10,14,25,29,31,39,45,46,47],"killed_by":"Awakened One","ascension_level":11}