{"gold_per_floor":[117,128,93,112,112,112,112,112,112,58,72,72,99,126,126,202,202,218,113,113,113,63,63,81,81,81,81,92,111,111,8,8,83,83,102,114,130,130,27,27,43,43,68,85,101,101,101,114,114,114],"floor_reached":50,"playtime":1613,"items_purged":["Strike_B","Strike_B","Defend_B","Defend_B"],"score":905,"play_id":"d24a8341-1e7a-471f-861f-ef0adab05902","local_time":"20190625011524","is_ascension_mode":true,"campfire_choices":[{"floor":6.0,"key":"REST"},{"floor":8.0,"key":"REST"},{"data":"Hologram","floor":12.0,"key":"SMITH"},{"data":"Dualcast","floor":15.0,"key":"SMITH"},{"data":"Coolheaded","floor":23.0,"key":"SMITH"},{"floor":25.0,"key":"REST"},{"data":"Zap","floor":27.0,"key":"SMITH"},{"data":"Go for the Eyes","floor":30.0,"key":"SMITH"},{"data":"Gash","floor":32.0,"key":"SMITH"},{"floor":40.0,"key":"REST"},{"data":"Beam Cell","floor":42.0,"key":"SMITH"},{"floor":49.0,"key":"REST"}],"neow_cost":"NONE","seed_source_timestamp":238132497747300,"circlet_count":0,"master_deck":["AscendersBane","Defend_B+1","Zap+1","Dualcast+1","Hologram+1","All For One","Go for the Eyes+1","Gash+1","Gash","Chill","All For One","Coolheaded+1","Undo+1","Core Surge","Blizzard+1","Beam Cell+1","Hologram+1","Cold Snap","Gash","Gash+1","Cold Snap"],"special_seed":0,"relics":["FrozenCore","Pear","Smiling Mask","Happy Flower","Bag of Marbles","Pocketwatch","Inserter","War Paint"],"potions_floor_usage":[50,50],"damage_taken":[{"damage":12.0,"enemies":"Jaw Worm","floor":1.0,"turns":3.0},{"damage":13.0,"enemies":"2 Louse","floor":2.0,"turns":3.0},{"damage":14.0,"enemies":"Small Slimes","floor":4.0,"turns":3.0},{"damage":4.0,"enemies":"Blue Slaver","floor":11.0,"turns":4.0},{"damage":7.0,"enemies":"Lagavulin","floor":14.0,"turns":5.0},{"damage":42.0,"enemies":"Slime Boss","floor":16.0,"turns":10.0},{"damage":12.0,"enemies":"2 Thieves","floor":18.0,"turns":4.0},{"damage":9.0,"enemies":"Shell Parasite","floor":24.0,"turns":4.0},{"damage":0.0,"enemies":"3 Cultists","floor":28.0,"turns":5.0},{"damage":5.0,"enemies":"Snecko","floor":29.0,"turns":8.0},{"damage":7.0,"enemies":"Champ","floor":33.0,"turns":9.0},{"damage":2.0,"enemies":"3 Darklings","floor":35.0,"turns":4.0},{"damage":4.0,"enemies":"Orb Walker","floor":36.0,"turns":5.0},{"damage":30.0,"enemies":"3 Darklings","floor":37.0,"turns":5.0},{"damage":23.0,"enemies":"4 Shapes","floor":41.0,"turns":7.0},{"damage":8.0,"enemies":"Sphere and 2 Shapes","floor":44.0,"turns":5.0},{"damage":10.0,"enemies":"Writhing Mass","floor":45.0,"turns":6.0},{"damage":0.0,"enemies":"Transient","floor":48.0,"turns":6.0},{"damage":57,"enemies":"Donu and Deca","floor":50,"turns":6}],"seed_played":"-3653579082684369613","potions_obtained":[{"floor":0.0,"key":"FocusPotion"},{"floor":0.0,"key":"SteroidPotion"},{"floor":14.0,"key":"LiquidBronze"},{"floor":16.0,"key":"Swift Potion"},{"floor":24.0,"key":"Block Potion"},{"floor":28.0,"key":"Swift Potion"},{"floor":35.0,"key":"EssenceOfSteel"},{"floor":45.0,"key":"Explosive Potion"},{"floor":48.0,"key":"Ancient Potion"}],"is_trial":false,"path_per_floor":["M","M","?","M","?","R","?","R","T","$","M","R","T","E","R","B",null,"M","$","?","T","$","R","M","R","T","R","M","M","R","$","R","B",null,"M","M","M","?","$","R","M","R","T","M","M","?","?","M","R","B"],"character_chosen":"DEFECT","items_purchased":["Gash","Coolheaded","Strength Potion","Cold Snap"],"campfire_rested":5,"item_purchase_floors":[10,19,31,39],"current_hp_per_floor":[52,39,56,42,21,42,42,63,73,73,69,69,69,62,62,20,66,54,54,54,54,54,54,45,69,69,69,69,64,64,64,64,57,75,73,69,39,39,39,63,40,40,40,32,22,22,22,22,46,0],"gold":114,"neow_bonus":"THREE_SMALL_POTIONS","is_prod":false,"is_daily":false,"chose_seed":false,"campfire_upgraded":7,"win_rate":0,"timestamp":1561396524,"path_taken":["M","M","?","M","?","R","?","R","T","$","M","R","?","E","R","BOSS","M","$","?","?","?","R","M","R","T","R","M","M","R","$","R","BOSS","M","M","M","?","$","R","M","R","T","M","M","?","?","M","R","BOSS"],"build_version":"2019-01-23","purchased_purges":4,"victory":false,"max_hp_per_floor":[71,71,71,71,71,71,71,71,81,81,81,81,81,81,81,81,81,81,81,81,81,81,81,81,81,81,81,81,81,81,81,81,81,81,81,81,81,81,81,81,81,81,81,81,81,81,81,81,81,81],"card_choices":[{"not_picked":["Rebound","Go for the Eyes"],"picked":"Hologram","floor":1.0},{"not_picked":["Hologram","Melter"],"picked":"All For One","floor":2.0},{"not_picked":["Compile Driver","BootSequence"],"picked":"Go for the Eyes","floor":4.0},{"not_picked":["Go for the Eyes","Doom and Gloom"],"picked":"Gash","floor":11.0},{"not_picked":["Echo Form","Barrage"],"picked":"Chill","floor":14.0},{"not_picked":["Machine Learning","Electrodynamics"],"picked":"All For One","floor":16.0},{"not_picked":["Aggregate","Compile Driver","Turbo"],"picked":"SKIP","floor":18.0},{"not_picked":["Sweeping Beam","Rip and Tear"],"picked":"Undo+1","floor":24.0},{"not_picked":["Chaos","Hello World+1","Fusion+1"],"picked":"SKIP","floor":28.0},{"not_picked":["Compile Driver+1","Coolheaded","Rainbow"],"picked":"SKIP","floor":29.0},{"not_picked":["Fission","Electrodynamics"],"picked":"Core Surge","floor":33.0},{"not_picked":["Sweeping Beam","Cold Snap"],"picked":"Blizzard+1","floor":35.0},{"not_picked":["Turbo+1","Rebound+1"],"picked":"Beam Cell","floor":36.0},{"not_picked":["Barrage","Static Discharge"],"picked":"Hologram","floor":37.0},{"not_picked":["Stack","Ball Lightning"],"picked":"Gash","floor":41.0},{"not_picked":["Reinforced Body+1","Rebound"],"picked":"Gash+1","floor":44.0},{"not_picked":["Capacitor","Consume+1","Barrage+1"],"picked":"SKIP","floor":45.0},{"not_picked":["Meteor Strike","Leap"],"picked":"Cold Snap","floor":48.0}],"player_experience":733702,"relics_obtained":[{"floor":9.0,"key":"Pear"},{"floor":13.0,"key":"Smiling Mask"},{"floor":14.0,"key":"Happy Flower"},{"floor":21.0,"key":"Bag of Marbles"},{"floor":26.0,"key":"Pocketwatch"},{"floor":43.0,"key":"War Paint"}],"event_choices":[{"damage_healed":17.0,"max_hp_gain":0.0,"max_hp_loss":0.0,"gold_gain":0.0,"event_name":"The Cleric","player_choice":"Healed","floor":3.0,"gold_loss":35.0,"damage_taken":0.0},{"damage_healed":0.0,"max_hp_gain":0.0,"max_hp_loss":0.0,"gold_gain":0.0,"event_name":"Shining Light","player_choice":"Entered Light","floor":5.0,"gold_loss":0.0,"damage_taken":21.0,"cards_upgraded":["Defend_B","Strike_B"]},{"cards_removed":["Strike_B"],"damage_healed":0.0,"max_hp_gain":0.0,"max_hp_loss":0.0,"gold_gain":0.0,"event_name":"Living Wall","player_choice":"Forget","floor":7.0,"gold_loss":0.0,"damage_taken":0.0},{"damage_healed":0.0,"max_hp_gain":0.0,"max_hp_loss":0.0,"gold_gain":0.0,"event_name":"The Mausoleum","player_choice":"Ignored","floor":20.0,"gold_loss":0.0,"damage_taken":0.0},{"damage_healed":0.0,"max_hp_gain":0.0,"max_hp_loss":0.0,"gold_gain":0.0,"event_name":"Mysterious Sphere","player_choice":"Ignored","floor":38.0,"gold_loss":0.0,"damage_taken":0.0},{"cards_removed":["Defend_B"],"damage_healed":0.0,"max_hp_gain":0.0,"max_hp_loss":0.0,"gold_gain":0.0,"event_name":"Falling","player_choice":"Removed Skill","floor":46.0,"gold_loss":0.0,"damage_taken":0.0},{"cards_removed":["Strike_B"],"damage_healed":0.0,"max_hp_gain":0.0,"max_hp_loss":0.0,"gold_gain":0.0,"event_name":"Purifier","player_choice":"Purged","floor":47.0,"gold_loss":0.0,"damage_taken":0.0}],"is_beta":false,"boss_relics":[{"not_picked":["Tiny House","Astrolabe"],"picked":"FrozenCore"},{"not_picked":["Snecko Eye","Sozu"],"picked":"Inserter"}],"items_purged_floors":[19,22,31,39],"is_endless":false,"potions_floor_spawned":[4,14,16,24,28,35,36,45,48],"killed_by":"Donu and Deca","ascension_level":20}