{"gold_per_floor":[112,37,37,90,106,145,145,189,189,125,164,164,185,204,204,323,323,342,366,366,366,380,380],"floor_reached":23,"playtime":924,"items_purged":[],"score":282,"play_id":"5a09ae89-1d40-4ab8-86f3-5ac3a8a6a0e4","local_time":"20190428173016","is_ascension_mode":true,"campfire_choices":[{"data":"Zap","floor":7,"key":"SMITH"},{"floor":12,"key":"REST"},{"data":"Sweeping Beam","floor":15,"key":"SMITH"}],"neow_cost":"NONE","seed_source_timestamp":497061415052314,"circlet_count":0,"master_deck":["Strike_B","Strike_B","Strike_B","Strike_B","Defend_B","Defend_B","Defend_B","Defend_B","Zap+1","Dualcast","Cold Snap","Melter","Injury","Sweeping Beam+1","Self Repair","Ball Lightning","Ball Lightning","FTL+1","Ghostly","Ghostly","Ghostly","Ghostly","Ghostly","Conserve Battery"],"relics":["Cracked Core","NeowsBlessing","Golden Idol","Dead Branch","Darkstone Periapt","PreservedInsect","Potion Belt","Fusion Hammer","Nilry\u0027s Codex"],"potions_floor_usage":[8,8,22],"damage_taken":[{"damage":0,"enemies":"2 Louse","floor":1,"turns":1},{"damage":0,"enemies":"Cultist","floor":5,"turns":1},{"damage":0,"enemies":"Gremlin Nob","floor":6,"turns":1},{"damage":36,"enemies":"Lagavulin","floor":8,"turns":6},{"damage":11,"enemies":"Gremlin Nob","floor":11,"turns":3},{"damage":7,"enemies":"Jaw Worm","floor":13,"turns":3},{"damage":6,"enemies":"Looter","floor":14,"turns":2},{"damage":13,"enemies":"Slime Boss","floor":16,"turns":8},{"damage":14,"enemies":"Shell Parasite","floor":18,"turns":3},{"damage":0,"enemies":"Spheric Guardian","floor":19,"turns":2},{"damage":27,"enemies":"Centurion and Healer","floor":22,"turns":9},{"damage":10,"enemies":"Slavers","floor":23,"turns":1}],"seed_played":"6924575944438124474","potions_obtained":[{"floor":1,"key":"Block Potion"},{"floor":5,"key":"PowerPotion"},{"floor":8,"key":"FairyPotion"},{"floor":14,"key":"Swift Potion"}],"is_trial":false,"path_per_floor":["M","$","?","?","M","E","R","E","T","?","E","R","M","M","R","B",null,"M","M","?","?","M","E"],"character_chosen":"DEFECT","items_purchased":["Melter"],"campfire_rested":1,"item_purchase_floors":[2],"current_hp_per_floor":[75,75,75,75,75,75,75,39,39,39,35,57,57,51,51,45,75,61,61,37,21,10,0],"gold":380,"neow_bonus":"THREE_ENEMY_KILL","is_prod":false,"is_daily":false,"chose_seed":false,"campfire_upgraded":2,"win_rate":0,"timestamp":1556436616,"path_taken":["M","$","?","?","M","E","R","E","T","?","E","R","M","M","R","BOSS","M","?","?","?","M","E"],"build_version":"2019-01-23","purchased_purges":0,"victory":false,"max_hp_per_floor":[75,75,75,75,75,75,75,75,75,75,75,75,75,75,75,75,75,75,75,37,37,37,37],"card_choices":[{"not_picked":["Lockon","Chill"],"picked":"Cold Snap","floor":1},{"not_picked":["White Noise","Hologram"],"picked":"Sweeping Beam","floor":5},{"not_picked":["Go for the Eyes","Coolheaded","Cold Snap"],"picked":"SKIP","floor":6},{"not_picked":["Turbo","Redo"],"picked":"Self Repair","floor":8},{"not_picked":["Glacier","Thunder Strike"],"picked":"Ball Lightning","floor":11},{"not_picked":["Compile Driver","Recycle"],"picked":"Ball Lightning","floor":13},{"not_picked":["Streamline","Double Energy","Stack"],"picked":"SKIP","floor":14},{"not_picked":["Sunder+1","Compile Driver","Coolheaded"],"picked":"SKIP","floor":18},{"not_picked":["Capacitor","Blizzard"],"picked":"FTL+1","floor":19},{"not_picked":["Ball Lightning","Chaos"],"picked":"Conserve Battery","floor":22}],"player_experience":336265,"relics_obtained":[{"floor":6,"key":"Dead Branch"},{"floor":8,"key":"Darkstone Periapt"},{"floor":11,"key":"Potion Belt"},{"floor":21,"key":"Nilry\u0027s Codex"}],"event_choices":[{"damage_healed":0,"gold_gain":0,"player_choice":"Take Wound","damage_taken":0,"relics_obtained":["Golden Idol"],"max_hp_gain":0,"max_hp_loss":0,"event_name":"Golden Idol","floor":3,"gold_loss":0,"cards_obtained":["Injury"]},{"damage_healed":0,"gold_gain":53,"player_choice":"Gained Gold","damage_taken":0,"max_hp_gain":0,"max_hp_loss":0,"event_name":"Golden Wing","floor":4,"gold_loss":0},{"damage_healed":0,"gold_gain":0,"player_choice":"Paid Gold","damage_taken":0,"relics_obtained":["PreservedInsect"],"max_hp_gain":0,"max_hp_loss":0,"event_name":"WeMeetAgain","floor":10,"gold_loss":64},{"damage_healed":0,"gold_gain":0,"player_choice":"Became a Ghost","damage_taken":0,"max_hp_gain":0,"max_hp_loss":38,"event_name":"Ghosts","floor":20,"gold_loss":0,"cards_obtained":["Ghostly","Ghostly","Ghostly","Ghostly","Ghostly"]},{"damage_healed":0,"gold_gain":0,"player_choice":"Obtained Book","damage_taken":16,"max_hp_gain":0,"max_hp_loss":0,"event_name":"Cursed Tome","floor":21,"gold_loss":0}],"is_beta":false,"boss_relics":[{"not_picked":["White Beast Statue","FrozenCore"],"picked":"Fusion Hammer"}],"items_purged_floors":[],"is_endless":false,"potions_floor_spawned":[1,5,8,14],"killed_by":"Slavers","ascension_level":2}