{"gold_per_floor":[119,137,212,212,212,212,246,257,257,289,306,324,171,190,190,190],"floor_reached":16,"playtime":719,"items_purged":[],"score":151,"play_id":"1dac25b6-4456-4651-856a-53664a4b330e","local_time":"20190602134730","is_ascension_mode":true,"campfire_choices":[{"data":"Blade Dance","floor":6,"key":"SMITH"},{"floor":15,"key":"REST"}],"neow_cost":"NONE","seed_source_timestamp":1274801379006092,"circlet_count":0,"master_deck":["Defend_G","Defend_G","Defend_G","Defend_G","Defend_G","Strike_G","Strike_G","Strike_G","Strike_G","Survivor","Neutralize","Blade Dance+1","Calculated Gamble","Finisher","A Thousand Cuts","Deflect","Blur","Impatience","Cloak And Dagger"],"relics":["Ring of the Snake","NeowsBlessing","Thread and Needle","Darkstone Periapt"],"potions_floor_usage":[10],"damage_taken":[{"damage":0,"enemies":"2 Louse","floor":1,"turns":1},{"damage":0,"enemies":"Small Slimes","floor":2,"turns":1},{"damage":0,"enemies":"3 Sentries","floor":7,"turns":1},{"damage":0,"enemies":"Cultist","floor":8,"turns":3},{"damage":26,"enemies":"Lagavulin","floor":10,"turns":6},{"damage":0,"enemies":"Blue Slaver","floor":11,"turns":1},{"damage":7,"enemies":"Exordium Thugs","floor":12,"turns":5},{"damage":14,"enemies":"Lots of Slimes","floor":14,"turns":4},{"damage":35,"enemies":"Hexaghost","floor":16,"turns":14}],"seed_played":"-1136444315290139858","potions_obtained":[{"floor":2,"key":"FearPotion"},{"floor":7,"key":"Ancient Potion"},{"floor":11,"key":"SpeedPotion"}],"is_trial":false,"path_per_floor":["M","M","?","?","?","R","E","M","T","E","M","M","$","M","R","B"],"character_chosen":"THE_SILENT","items_purchased":["Blur","Impatience"],"campfire_rested":1,"item_purchase_floors":[13,13],"current_hp_per_floor":[70,70,59,59,59,59,59,59,59,33,33,26,26,12,33,0],"gold":190,"neow_bonus":"THREE_ENEMY_KILL","is_prod":false,"is_daily":false,"chose_seed":false,"campfire_upgraded":1,"win_rate":0,"timestamp":1559447250,"path_taken":["M","M","?","?","?","R","E","?","T","E","M","M","$","M","R","BOSS"],"build_version":"2019-01-23","purchased_purges":0,"victory":false,"max_hp_per_floor":[70,70,70,70,70,70,70,70,70,70,70,70,70,70,70,70],"card_choices":[{"not_picked":["Quick Slash","Poisoned Stab"],"picked":"Blade Dance","floor":1},{"not_picked":["Acrobatics","Underhanded Strike","Calculated Gamble"],"picked":"SKIP","floor":2},{"not_picked":["Phantasmal Killer","Prepared"],"picked":"Finisher","floor":7},{"not_picked":["Underhanded Strike","Deadly Poison","Dodge and Roll"],"picked":"SKIP","floor":8},{"not_picked":["Outmaneuver","Choke","Slice"],"picked":"SKIP","floor":10},{"not_picked":["Quick Slash","Poisoned Stab"],"picked":"A Thousand Cuts","floor":11},{"not_picked":["Dash","Poisoned Stab"],"picked":"Deflect","floor":12},{"not_picked":["Eviscerate","Escape Plan"],"picked":"Cloak And Dagger","floor":14}],"player_experience":410349,"relics_obtained":[{"floor":7,"key":"Thread and Needle"},{"floor":10,"key":"Darkstone Periapt"}],"event_choices":[{"damage_healed":0,"gold_gain":75,"player_choice":"Gather Gold","damage_taken":11,"max_hp_gain":0,"max_hp_loss":0,"event_name":"World of Goop","floor":3,"gold_loss":0},{"damage_healed":0,"gold_gain":0,"player_choice":"Ignored","damage_taken":0,"max_hp_gain":0,"max_hp_loss":0,"event_name":"Golden Wing","floor":4,"gold_loss":0},{"damage_healed":0,"gold_gain":0,"cards_transformed":["Strike_G"],"player_choice":"Transformed","damage_taken":0,"max_hp_gain":0,"max_hp_loss":0,"event_name":"Transmorgrifier","floor":5,"gold_loss":0,"cards_obtained":["Calculated Gamble"]}],"is_beta":false,"boss_relics":[],"items_purged_floors":[],"is_endless":false,"potions_floor_spawned":[2,7,11],"killed_by":"Hexaghost","ascension_level":2}