{"gold_per_floor":[116,116,116,136,136,162,179,179,179,210,210,112,112,123,123,227,227,242,255,7,207,219,219,238,270,270,270,3,20,39,68,68,165,165,183,183,104,104,154,154,188,188,237,249,267,301,314,348,348,348,348,348,18,18],"floor_reached":54,"playtime":4021,"items_purged":["Strike_B"],"score":1018,"play_id":"23fa61b0-3bb1-4673-b965-5aab12f56667","local_time":"20190602114857","is_ascension_mode":true,"campfire_choices":[{"floor":11.0,"key":"RECALL"},{"data":"Conserve Battery","floor":15.0,"key":"SMITH"},{"floor":23.0,"key":"REST"},{"floor":27.0,"key":"REST"},{"floor":32.0,"key":"REST"},{"floor":40.0,"key":"REST"},{"floor":42.0,"key":"REST"},{"floor":49,"key":"REST"},{"data":"Creative AI","floor":52,"key":"SMITH"}],"neow_cost":"NONE","seed_source_timestamp":0,"circlet_count":0,"master_deck":["Strike_B","Strike_B","Defend_B","Defend_B","Defend_B+1","Defend_B","Zap","Dualcast","Ball Lightning+1","Rebound","Conserve Battery+1","Beam Cell+1","Redo+1","Deep Breath+1","Sweeping Beam","Creative AI+1","Sunder","Chaos+1","Amplify+1","Cold Snap+1","Cold Snap+1","Go for the Eyes+1","Buffer+1","Conserve Battery+1","Core Surge+1","Madness+1","Madness+1","Loop+1","Double Energy+1","Glacier+1","Leap+1","Cold Snap+1","Parasite","Force Field+1","Loop+1"],"special_seed":0,"relics":["Cracked Core","NeowsBlessing","Meat on the Bone","Pantograph","Toxic Egg 2","Pear","Art of War","Runic Dome","Molten Egg 2","Ancient Tea Set","Frozen Egg 2","Membership Card","Bag of Preparation","Unceasing Top","Black Star","Calipers","Strawberry","Juzu Bracelet","Mummified Hand","Regal Pillow","Dodecahedron","Mercury Hourglass","Happy Flower","Lantern","Frozen Eye"],"potions_floor_usage":[],"damage_taken":[{"damage":0.0,"enemies":"2 Louse","floor":1.0,"turns":1.0},{"damage":0.0,"enemies":"Small Slimes","floor":4.0,"turns":1.0},{"damage":0.0,"enemies":"3 Sentries","floor":6.0,"turns":2.0},{"damage":7.0,"enemies":"Jaw Worm","floor":7.0,"turns":2.0},{"damage":20.0,"enemies":"Lagavulin","floor":10.0,"turns":4.0},{"damage":0.0,"enemies":"Large Slime","floor":14.0,"turns":3.0},{"damage":41.0,"enemies":"Slime Boss","floor":16.0,"turns":9.0},{"damage":2.0,"enemies":"Chosen","floor":18.0,"turns":4.0},{"damage":40.0,"enemies":"3 Byrds","floor":19.0,"turns":5.0},{"damage":15.0,"enemies":"Snake Plant","floor":22.0,"turns":3.0},{"damage":46.0,"enemies":"Centurion and Healer","floor":24.0,"turns":4.0},{"damage":19.0,"enemies":"Gremlin Leader","floor":25.0,"turns":3.0},{"damage":0.0,"enemies":"Shelled Parasite and Fungi","floor":29.0,"turns":2.0},{"damage":16.0,"enemies":"Sentry and Sphere","floor":30.0,"turns":5.0},{"damage":42.0,"enemies":"Book of Stabbing","floor":31.0,"turns":6.0},{"damage":54.0,"enemies":"Collector","floor":33.0,"turns":8.0},{"damage":6.0,"enemies":"Orb Walker","floor":35.0,"turns":3.0},{"damage":52.0,"enemies":"2 Orb Walkers","floor":39.0,"turns":7.0},{"damage":30.0,"enemies":"Nemesis","floor":41.0,"turns":9.0},{"damage":23.0,"enemies":"3 Shapes","floor":44.0,"turns":5.0},{"damage":0.0,"enemies":"Spire Growth","floor":45.0,"turns":6.0},{"damage":13,"enemies":"Giant Head","floor":46,"turns":5},{"damage":0,"enemies":"Writhing Mass","floor":47,"turns":6},{"damage":18,"enemies":"Nemesis","floor":48,"turns":9},{"damage":82,"enemies":"Time Eater","floor":50,"turns":16},{"damage":92,"enemies":"Shield and Spear","floor":54,"turns":5}],"seed_played":"8373692288150743019","potions_obtained":[{"floor":1.0,"key":"Fire Potion"},{"floor":4.0,"key":"EssenceOfSteel"},{"floor":10.0,"key":"Swift Potion"},{"floor":14.0,"key":"PowerPotion"},{"floor":25.0,"key":"Fire Potion"},{"floor":30.0,"key":"PowerPotion"},{"floor":31.0,"key":"Explosive Potion"},{"floor":33.0,"key":"Fire Potion"},{"floor":39.0,"key":"Explosive Potion"},{"floor":41.0,"key":"Fire Potion"},{"floor":44.0,"key":"PowerPotion"}],"is_trial":false,"path_per_floor":["M","?","?","M","?","E","M","?","T","E","R","$","?","M","R","B",null,"M","M","$","?","M","R","M","E","T","R","$","M","M","E","R","B",null,"M","?","$","?","?","R","E","R","T","M","M","E","M","E","R","B",null,"R","$","E"],"character_chosen":"DEFECT","items_purchased":["Deep Breath+1","Molten Egg 2","Membership Card","Bag of Preparation","Core Surge+1","Happy Flower","Loop+1","Lantern","Frozen Eye"],"campfire_rested":6,"item_purchase_floors":[12,20,28,28,37,53,53,53,53],"current_hp_per_floor":[75,72,72,72,72,72,65,50,50,52,52,52,52,52,52,48,85,83,43,43,43,40,65,31,24,24,49,49,49,45,15,40,23,85,79,79,79,68,28,53,42,69,69,58,58,57,57,51,92,22,92,92,92,0],"gold":18,"neow_bonus":"THREE_ENEMY_KILL","is_prod":false,"is_daily":false,"chose_seed":false,"campfire_upgraded":2,"win_rate":0,"timestamp":1559440137,"path_taken":["M","?","?","M","?","E","M","?","T","E","R","?","?","?","R","BOSS","M","M","$","?","M","R","?","E","T","R","$","M","M","E","R","BOSS","M","?","$","?","?","R","E","R","T","M","M","E","M","E","R","BOSS","R","$","E"],"build_version":"2019-01-23","purchased_purges":1,"victory":false,"max_hp_per_floor":[75,75,75,75,75,75,75,75,75,85,85,85,85,85,85,85,85,85,85,85,85,85,85,85,85,85,85,85,85,85,85,85,85,85,85,85,85,85,85,85,92,92,92,92,92,92,92,92,92,92,92,92,92,92],"card_choices":[{"not_picked":["Redo","Consume"],"picked":"Ball Lightning","floor":1.0},{"not_picked":["Hello World","Genetic Algorithm"],"picked":"Rebound","floor":4.0},{"not_picked":["Coolheaded","Beam Cell"],"picked":"Conserve Battery","floor":6.0},{"not_picked":["Self Repair","Storm"],"picked":"Beam Cell","floor":7.0},{"not_picked":["Beam Cell","Chill+1"],"picked":"Redo+1","floor":10.0},{"not_picked":["Beam Cell","Streamline"],"picked":"Sweeping Beam","floor":14.0},{"not_picked":["All For One","Electrodynamics"],"picked":"Creative AI","floor":16.0},{"not_picked":["Gash","Streamline"],"picked":"Sunder","floor":18.0},{"not_picked":["Gash","Go for the Eyes","Auto Shields+1"],"picked":"SKIP","floor":19.0},{"not_picked":["Go for the Eyes+1","Barrage+1","Streamline+1"],"picked":"SKIP","floor":22.0},{"not_picked":["Sweeping Beam+1","Conserve Battery+1"],"picked":"Chaos+1","floor":24.0},{"not_picked":["Beam Cell+1","Redo+1"],"picked":"Amplify+1","floor":25.0},{"not_picked":["Steam+1","Rebound+1"],"picked":"Cold Snap+1","floor":29.0},{"not_picked":["Coolheaded+1","Ball Lightning+1"],"picked":"Cold Snap+1","floor":30.0},{"not_picked":["Auto Shields+1","Barrage+1"],"picked":"Go for the Eyes+1","floor":31.0},{"not_picked":["Electrodynamics+1","Amplify+1"],"picked":"Buffer+1","floor":33.0},{"not_picked":["Rebound+1","Barrage+1"],"picked":"Conserve Battery+1","floor":35.0},{"not_picked":["Beam Cell+1","Doom and Gloom+1"],"picked":"Loop+1","floor":39.0},{"not_picked":["Hello World+1","FTL+1"],"picked":"Double Energy+1","floor":41.0},{"not_picked":["Beam Cell+1","Auto Shields+1"],"picked":"Glacier+1","floor":44.0},{"not_picked":["Turbo+1","Heatsinks+1"],"picked":"Leap+1","floor":45.0},{"not_picked":["Leap+1","Creative AI+1"],"picked":"Cold Snap+1","floor":46},{"not_picked":["Sweeping Beam+1","Self Repair+1"],"picked":"Force Field+1","floor":47},{"not_picked":["Steam+1","Go for the Eyes+1","Reprogram+1"],"picked":"SKIP","floor":48}],"player_experience":400641,"relics_obtained":[{"floor":6.0,"key":"Pantograph"},{"floor":9.0,"key":"Toxic Egg 2"},{"floor":10.0,"key":"Pear"},{"floor":25.0,"key":"Ancient Tea Set"},{"floor":26.0,"key":"Frozen Egg 2"},{"floor":31.0,"key":"Unceasing Top"},{"floor":39.0,"key":"Calipers"},{"floor":41.0,"key":"Strawberry"},{"floor":41.0,"key":"Juzu Bracelet"},{"floor":46,"key":"Mummified Hand"},{"floor":46,"key":"Regal Pillow"},{"floor":48,"key":"Dodecahedron"},{"floor":48,"key":"Mercury Hourglass"}],"event_choices":[{"damage_healed":0.0,"max_hp_gain":0.0,"max_hp_loss":0.0,"gold_gain":0.0,"event_name":"Scrap Ooze","player_choice":"Success","floor":2.0,"gold_loss":0.0,"damage_taken":3.0,"relics_obtained":["Meat on the Bone"]},{"damage_healed":0.0,"max_hp_gain":0.0,"max_hp_loss":0.0,"gold_gain":0.0,"event_name":"Living Wall","player_choice":"Grow","floor":3.0,"gold_loss":0.0,"damage_taken":0.0,"cards_upgraded":["Ball Lightning"]},{"damage_healed":0.0,"max_hp_gain":0.0,"max_hp_loss":0.0,"gold_gain":0.0,"event_name":"The Cleric","player_choice":"Leave","floor":5.0,"gold_loss":0.0,"damage_taken":0.0},{"damage_healed":0.0,"max_hp_gain":0.0,"max_hp_loss":0.0,"gold_gain":0.0,"event_name":"Shining Light","player_choice":"Entered Light","floor":8.0,"gold_loss":0.0,"damage_taken":15.0,"cards_upgraded":["Beam Cell","Defend_B"]},{"damage_healed":0.0,"max_hp_gain":0.0,"max_hp_loss":0.0,"gold_gain":0.0,"event_name":"Dead Adventurer","player_choice":"Searched \u00272\u0027 times","floor":13.0,"gold_loss":0.0,"damage_taken":0.0,"relics_obtained":["Art of War"]},{"damage_healed":0.0,"max_hp_gain":0.0,"max_hp_loss":0.0,"gold_gain":200.0,"event_name":"Wheel of Change","player_choice":"Gold","floor":21.0,"gold_loss":0.0,"damage_taken":0.0},{"cards_removed":["Strike_B"],"damage_healed":0.0,"max_hp_gain":0.0,"max_hp_loss":0.0,"gold_gain":0.0,"event_name":"Falling","player_choice":"Removed Attack","floor":36.0,"gold_loss":0.0,"damage_taken":0.0},{"damage_healed":0.0,"max_hp_gain":0.0,"max_hp_loss":0.0,"gold_gain":0.0,"event_name":"Winding Halls","player_choice":"Embrace Madness","floor":38.0,"gold_loss":0.0,"damage_taken":11.0,"cards_obtained":["Madness","Madness"]},{"damage_healed":0.0,"max_hp_gain":0.0,"max_hp_loss":0.0,"gold_gain":0.0,"event_name":"Mysterious Sphere","player_choice":"Fight","floor":39.0,"gold_loss":0.0,"damage_taken":0.0}],"is_beta":false,"boss_relics":[{"not_picked":["Sozu","Empty Cage"],"picked":"Runic Dome"},{"not_picked":["Velvet Choker","Eternal Feather"],"picked":"Black Star"}],"items_purged_floors":[53],"is_endless":false,"potions_floor_spawned":[1,4,10,14,19,25,30,31,33,39,41,44],"killed_by":"Shield and Spear","ascension_level":3}