{"gold_per_floor":[110,110,110,110,129,160,90,124,147,147,174,174,194,194],"floor_reached":14,"playtime":475,"items_purged":[],"score":157,"play_id":"b4d21447-19d2-4939-996d-cbe98db1784b","local_time":"20190609162650","is_ascension_mode":true,"campfire_choices":[{"data":"Corruption","floor":10,"key":"SMITH"}],"neow_cost":"NONE","seed_source_timestamp":1889419304934607,"circlet_count":0,"master_deck":["Strike_R","Strike_R","Strike_R","Strike_R","Defend_R+1","Defend_R+1","Defend_R","Defend_R","Bash","Clothesline","Pommel Strike","Disarm","Corruption+1","Demon Form"],"relics":["Burning Blood","NeowsBlessing","Boot","Omamori","War Paint","Potion Belt"],"potions_floor_usage":[11],"damage_taken":[{"damage":0,"enemies":"2 Louse","floor":1,"turns":1},{"damage":0,"enemies":"Jaw Worm","floor":5,"turns":1},{"damage":0,"enemies":"Lagavulin","floor":6,"turns":1},{"damage":24,"enemies":"Gremlin Nob","floor":8,"turns":4},{"damage":54,"enemies":"Lagavulin","floor":11,"turns":7},{"damage":1,"enemies":"Cultist","floor":13,"turns":4},{"damage":19,"enemies":"Red Slaver","floor":14,"turns":4}],"seed_played":"3377886303590340521","potions_obtained":[{"floor":1,"key":"SkillPotion"},{"floor":5,"key":"Strength Potion"}],"is_trial":false,"path_per_floor":["M","?","?","$","M","E","$","E","T","R","E","?","M","M"],"character_chosen":"IRONCLAD","items_purchased":["Disarm"],"campfire_rested":0,"item_purchase_floors":[7],"current_hp_per_floor":[80,80,80,80,80,80,80,62,62,62,14,14,19,0],"gold":194,"neow_bonus":"THREE_ENEMY_KILL","is_prod":false,"is_daily":false,"chose_seed":false,"campfire_upgraded":1,"win_rate":0,"timestamp":1560061610,"path_taken":["M","?","?","$","?","E","?","E","T","R","E","?","M","M"],"build_version":"2019-01-23","purchased_purges":0,"victory":false,"max_hp_per_floor":[80,80,80,80,80,80,80,80,80,80,80,80,80,80],"card_choices":[{"not_picked":["Ghostly Armor","Second Wind","Rupture"],"picked":"SKIP","floor":1},{"not_picked":["Sword Boomerang","Wild Strike"],"picked":"Clothesline","floor":5},{"not_picked":["Iron Wave","Rampage"],"picked":"Pommel Strike","floor":6},{"not_picked":["Battle Trance","Pommel Strike"],"picked":"Corruption","floor":8},{"not_picked":["Clash","Armaments"],"picked":"Demon Form","floor":11},{"not_picked":["Clothesline","Perfected Strike","Clash"],"picked":"SKIP","floor":13}],"player_experience":441970,"relics_obtained":[{"floor":6,"key":"Boot"},{"floor":8,"key":"Omamori"},{"floor":9,"key":"War Paint"},{"floor":11,"key":"Potion Belt"}],"event_choices":[{"damage_healed":0,"gold_gain":0,"player_choice":"Leave","damage_taken":0,"max_hp_gain":0,"max_hp_loss":0,"event_name":"The Cleric","floor":2,"gold_loss":0},{"cards_removed":["Strike_R"],"damage_healed":0,"gold_gain":0,"player_choice":"Purged","damage_taken":0,"max_hp_gain":0,"max_hp_loss":0,"event_name":"Purifier","floor":3,"gold_loss":0},{"damage_healed":0,"gold_gain":0,"player_choice":"Ignored","damage_taken":0,"max_hp_gain":0,"max_hp_loss":0,"event_name":"Golden Idol","floor":12,"gold_loss":0}],"is_beta":false,"boss_relics":[],"items_purged_floors":[],"is_endless":false,"potions_floor_spawned":[1,5],"killed_by":"Red Slaver","ascension_level":4}