{"path_per_floor":["M","?","?","M","?","E","M","R","T","M","R","T","?","$","R","B",null,"M","?","?","?","?","R","M","R","T","$","M","?","E"],"character_chosen":"IRONCLAD","items_purchased":["Mind Blast","Burning Pact","Power Through"],"gold_per_floor":[112,112,112,126,126,158,178,178,204,222,222,222,222,10,10,10,40,41,41,41,41,41,41,53,53,53,53,64,64,98],"floor_reached":31,"campfire_rested":2,"playtime":1645,"current_hp_per_floor":[76,76,76,79,63,49,48,72,72,75,75,75,75,75,75,45,85,71,71,71,71,56,83,89,89,89,89,90,90,10],"items_purged":[],"gold":98,"play_id":"70d8c7fb-f3e3-45b8-9001-4b436897ef4d","is_prod":false,"is_daily":false,"is_ascension_mode":false,"campfire_upgraded":3,"path_taken":["M","?","?","M","?","E","M","R","T","M","R","?","?","?","R","BOSS","M","?","?","?","?","R","M","R","T","?","M","?","E","M"],"build_version":"2018-02-01-PROD3","purchased_purges":0,"victory":false,"master_deck":["Strike_R","Strike_R+1","Strike_R+1","Strike_R+1","Defend_R+1","Defend_R","Defend_R","Defend_R","Bash+1","Headbutt+1","Pommel Strike","Armaments","Iron Wave+1","Perfected Strike","Juggernaut","Mind Blast+1","Burning Pact","Power Through","Bludgeon","Whirlwind","Searing Blow+2","Mind Blast+1","Thunderclap","Reckless Charge","Metallicize+1"],"max_hp_per_floor":[80,80,80,80,80,80,80,80,80,80,80,80,80,80,80,80,85,85,85,85,85,90,90,90,90,90,90,90,90,90],"relics":["Burning Blood","Champion Belt","Whetstone","Tiny House","Bag of Marbles","Ginger","Peace Pipe"],"card_choices":[{"not_picked":["Feel No Pain","Bloodletting"],"picked":"Headbutt"},{"not_picked":["Intimidate","Twin Strike"],"picked":"Pommel Strike"},{"not_picked":["Warcry","Seeing Red"],"picked":"Armaments"},{"not_picked":["Battle Trance","Armaments"],"picked":"Iron Wave"},{"not_picked":["Offering","Shrug It Off"],"picked":"Perfected Strike"},{"not_picked":["Fiend Fire","Reaper"],"picked":"Bludgeon"},{"not_picked":["Intimidate","Feel No Pain"],"picked":"Whirlwind"},{"not_picked":["Shrug It Off","Burning Pact"],"picked":"Searing Blow"},{"not_picked":["Clothesline","Headbutt"],"picked":"Thunderclap"},{"not_picked":["Uppercut","Warcry"],"picked":"Reckless Charge"},{"not_picked":["Flex","Anger"],"picked":"Metallicize"}],"player_experience":0,"potions_floor_usage":[6],"damage_taken":[{"damage":10,"enemies":"Cultist","floor":1,"turns":4},{"damage":3,"enemies":"Small Slimes","floor":4,"turns":2},{"damage":20,"enemies":"Lagavulin","floor":6,"turns":5},{"damage":7,"enemies":"Blue Slaver","floor":7,"turns":3},{"damage":3,"enemies":"2 Fungi Beasts","floor":10,"turns":3},{"damage":36,"enemies":"The Guardian","floor":16,"turns":8},{"damage":20,"enemies":"2 Thieves","floor":18,"turns":4},{"damage":0,"enemies":"Chosen","floor":24,"turns":2},{"damage":0,"enemies":"Snecko","floor":28,"turns":2},{"damage":86,"enemies":"Gremlin Leader","floor":30,"turns":8},{"damage":21,"enemies":"Cultist and Chosen","floor":31,"turns":3}],"event_choices":[{"event_name":"Living Wall","player_choice":"Grow","floor":2,"damage_taken":0},{"event_name":"Accursed Blacksmith","player_choice":"Forge","floor":3,"damage_taken":0},{"event_name":"Shining Light","player_choice":"Entered Light","floor":5,"damage_taken":0},{"event_name":"Transmorgrifier","player_choice":"Transform","floor":13,"damage_taken":0},{"event_name":"Duplicator","player_choice":"One dupe","floor":19,"damage_taken":0},{"event_name":"The Mausoleum","player_choice":"Yes","floor":20,"damage_taken":0},{"event_name":"Addict","player_choice":"Ignored","floor":21,"damage_taken":0},{"event_name":"Forgotten Altar","player_choice":"Shed Blood","floor":22,"damage_taken":0},{"event_name":"Vampires","player_choice":"Ignored","floor":29,"damage_taken":0}],"boss_relics":[{"not_picked":["Eternal Feather","Question Card"],"picked":"Tiny House"}],"potions_floor_spawned":[1,4,10,28,30],"seed_played":"3377041633376499429","killed_by":"Cultist and Chosen","ascension_level":0,"is_trial":false}