{"gold_per_floor":[118,137,137,188,188,215,215,245,269,299,309,389,451,466,466,564,564,584,72,84,84,84,110,110,121,144,191,203,227,239,265,277,289],"floor_reached":33,"playtime":1970,"items_purged":["Decay"],"score":364,"play_id":"9bc74caa-272b-48a7-af82-402ed59c234b","local_time":"20190609110022","is_ascension_mode":true,"campfire_choices":[{"data":"Demon Form","floor":7,"key":"SMITH"},{"floor":15,"key":"REST"},{"floor":24,"key":"REST"},{"floor":30,"key":"REST"},{"floor":32,"key":"REST"}],"neow_cost":"NONE","seed_source_timestamp":1868334506117059,"circlet_count":0,"master_deck":["Strike_R","Strike_R","Strike_R","Strike_R","Strike_R","Defend_R","Defend_R","Defend_R","Defend_R","Bash+1","Iron Wave","Clothesline","Demon Form+1","Twin Strike","Seeing Red","Disarm","Headbutt","Burning Pact","Juggernaut","Pommel Strike","Bandage Up","Heavy Blade","Double Tap","True Grit","Writhe","Iron Wave","Armaments","Flame Barrier+1","Enlightenment","Heavy Blade+1"],"relics":["Burning Blood","Vajra","Red Skull","StoneCalendar","Strawberry","Question Card","Omamori","Calling Bell","PreservedInsect","Shuriken","Magic Flower","Happy Flower","Juzu Bracelet","Orichalcum","MawBank","Regal Pillow"],"potions_floor_usage":[33,33,33,33,33],"damage_taken":[{"damage":10,"enemies":"Small Slimes","floor":1,"turns":3},{"damage":7,"enemies":"Jaw Worm","floor":2,"turns":2},{"damage":21,"enemies":"Gremlin Nob","floor":6,"turns":4},{"damage":37,"enemies":"3 Sentries","floor":8,"turns":9},{"damage":23,"enemies":"Gremlin Nob","floor":10,"turns":4},{"damage":0,"enemies":"2 Louse","floor":11,"turns":1},{"damage":23,"enemies":"Lagavulin Event","floor":13,"turns":5},{"damage":6,"enemies":"Looter","floor":14,"turns":2},{"damage":13,"enemies":"Hexaghost","floor":16,"turns":7},{"damage":45,"enemies":"Chosen","floor":18,"turns":5},{"damage":11,"enemies":"Spheric Guardian","floor":20,"turns":3},{"damage":55,"enemies":"Book of Stabbing","floor":23,"turns":6},{"damage":13,"enemies":"Snecko","floor":25,"turns":4},{"damage":28,"enemies":"Slavers","floor":27,"turns":5},{"damage":26,"enemies":"Snake Plant","floor":29,"turns":3},{"damage":46,"enemies":"Centurion and Healer","floor":31,"turns":6},{"damage":96,"enemies":"Collector","floor":33,"turns":5}],"seed_played":"-8153249676637155833","potions_obtained":[{"floor":1,"key":"Dexterity Potion"},{"floor":2,"key":"LiquidBronze"},{"floor":8,"key":"Strength Potion"},{"floor":23,"key":"EntropicBrew"}],"is_trial":false,"path_per_floor":["M","M","?","T","T","E","R","E","T","E","M","?","?","M","R","B",null,"M","$","M","?","?","E","R","M","T","E","?","M","R","M","R","B"],"character_chosen":"IRONCLAD","items_purchased":["Bandage Up","Heavy Blade","Happy Flower","Double Tap"],"campfire_rested":4,"item_purchase_floors":[19,19,19,19],"current_hp_per_floor":[76,75,75,75,75,60,60,29,36,19,25,25,8,8,34,27,87,51,51,55,55,55,15,41,43,43,30,30,19,60,29,70,0],"gold":289,"neow_bonus":"UPGRADE_CARD","is_prod":false,"is_daily":false,"chose_seed":false,"campfire_upgraded":1,"win_rate":0,"timestamp":1560042022,"path_taken":["M","M","?","?","?","E","R","E","T","E","?","?","?","M","R","BOSS","M","$","M","?","?","E","R","M","T","E","?","M","R","M","R","BOSS"],"build_version":"2019-01-23","purchased_purges":1,"victory":false,"max_hp_per_floor":[80,80,80,80,80,80,80,80,87,87,87,87,87,87,87,87,87,87,87,87,87,87,87,87,87,87,87,87,87,87,87,87,87],"card_choices":[{"not_picked":["Rampage","Perfected Strike"],"picked":"Iron Wave","floor":1},{"not_picked":["Iron Wave","Reckless Charge"],"picked":"Clothesline","floor":2},{"not_picked":["Rage","Disarm"],"picked":"Demon Form","floor":6},{"not_picked":["Inflame","Clash"],"picked":"Twin Strike","floor":8},{"not_picked":["Anger","Cleave"],"picked":"Seeing Red","floor":10},{"not_picked":["Headbutt","Havoc","Thunderclap"],"picked":"Disarm","floor":11},{"not_picked":["Flex","Body Slam","Infernal Blade"],"picked":"Headbutt","floor":13},{"not_picked":["Wild Strike","Thunderclap","Intimidate"],"picked":"Burning Pact","floor":14},{"not_picked":["Bludgeon","Offering","Barricade"],"picked":"Juggernaut","floor":16},{"not_picked":["Power Through+1","Bloodletting+1","Twin Strike"],"picked":"Pommel Strike","floor":18},{"not_picked":["Ghostly Armor+1","Evolve","Thunderclap"],"picked":"True Grit","floor":20},{"not_picked":["Bludgeon","Corruption","Headbutt+1"],"picked":"Iron Wave","floor":23},{"not_picked":["Heavy Blade","Sever Soul","Body Slam"],"picked":"Armaments","floor":25},{"not_picked":["Ghostly Armor","Sword Boomerang","Spot Weakness+1"],"picked":"Flame Barrier+1","floor":27},{"not_picked":["Fire Breathing","Corruption","Clash+1"],"picked":"Heavy Blade+1","floor":29},{"not_picked":["Inflame","Iron Wave","Rampage","Headbutt"],"picked":"SKIP","floor":31}],"player_experience":432509,"relics_obtained":[{"floor":4,"key":"Vajra"},{"floor":6,"key":"Red Skull"},{"floor":8,"key":"StoneCalendar"},{"floor":9,"key":"Strawberry"},{"floor":10,"key":"Question Card"},{"floor":13,"key":"Omamori"},{"floor":17,"key":"PreservedInsect"},{"floor":17,"key":"Shuriken"},{"floor":17,"key":"Magic Flower"},{"floor":23,"key":"Orichalcum"},{"floor":26,"key":"MawBank"},{"floor":27,"key":"Regal Pillow"}],"event_choices":[{"damage_healed":0,"gold_gain":0,"player_choice":"Leave","damage_taken":0,"max_hp_gain":0,"max_hp_loss":0,"event_name":"The Cleric","floor":3,"gold_loss":0},{"damage_healed":0,"gold_gain":80,"player_choice":"Gained Gold","damage_taken":0,"max_hp_gain":0,"max_hp_loss":0,"event_name":"Golden Wing","floor":12,"gold_loss":0},{"damage_healed":0,"gold_gain":30,"player_choice":"Searched \u00272\u0027 times","damage_taken":0,"max_hp_gain":0,"max_hp_loss":0,"event_name":"Dead Adventurer","floor":13,"gold_loss":0},{"damage_healed":0,"gold_gain":0,"player_choice":"Opened","damage_taken":0,"relics_obtained":["Juzu Bracelet"],"max_hp_gain":0,"max_hp_loss":0,"event_name":"The Mausoleum","floor":21,"gold_loss":0,"cards_obtained":["Writhe"]},{"damage_healed":0,"gold_gain":0,"player_choice":"Ignored","damage_taken":0,"max_hp_gain":0,"max_hp_loss":0,"event_name":"Duplicator","floor":22,"gold_loss":0},{"damage_healed":0,"gold_gain":0,"player_choice":"1 cards matched","damage_taken":0,"max_hp_gain":0,"max_hp_loss":0,"event_name":"Match and Keep!","floor":28,"gold_loss":0,"cards_obtained":["Enlightenment"]}],"is_beta":false,"boss_relics":[{"not_picked":["Velvet Choker","Eternal Feather"],"picked":"Calling Bell"}],"items_purged_floors":[19],"is_endless":false,"potions_floor_spawned":[1,2,8,11,13,18,20,23,31],"killed_by":"Collector","ascension_level":4}