{"gold_per_floor":[117,117,117,130,130,157,168,179,234,268,268,280,306,320,320,422,422,438,438,438,363,363,363,382,52,52,78,102,114,149,161,173,185],"floor_reached":33,"playtime":1352,"items_purged":[],"score":416,"play_id":"ab1bc7ec-7268-482f-9c09-83e31e057554","local_time":"20190619203302","is_ascension_mode":true,"campfire_choices":[{"data":"Bash","floor":11,"key":"SMITH"},{"floor":15,"key":"REST"},{"floor":23,"key":"REST"},{"floor":32,"key":"REST"}],"neow_cost":"NONE","seed_source_timestamp":528788278146774,"circlet_count":0,"master_deck":["Strike_R","Strike_R","Strike_R","Strike_R","Defend_R","Defend_R","Defend_R","Defend_R","Bash+1","Havoc","Rage","Iron Wave","Cleave","Twin Strike","Intimidate","Blood for Blood","Burning Pact","Pommel Strike","Demon Form","Pummel","Spot Weakness","Infernal Blade","Carnage","Evolve+1"],"relics":["Burning Blood","NeowsBlessing","Mummified Hand","Red Skull","Art of War","Centennial Puzzle","Orichalcum","Oddly Smooth Stone","Fusion Hammer","NlothsMask","Matryoshka","Bag of Marbles","MawBank","Bag of Preparation","Anchor"],"potions_floor_usage":[10,16,33,33],"damage_taken":[{"damage":0,"enemies":"Jaw Worm","floor":1,"turns":1},{"damage":0,"enemies":"2 Louse","floor":4,"turns":1},{"damage":0,"enemies":"Gremlin Nob","floor":6,"turns":1},{"damage":0,"enemies":"Cultist","floor":7,"turns":3},{"damage":0,"enemies":"3 Louse","floor":8,"turns":2},{"damage":43,"enemies":"Lagavulin","floor":10,"turns":6},{"damage":7,"enemies":"Lots of Slimes","floor":12,"turns":3},{"damage":16,"enemies":"Gremlin Nob","floor":13,"turns":4},{"damage":0,"enemies":"Exordium Thugs","floor":14,"turns":3},{"damage":37,"enemies":"Slime Boss","floor":16,"turns":13},{"damage":11,"enemies":"Shell Parasite","floor":18,"turns":5},{"damage":16,"enemies":"3 Byrds","floor":24,"turns":6},{"damage":36,"enemies":"Gremlin Leader","floor":27,"turns":5},{"damage":10,"enemies":"Centurion and Healer","floor":28,"turns":2},{"damage":59,"enemies":"Automaton","floor":33,"turns":6}],"seed_played":"-4776326322165614564","potions_obtained":[{"floor":1,"key":"Weak Potion"},{"floor":8,"key":"SteroidPotion"},{"floor":10,"key":"AttackPotion"},{"floor":12,"key":"PowerPotion"},{"floor":14,"key":"Swift Potion"},{"floor":28,"key":"Fire Potion"}],"is_trial":false,"path_per_floor":["M","?","?","M","?","E","M","M","T","E","R","M","E","M","R","B",null,"M","?","?","?","?","R","M","$","T","E","M","$","T","$","R","B"],"character_chosen":"IRONCLAD","items_purchased":["Matryoshka","Infernal Blade"],"campfire_rested":3,"item_purchase_floors":[25,25],"current_hp_per_floor":[78,60,60,66,66,72,78,80,80,43,43,42,32,38,62,31,68,63,63,48,48,48,73,63,63,63,33,29,29,29,29,54,0],"gold":185,"neow_bonus":"THREE_ENEMY_KILL","is_prod":false,"is_daily":false,"chose_seed":false,"campfire_upgraded":1,"win_rate":0,"timestamp":1560940382,"path_taken":["M","?","?","?","?","E","M","M","T","E","R","?","E","M","R","BOSS","M","?","?","?","?","R","M","$","T","E","?","$","?","?","R","BOSS"],"build_version":"2019-01-23","purchased_purges":0,"victory":false,"max_hp_per_floor":[80,80,80,80,80,80,80,80,80,80,80,80,80,80,80,80,80,80,80,85,85,85,85,85,85,85,85,85,85,85,85,85,85],"card_choices":[{"not_picked":["Metallicize","Wild Strike"],"picked":"Havoc","floor":1},{"not_picked":["Pommel Strike","Power Through"],"picked":"Rage","floor":4},{"not_picked":["Rupture","Clothesline"],"picked":"Iron Wave","floor":6},{"not_picked":["Sword Boomerang","Anger"],"picked":"Cleave","floor":7},{"not_picked":["Heavy Blade","Havoc"],"picked":"Twin Strike","floor":8},{"not_picked":["Second Wind","Sword Boomerang"],"picked":"Intimidate","floor":10},{"not_picked":["Rage","Brutality"],"picked":"Blood for Blood","floor":12},{"not_picked":["Flex","Juggernaut"],"picked":"Burning Pact","floor":13},{"not_picked":["Shrug It Off","Twin Strike"],"picked":"Pommel Strike","floor":14},{"not_picked":["Exhume","Berserk"],"picked":"Demon Form","floor":16},{"not_picked":["Rupture","Body Slam"],"picked":"Pummel","floor":18},{"not_picked":["Warcry","Cleave"],"picked":"Spot Weakness","floor":24},{"not_picked":["Clash","Combust"],"picked":"Carnage","floor":27},{"not_picked":["Searing Blow","Perfected Strike"],"picked":"Evolve+1","floor":28}],"player_experience":464959,"relics_obtained":[{"floor":6,"key":"Art of War"},{"floor":9,"key":"Centennial Puzzle"},{"floor":10,"key":"Orichalcum"},{"floor":13,"key":"Oddly Smooth Stone"},{"floor":26,"key":"Bag of Marbles"},{"floor":27,"key":"MawBank"},{"floor":30,"key":"Bag of Preparation"},{"floor":30,"key":"Anchor"}],"event_choices":[{"damage_healed":0,"gold_gain":0,"player_choice":"Success","damage_taken":18,"relics_obtained":["Mummified Hand"],"max_hp_gain":0,"max_hp_loss":0,"event_name":"Scrap Ooze","floor":2,"gold_loss":0},{"damage_healed":0,"gold_gain":0,"player_choice":"Gave Potion","damage_taken":0,"relics_obtained":["Red Skull"],"max_hp_gain":0,"max_hp_loss":0,"event_name":"WeMeetAgain","floor":3,"gold_loss":0},{"damage_healed":0,"gold_gain":0,"player_choice":"0 cards matched","damage_taken":0,"max_hp_gain":0,"max_hp_loss":0,"event_name":"Match and Keep!","floor":5,"gold_loss":0,"cards_obtained":[]},{"damage_healed":0,"gold_gain":0,"player_choice":"Ignored","damage_taken":0,"max_hp_gain":0,"max_hp_loss":0,"event_name":"Vampires","floor":19,"gold_loss":0},{"damage_healed":0,"gold_gain":0,"player_choice":"Shed Blood","damage_taken":20,"max_hp_gain":5,"max_hp_loss":0,"event_name":"Forgotten Altar","floor":20,"gold_loss":0},{"cards_removed":["Strike_R"],"damage_healed":0,"gold_gain":0,"player_choice":"Gave Gold","damage_taken":0,"max_hp_gain":0,"max_hp_loss":0,"event_name":"Beggar","floor":21,"gold_loss":75},{"damage_healed":0,"gold_gain":0,"player_choice":"Trade","damage_taken":0,"relics_obtained":["NlothsMask"],"max_hp_gain":0,"max_hp_loss":0,"event_name":"FaceTrader","floor":22,"gold_loss":0}],"is_beta":false,"boss_relics":[{"not_picked":["Black Blood","Tiny House"],"picked":"Fusion Hammer"}],"items_purged_floors":[],"is_endless":false,"potions_floor_spawned":[1,8,10,12,14,28],"killed_by":"Automaton","ascension_level":7}