{"gold_per_floor":[112,127,127,146,13,28,28,355,355,375,375],"floor_reached":11,"playtime":869,"items_purged":[],"score":75,"play_id":"0deff4ba-e154-46f5-9415-cbb5b1ae3fb6","local_time":"20180707184730","is_ascension_mode":false,"campfire_choices":[{"data":"Redo","floor":7,"key":"SMITH"}],"neow_cost":"","seed_source_timestamp":28035835880710,"circlet_count":0,"master_deck":["Strike_B","Strike_B","Strike_B","Strike_B","Defend_B","Defend_B","Defend_B","Defend_B","Zap","Dualcast","Coolheaded","Stack","Darkness","Storm","Redo+1","Compile Driver","Coolheaded","Go for the Eyes"],"relics":["Cracked Core","Old Coin","Blue Candle"],"potions_floor_usage":[8],"damage_taken":[{"damage":1,"enemies":"Jaw Worm","floor":1,"turns":4},{"damage":5,"enemies":"Cultist","floor":2,"turns":4},{"damage":0,"enemies":"2 Louse","floor":4,"turns":2},{"damage":14,"enemies":"2 Fungi Beasts","floor":6,"turns":3},{"damage":16,"enemies":"Lagavulin","floor":8,"turns":5},{"damage":17,"enemies":"Large Slime","floor":10,"turns":7},{"damage":34,"enemies":"Gremlin Nob","floor":11,"turns":3}],"seed_played":"4432204161308530251","potions_obtained":[{"floor":1,"key":"Weak Potion"},{"floor":2,"key":"SpeedPotion"},{"floor":3,"key":"Swift Potion"},{"floor":3,"key":"EssenceOfSteel"}],"is_trial":false,"path_per_floor":["M","M","?","M","$","M","R","E","T","M"],"character_chosen":"DEFECT","items_purchased":["Storm","Redo"],"campfire_rested":0,"item_purchase_floors":[5,5],"current_hp_per_floor":[74,69,69,69,69,55,55,39,39,22,0],"gold":375,"neow_bonus":"","is_prod":false,"is_daily":false,"chose_seed":false,"campfire_upgraded":1,"win_rate":0.0,"timestamp":1531003650,"path_taken":["M","M","?","M","$","M","R","E","T","M","E"],"build_version":"2018-07-05","purchased_purges":0,"victory":false,"max_hp_per_floor":[75,75,75,75,75,75,75,75,75,75,75],"card_choices":[{"not_picked":["Beam Cell","Conserve Battery"],"picked":"Coolheaded","floor":1},{"not_picked":["White Noise","Streamline"],"picked":"Stack","floor":2},{"not_picked":["Hologram","Steam"],"picked":"Darkness","floor":4},{"not_picked":["Streamline","Steam"],"picked":"Compile Driver","floor":6},{"not_picked":["Hologram","Lockon"],"picked":"Coolheaded","floor":8},{"not_picked":["Compile Driver","Amplify"],"picked":"Go for the Eyes","floor":10}],"player_experience":217242,"relics_obtained":[{"floor":8,"key":"Old Coin"},{"floor":9,"key":"Blue Candle"}],"event_choices":[{"event_name":"The Lab","player_choice":"Got Potions","floor":3,"damage_taken":0}],"boss_relics":[],"items_purged_floors":[],"is_endless":false,"potions_floor_spawned":[1,2],"killed_by":"Gremlin Nob","ascension_level":0}