{"gold_per_floor":[110,110,110,126,301,301,301,312,339,339],"floor_reached":10,"playtime":300,"items_purged":[],"score":62,"play_id":"89b10a7d-b084-4c7e-b79f-823f5e2277f2","local_time":"20190418155047","is_ascension_mode":true,"campfire_choices":[{"data":"Blade Dance","floor":6,"key":"SMITH"}],"neow_cost":"NONE","seed_source_timestamp":679174751358770,"circlet_count":0,"master_deck":["Defend_G+1","Defend_G+1","Defend_G+1","Defend_G","Defend_G","Strike_G","Strike_G","Strike_G+1","Strike_G","Strike_G","Survivor","Neutralize+1","Blade Dance+1","Doubt","Blur"],"relics":["Ring of the Snake","Bird Faced Urn","War Paint"],"potions_floor_usage":[1,10],"damage_taken":[{"damage":0,"enemies":"Small Slimes","floor":1,"turns":3},{"damage":1,"enemies":"Jaw Worm","floor":4,"turns":3},{"damage":2,"enemies":"Cultist","floor":8,"turns":4},{"damage":7,"enemies":"Gremlin Gang","floor":10,"turns":3}],"seed_played":"8052095761265722127","potions_obtained":[{"floor":0,"key":"Fruit Juice"},{"floor":0,"key":"Ancient Potion"},{"floor":0,"key":"GhostInAJar"},{"floor":1,"key":"Swift Potion"}],"is_trial":false,"path_per_floor":["M","?","?","M","?","R","?","M","T","M"],"character_chosen":"THE_SILENT","items_purchased":[],"campfire_rested":0,"item_purchase_floors":[],"current_hp_per_floor":[75,75,60,59,59,59,52,50,50,43],"gold":339,"neow_bonus":"THREE_SMALL_POTIONS","is_prod":false,"is_daily":false,"chose_seed":false,"campfire_upgraded":1,"win_rate":0,"timestamp":1555566647,"path_taken":["M","?","?","M","?","R","?","M","T","?"],"build_version":"2019-01-23","purchased_purges":0,"victory":false,"max_hp_per_floor":[75,75,75,75,75,75,75,75,75,75],"card_choices":[{"not_picked":["Dagger Throw","Flying Knee","Blur"],"picked":"SKIP","floor":1},{"not_picked":["Leg Sweep","Deadly Poison"],"picked":"Blade Dance","floor":4},{"not_picked":["Endless Agony","Backstab"],"picked":"Blur","floor":8}],"player_experience":321155,"relics_obtained":[{"floor":9,"key":"War Paint"}],"event_choices":[{"damage_healed":0,"gold_gain":0,"player_choice":"Grow","damage_taken":0,"max_hp_gain":0,"max_hp_loss":0,"event_name":"Living Wall","floor":2,"gold_loss":0,"cards_upgraded":["Neutralize"]},{"damage_healed":0,"gold_gain":0,"player_choice":"Entered Light","damage_taken":15,"max_hp_gain":0,"max_hp_loss":0,"event_name":"Shining Light","floor":3,"gold_loss":0,"cards_upgraded":["Strike_G","Defend_G"]},{"damage_healed":0,"gold_gain":175,"player_choice":"AGREE","damage_taken":0,"max_hp_gain":0,"max_hp_loss":0,"event_name":"Liars Game","floor":5,"gold_loss":0,"cards_obtained":["Doubt"]},{"damage_healed":0,"gold_gain":0,"player_choice":"Success","damage_taken":7,"relics_obtained":["Bird Faced Urn"],"max_hp_gain":0,"max_hp_loss":0,"event_name":"Scrap Ooze","floor":7,"gold_loss":0}],"is_beta":false,"boss_relics":[],"items_purged_floors":[],"is_endless":false,"potions_floor_spawned":[1,8],"killed_by":"Gremlin Gang","ascension_level":2}