{"path_per_floor":["M","M","M","M","?","E","M","E","T","?","E","?","$","M","R","B",null,"M","M","?","?","M","R","E","M","T","$","E","?","M","E","R","B",null,"M","?","$","?","?","E","R","M","T","E","?","E","$","M","R","B"],"character_chosen":"IRONCLAD","items_purchased":["Ginger","Battle Trance","Clash","Evolve","Evolve","True Grit","Dropkick"],"gold_per_floor":[115,134,149,163,163,193,203,234,258,258,290,465,45,61,61,161,161,171,184,99,99,110,110,141,159,185,35,63,63,75,110,110,209,209,228,228,147,147,193,224,224,243,269,304,304,335,22,37,37,37],"floor_reached":51,"campfire_rested":1,"playtime":8132,"current_hp_per_floor":[80,80,80,76,69,73,76,58,58,41,47,47,47,52,52,44,87,87,87,87,87,87,87,81,87,87,87,77,61,67,71,71,81,87,87,87,87,87,87,87,87,87,87,50,40,36,36,52,78,69],"items_purged":["Doubt","Strike_R","Combust"],"gold":37,"play_id":"4c2c0404-f331-499c-aaaf-161e216c52b0","is_prod":false,"is_daily":false,"is_ascension_mode":true,"campfire_upgraded":4,"path_taken":["M","M","M","M","?","E","?","E","T","?","E","?","$","M","R","BOSS","M","M","?","?","M","R","E","M","T","$","E","?","M","E","R","BOSS","M","?","?","?","?","E","R","M","T","E","?","E","$","?","R","BOSS"],"build_version":"2018-02-01-PROD3","purchased_purges":3,"victory":true,"master_deck":["Strike_R","Strike_R","Defend_R","Defend_R+1","Defend_R","Defend_R","Bash","Flame Barrier+1","Shockwave+1","Shrug It Off+1","Metallicize+1","Pommel Strike+1","Iron Wave+1","Corruption+1","Battle Trance","Fire Breathing","Reaper","Shrug It Off","Heavy Blade+1","Feel No Pain","Body Slam","Headbutt+1","Clash","Demon Form","Iron Wave","Blood for Blood","Double Tap","Evolve+1","Metallicize+1","Dropkick","Warcry","Infernal Blade+1","Madness","Madness","Shrug It Off+1","Evolve","True Grit","Dropkick","Burning Pact"],"max_hp_per_floor":[80,80,80,80,80,87,87,87,87,87,87,87,87,87,87,87,87,87,87,87,87,87,87,87,87,87,87,87,87,87,87,87,87,87,87,87,87,87,87,87,87,87,87,87,87,87,87,87,87,87],"relics":["Burning Blood","Strawberry","Bottled Tornado","Circlet","Thread and Needle","Ginger","Lizard Tail","Red Skull","War Paint","Oddly Smooth Stone","Meat on the Bone","Nilry\u0027s Codex","Pen Nib","Mark of Pain","Charon\u0027s Ashes","Mercury Hourglass","Happy Flower","Kunai","Bird Faced Urn"],"card_choices":[{"not_picked":["Reckless Charge","Rage"],"picked":"Flame Barrier"},{"not_picked":["Whirlwind","Sword Boomerang"],"picked":"Shockwave"},{"not_picked":["Shockwave","Reckless Charge"],"picked":"Shrug It Off"},{"not_picked":["Whirlwind","Perfected Strike"],"picked":"Metallicize"},{"not_picked":["Sever Soul","Berserk"],"picked":"Pommel Strike"},{"not_picked":["Sword Boomerang","Anger"],"picked":"Combust"},{"not_picked":["Headbutt","Sword Boomerang"],"picked":"Iron Wave"},{"not_picked":["Body Slam","Whirlwind"],"picked":"Corruption"},{"not_picked":["Wild Strike","Cleave"],"picked":"Fire Breathing"},{"not_picked":["Berserk","Brutality"],"picked":"Reaper"},{"not_picked":["Clash","Wild Strike"],"picked":"Shrug It Off"},{"not_picked":["Flex","Headbutt"],"picked":"Heavy Blade"},{"not_picked":["Brutality","Intimidate"],"picked":"Feel No Pain"},{"not_picked":["Sword Boomerang","Fire Breathing"],"picked":"Body Slam"},{"not_picked":["Whirlwind","Wild Strike"],"picked":"Headbutt"},{"not_picked":["Wild Strike","Cleave"],"picked":"Demon Form"},{"not_picked":["Uppercut","Body Slam"],"picked":"Iron Wave"},{"not_picked":["Second Wind","Flex"],"picked":"Blood for Blood"},{"not_picked":["Immolate","Dark Embrace"],"picked":"Double Tap"},{"not_picked":["Clash","Warcry"],"picked":"Dropkick"},{"not_picked":["Double Tap","Cleave"],"picked":"Warcry"},{"not_picked":["Bloodletting","Sword Boomerang"],"picked":"Infernal Blade"},{"not_picked":["Thunderclap","Wild Strike"],"picked":"Shrug It Off"},{"not_picked":["Perfected Strike","Clash"],"picked":"Burning Pact"}],"player_experience":63972,"potions_floor_usage":[24,28,33,39,42,44,50,50],"damage_taken":[{"damage":1.0,"enemies":"Cultist","floor":1.0,"turns":4.0},{"damage":0.0,"enemies":"Small Slimes","floor":2.0,"turns":4.0},{"damage":4.0,"enemies":"Blue Slaver","floor":3.0,"turns":5.0},{"damage":10.0,"enemies":"Large Slime","floor":4.0,"turns":12.0},{"damage":9.0,"enemies":"Gremlin Nob","floor":6.0,"turns":5.0},{"damage":3.0,"enemies":"3 Louse","floor":7.0,"turns":5.0},{"damage":24.0,"enemies":"Lagavulin","floor":8.0,"turns":9.0},{"damage":0.0,"enemies":"Gremlin Nob","floor":11.0,"turns":5.0},{"damage":1.0,"enemies":"Gremlin Gang","floor":14.0,"turns":6.0},{"damage":14.0,"enemies":"Slime Boss","floor":16.0,"turns":13.0},{"damage":6,"enemies":"Chosen","floor":18,"turns":6},{"damage":0,"enemies":"3 Byrds","floor":19,"turns":7},{"damage":0,"enemies":"Snecko","floor":22,"turns":5},{"damage":12,"enemies":"Book of Stabbing","floor":24,"turns":8},{"damage":0,"enemies":"Snake Plant","floor":25,"turns":4},{"damage":24,"enemies":"Slavers","floor":28,"turns":7},{"damage":0,"enemies":"Centurion and Healer","floor":30,"turns":7},{"damage":2,"enemies":"Book of Stabbing","floor":31,"turns":6},{"damage":12,"enemies":"Automaton","floor":33,"turns":11},{"damage":0,"enemies":"Orb Walker","floor":35,"turns":5},{"damage":10,"enemies":"Mysterious Sphere","floor":39,"turns":8},{"damage":6,"enemies":"Giant Head","floor":40,"turns":7},{"damage":0,"enemies":"3 Darklings","floor":42,"turns":4},{"damage":43,"enemies":"2 Orb Walkers","floor":44,"turns":4},{"damage":23,"enemies":"Nemesis","floor":46,"turns":7},{"damage":14,"enemies":"Sphere and 2 Shapes","floor":48,"turns":5},{"damage":40,"enemies":"Time Eater","floor":50,"turns":9}],"event_choices":[{"event_name":"Golden Wing","player_choice":"Card Removal","floor":5.0,"damage_taken":0.0},{"event_name":"Shining Light","player_choice":"Entered Light","floor":10.0,"damage_taken":0.0},{"event_name":"Liars Game","player_choice":"agreed","floor":12.0,"damage_taken":0.0},{"event_name":"Addict","player_choice":"Obtained Relic","floor":20,"damage_taken":0},{"event_name":"Back to Basics","player_choice":"Elegance","floor":21,"damage_taken":0},{"event_name":"Cursed Tome","player_choice":"Obtained Book","floor":29,"damage_taken":0},{"event_name":"The Lab","player_choice":"Got Potions","floor":36,"damage_taken":0},{"event_name":"Duplicator","player_choice":"One dupe","floor":38,"damage_taken":0},{"event_name":"Mysterious Sphere","player_choice":"Fight","floor":39,"damage_taken":0},{"event_name":"Winding Halls","player_choice":"Embrace Madness","floor":45,"damage_taken":0}],"boss_relics":[{"not_picked":["Runic Pyramid","Snecko Eye"],"picked":"Lizard Tail"},{"not_picked":["Philosopher\u0027s Stone","Question Card"],"picked":"Mark of Pain"}],"potions_floor_spawned":[1,2,3,8,11,16,19,25,28,31,42,46],"seed_played":"-285199483447535172","ascension_level":1,"is_trial":false}