{"gold_per_floor":[116,66,66,66,82,121,134,134,134,158,173,196,196,230,230,356,356,375,391,516,132,153,153,153,194,194,194,194,194,267,283,283,403,403,427,167,500,512,529,529,546,546,546,546,556,575,575,198,198,198],"floor_reached":51,"playtime":2988,"items_purged":["Creative AI","Parasite"],"score":847,"play_id":"faa088bd-cc50-4423-bf1a-cb7e82807edd","local_time":"20190217153753","is_ascension_mode":true,"campfire_choices":[{"data":"Static Discharge","floor":8,"key":"SMITH"},{"data":"Loop","floor":15,"key":"SMITH"},{"floor":23,"key":"REST"},{"floor":28,"key":"REST"},{"floor":32,"key":"REST"},{"floor":40,"key":"REST"},{"floor":42,"key":"REST"},{"floor":44,"key":"REST"},{"floor":49,"key":"REST"}],"neow_cost":"NONE","seed_source_timestamp":93098668303794,"circlet_count":0,"master_deck":["Strike_B","Strike_B","Strike_B","Defend_B","Defend_B","Defend_B","Defend_B","Zap+1","Dualcast","Self Repair","Static Discharge+1","Electrodynamics","Cold Snap","Gash","Loop+1","Machine Learning","Conserve Battery+1","Loop+1","Panacea+1","Melter+1","Impatience+1","Buffer","Auto Shields+1","Chaos+1","Force Field+1"],"relics":["Cracked Core","NeowsBlessing","Toxic Egg 2","Bag of Preparation","Spirit Poop","Pear","Nuclear Battery","Du-Vu Doll","Blue Candle","Bronze Scales","Strawberry","Oddly Smooth Stone","Happy Flower","Tiny Chest","Inserter","Anchor","Darkstone Periapt","Runic Capacitor"],"potions_floor_usage":[16,20,20,20,33,33,33,39],"damage_taken":[{"damage":0,"enemies":"Small Slimes","floor":1,"turns":1},{"damage":0,"enemies":"2 Louse","floor":5,"turns":1},{"damage":0,"enemies":"Lagavulin","floor":6,"turns":1},{"damage":6,"enemies":"Cultist","floor":7,"turns":4},{"damage":2,"enemies":"Exordium Wildlife","floor":10,"turns":3},{"damage":2,"enemies":"Looter","floor":11,"turns":3},{"damage":3,"enemies":"2 Fungi Beasts","floor":12,"turns":3},{"damage":28,"enemies":"Gremlin Nob","floor":14,"turns":4},{"damage":36,"enemies":"Hexaghost","floor":16,"turns":9},{"damage":5,"enemies":"Chosen","floor":18,"turns":4},{"damage":13,"enemies":"3 Byrds","floor":19,"turns":4},{"damage":22,"enemies":"Colosseum Slavers","floor":20,"turns":2},{"damage":17,"enemies":"Colosseum Nobs","floor":20,"turns":3},{"damage":29,"enemies":"Shelled Parasite and Fungi","floor":22,"turns":3},{"damage":23,"enemies":"Gremlin Leader","floor":25,"turns":4},{"damage":18,"enemies":"Book of Stabbing","floor":30,"turns":4},{"damage":23,"enemies":"Centurion and Healer","floor":31,"turns":5},{"damage":56,"enemies":"Automaton","floor":33,"turns":11},{"damage":32,"enemies":"3 Darklings","floor":35,"turns":3},{"damage":12,"enemies":"3 Shapes","floor":38,"turns":2},{"damage":22,"enemies":"Spire Growth","floor":39,"turns":5},{"damage":30,"enemies":"4 Shapes","floor":41,"turns":3},{"damage":12,"enemies":"3 Darklings","floor":45,"turns":5},{"damage":16,"enemies":"Writhing Mass","floor":46,"turns":6},{"damage":66,"enemies":"Time Eater","floor":50,"turns":12}],"seed_played":"6202874413694477568","potions_obtained":[{"floor":1,"key":"SkillPotion"},{"floor":5,"key":"Ancient Potion"},{"floor":10,"key":"PowerPotion"},{"floor":16,"key":"FocusPotion"},{"floor":30,"key":"EntropicBrew"},{"floor":31,"key":"SteroidPotion"},{"floor":33,"key":"SpeedPotion"},{"floor":38,"key":"EssenceOfSteel"}],"is_trial":false,"path_per_floor":["M","?","?","?","M","E","M","R","T","M","M","M","?","E","R","B",null,"M","M","?","$","M","R","?","E","T","?","R","$","E","M","R","B",null,"M","$","?","M","M","R","M","R","T","R","M","M","?","$","R","B",null],"character_chosen":"DEFECT","items_purchased":["Panacea+1","Bronze Scales","Strawberry","Anchor","Auto Shields+1","Runic Capacitor","Force Field+1"],"campfire_rested":7,"item_purchase_floors":[21,21,21,36,36,48,48],"current_hp_per_floor":[75,75,75,75,75,75,75,75,75,75,73,75,75,64,64,35,85,80,74,42,49,27,54,54,38,38,38,65,65,54,38,65,16,92,60,60,60,48,26,53,23,50,50,77,72,69,69,69,90,31],"gold":198,"neow_bonus":"THREE_ENEMY_KILL","is_prod":false,"is_daily":false,"chose_seed":false,"campfire_upgraded":2,"win_rate":0,"timestamp":1550378273,"path_taken":["M","?","?","?","M","E","M","R","T","M","M","M","?","E","R","BOSS","M","?","?","$","M","R","?","E","T","?","R","$","E","?","R","BOSS","M","$","?","M","M","R","M","R","T","R","M","M","?","$","R","BOSS"],"build_version":"2019-01-23","purchased_purges":2,"victory":true,"max_hp_per_floor":[75,75,75,75,75,75,75,75,75,75,75,75,75,85,85,85,85,85,85,85,92,92,92,92,92,92,92,92,92,92,92,92,92,92,92,92,92,92,92,92,92,92,92,92,92,98,93,90,90,90],"card_choices":[{"not_picked":["Steam","Coolheaded","Rip and Tear"],"picked":"SKIP","floor":1},{"not_picked":["Darkness","Barrage"],"picked":"Self Repair","floor":5},{"not_picked":["Turbo","Sunder"],"picked":"Static Discharge","floor":6},{"not_picked":["Reprogram+1","Turbo+1","Stack+1"],"picked":"SKIP","floor":7},{"not_picked":["Ball Lightning","Consume+1"],"picked":"Electrodynamics","floor":10},{"not_picked":["Hologram+1","Barrage"],"picked":"Cold Snap","floor":11},{"not_picked":["Cold Snap","Hello World"],"picked":"Gash","floor":12},{"not_picked":["Rebound","Go for the Eyes"],"picked":"Loop","floor":14},{"not_picked":["Core Surge","Amplify+1"],"picked":"Machine Learning","floor":16},{"not_picked":["Compile Driver","Redo+1"],"picked":"Conserve Battery+1","floor":18},{"not_picked":["Lockon","Barrage","Steam Power+1"],"picked":"SKIP","floor":19},{"not_picked":["Recycle+1","Sweeping Beam+1"],"picked":"Loop+1","floor":20},{"not_picked":["Self Repair","Rebound","Gash"],"picked":"SKIP","floor":22},{"not_picked":["Hologram+1","Seek+1"],"picked":"Melter+1","floor":25},{"not_picked":["Barrage+1","Rebound+1","Hologram+1"],"picked":"SKIP","floor":30},{"not_picked":["Ball Lightning","Streamline","Turbo+1"],"picked":"SKIP","floor":31},{"not_picked":["Fission+1","Multi-Cast+1"],"picked":"Buffer","floor":33},{"not_picked":["Go for the Eyes","Cold Snap+1","Scrape+1"],"picked":"SKIP","floor":35},{"not_picked":["Ball Lightning+1","Coolheaded+1"],"picked":"Chaos+1","floor":38},{"not_picked":["Reinforced Body+1","Steam Power+1","Gash+1"],"picked":"SKIP","floor":39},{"not_picked":["Barrage","Darkness+1","Chill+1"],"picked":"SKIP","floor":41},{"not_picked":["Compile Driver+1","Biased Cognition","Hologram+1"],"picked":"SKIP","floor":45},{"not_picked":["Rip and Tear+1","Darkness+1","Rebound"],"picked":"SKIP","floor":46}],"player_experience":192168,"relics_obtained":[{"floor":6,"key":"Toxic Egg 2"},{"floor":9,"key":"Bag of Preparation"},{"floor":14,"key":"Pear"},{"floor":20,"key":"Du-Vu Doll"},{"floor":20,"key":"Blue Candle"},{"floor":25,"key":"Oddly Smooth Stone"},{"floor":26,"key":"Happy Flower"},{"floor":30,"key":"Tiny Chest"},{"floor":43,"key":"Darkstone Periapt"}],"event_choices":[{"cards_removed":["Strike_B"],"damage_healed":0,"gold_gain":0,"player_choice":"Card Removal","damage_taken":0,"max_hp_gain":0,"max_hp_loss":0,"event_name":"The Cleric","floor":2,"gold_loss":50},{"damage_healed":0,"gold_gain":0,"player_choice":"Grow","damage_taken":0,"max_hp_gain":0,"max_hp_loss":0,"event_name":"Living Wall","floor":3,"gold_loss":0,"cards_upgraded":["Zap"]},{"damage_healed":0,"gold_gain":0,"player_choice":"Take Wound","damage_taken":0,"relics_obtained":["Golden Idol"],"max_hp_gain":0,"max_hp_loss":0,"event_name":"Golden Idol","floor":4,"gold_loss":0,"cards_obtained":["Injury"]},{"cards_removed":["Injury"],"damage_healed":0,"gold_gain":0,"player_choice":"Offered Curse","damage_taken":0,"relics_obtained":["Spirit Poop"],"max_hp_gain":0,"max_hp_loss":0,"event_name":"Bonfire Elementals","floor":13,"gold_loss":0},{"damage_healed":0,"gold_gain":0,"player_choice":"Fight","damage_taken":0,"max_hp_gain":0,"max_hp_loss":0,"event_name":"Colosseum","floor":20,"gold_loss":0},{"damage_healed":0,"gold_gain":0,"player_choice":"Fought Nobs","damage_taken":0,"max_hp_gain":0,"max_hp_loss":0,"event_name":"Colosseum","floor":20,"gold_loss":0},{"damage_healed":0,"gold_gain":0,"player_choice":"Ignored","damage_taken":0,"max_hp_gain":0,"max_hp_loss":0,"event_name":"Vampires","floor":24,"gold_loss":0},{"damage_healed":0,"gold_gain":0,"player_choice":"2 cards matched","damage_taken":0,"max_hp_gain":0,"max_hp_loss":0,"event_name":"Match and Keep!","floor":27,"gold_loss":0,"cards_obtained":["Creative AI","Impatience"]},{"damage_healed":0,"gold_gain":333,"player_choice":"Gave Idol","damage_taken":0,"max_hp_gain":0,"max_hp_loss":0,"event_name":"The Moai Head","floor":37,"relics_lost":["Golden Idol"],"gold_loss":0},{"damage_healed":0,"gold_gain":0,"player_choice":"Max HP","damage_taken":0,"max_hp_gain":0,"max_hp_loss":5,"event_name":"Winding Halls","floor":47,"gold_loss":0}],"is_beta":false,"boss_relics":[{"not_picked":["Calling Bell","Busted Crown"],"picked":"Nuclear Battery"},{"not_picked":["Coffee Dripper","Astrolabe"],"picked":"Inserter"}],"items_purged_floors":[36,48],"is_endless":false,"potions_floor_spawned":[1,5,10,16,18,20,30,31,33,38],"ascension_level":3}