{"gold_per_floor":[115,115,115,115,115,150,150,185,208,208,227,258,278,307,319,429,441,471,483,513,525,557,599,611,950,962,974,999,1041,1053,667,667,763,763,780,792,892,892,904,934,934,934,934,934],"floor_reached":44,"playtime":2952,"items_purged":[],"score":676,"play_id":"fb8cdbdc-0cb3-4229-a467-5da172802b38","local_time":"20190330165049","is_ascension_mode":true,"campfire_choices":[{"data":"Infinite Blades","floor":7,"key":"SMITH"},{"data":"Catalyst","floor":10,"key":"SMITH"},{"floor":15,"key":"REST"},{"floor":24,"key":"REST"},{"floor":27,"key":"REST"},{"floor":32,"key":"REST"}],"neow_cost":"NONE","seed_source_timestamp":768079002330321,"circlet_count":0,"master_deck":["Defend_G","Defend_G","Defend_G","Defend_G","Defend_G+1","Strike_G","Strike_G","Strike_G","Strike_G","Survivor+1","Neutralize+1","Infinite Blades+1","Blade Dance","Backflip","Backflip","After Image","Terror+1","Infinite Blades+1","Deflect+1","Footwork","Blade Dance","After Image","Acrobatics+1"],"relics":["Ring of the Snake","NeowsBlessing","Vajra","Potion Belt","PreservedInsect","Shuriken","MawBank","Sozu","Nilry\u0027s Codex","Omamori","Old Coin","Ninja Scroll","Strawberry","Tiny Chest","Happy Flower","Eternal Feather","Prayer Wheel","Bag of Marbles","Lantern"],"potions_floor_usage":[14,16],"damage_taken":[{"damage":0,"enemies":"2 Louse","floor":1,"turns":1},{"damage":0,"enemies":"Gremlin Nob","floor":6,"turns":1},{"damage":0,"enemies":"3 Sentries","floor":8,"turns":2},{"damage":0,"enemies":"Jaw Worm","floor":11,"turns":3},{"damage":4,"enemies":"Gremlin Nob","floor":12,"turns":3},{"damage":3,"enemies":"Small Slimes","floor":13,"turns":3},{"damage":4,"enemies":"3 Sentries","floor":14,"turns":4},{"damage":22,"enemies":"Slime Boss","floor":16,"turns":7},{"damage":4,"enemies":"Spheric Guardian","floor":18,"turns":4},{"damage":1,"enemies":"Chosen","floor":20,"turns":4},{"damage":15,"enemies":"Snake Plant","floor":22,"turns":5},{"damage":6,"enemies":"Book of Stabbing","floor":23,"turns":4},{"damage":36,"enemies":"Slavers","floor":25,"turns":6},{"damage":0,"enemies":"Chosen and Byrds","floor":28,"turns":3},{"damage":0,"enemies":"Gremlin Leader","floor":29,"turns":3},{"damage":22,"enemies":"Automaton","floor":33,"turns":7},{"damage":8,"enemies":"3 Darklings","floor":35,"turns":6},{"damage":0,"enemies":"Orb Walker","floor":36,"turns":3},{"damage":10,"enemies":"Mind Bloom Boss Battle","floor":37,"turns":5},{"damage":11,"enemies":"4 Shapes","floor":39,"turns":6},{"damage":0,"enemies":"Giant Head","floor":40,"turns":5},{"damage":67,"enemies":"Reptomancer","floor":44,"turns":2}],"seed_played":"7552502865221154305","potions_obtained":[{"floor":1,"key":"Swift Potion"},{"floor":6,"key":"Explosive Potion"},{"floor":12,"key":"PowerPotion"}],"is_trial":false,"path_per_floor":["M","?","?","?","?","E","R","E","T","R","M","E","M","E","R","B",null,"M","?","M","?","M","E","R","E","T","R","M","E","?","$","R","B",null,"M","M","?","?","M","E","?","T","T","E"],"character_chosen":"THE_SILENT","items_purchased":["Footwork","Tiny Chest","Happy Flower","Blade Dance"],"campfire_rested":4,"item_purchase_floors":[31,31,31,31],"current_hp_per_floor":[70,70,70,56,56,56,56,56,56,56,56,52,49,45,66,44,70,66,66,65,49,34,28,49,13,13,34,34,41,41,41,64,42,77,69,69,59,59,48,48,48,48,48,0],"gold":934,"neow_bonus":"THREE_ENEMY_KILL","is_prod":false,"is_daily":false,"chose_seed":false,"campfire_upgraded":2,"win_rate":0,"timestamp":1553925049,"path_taken":["M","?","?","?","?","E","R","E","T","R","M","E","M","E","R","BOSS","M","?","?","?","M","E","R","E","T","R","M","E","?","$","R","BOSS","M","?","?","?","M","E","?","?","T","E"],"build_version":"2019-01-23","purchased_purges":0,"victory":false,"max_hp_per_floor":[70,70,70,70,70,70,70,70,70,70,70,70,70,70,70,70,70,70,70,70,70,70,70,70,70,70,70,70,77,77,77,77,77,77,77,77,77,77,77,77,77,77,77,77],"card_choices":[{"not_picked":["Predator","PiercingWail","Expertise"],"picked":"SKIP","floor":1},{"not_picked":["Predator","Backflip"],"picked":"Infinite Blades","floor":6},{"not_picked":["Night Terror","Calculated Gamble"],"picked":"Catalyst","floor":8},{"not_picked":["Poisoned Stab","Slice"],"picked":"Blade Dance","floor":11},{"not_picked":["Catalyst","Riddle With Holes"],"picked":"Backflip","floor":12},{"not_picked":["Poisoned Stab","Cloak And Dagger"],"picked":"Backflip","floor":13},{"not_picked":["Flying Knee","Bullet Time","Bane"],"picked":"SKIP","floor":14},{"not_picked":["Die Die Die","Phantasmal Killer"],"picked":"After Image","floor":16},{"not_picked":["Tactician","Choke","Sucker Punch"],"picked":"SKIP","floor":18},{"not_picked":["Underhanded Strike","Crippling Poison+1"],"picked":"Terror+1","floor":20},{"not_picked":["Expertise","Bane","Bouncing Flask"],"picked":"SKIP","floor":22},{"not_picked":["Blade Dance","Flying Knee"],"picked":"Infinite Blades+1","floor":23},{"not_picked":["Dagger Throw","Eviscerate+1"],"picked":"Deflect+1","floor":25},{"not_picked":["Dagger Throw+1","Poisoned Stab","Deadly Poison"],"picked":"SKIP","floor":28},{"not_picked":["Wraith Form v2","Sucker Punch","Dagger Throw+1"],"picked":"SKIP","floor":29},{"not_picked":["Doppelganger","Night Terror"],"picked":"After Image","floor":33},{"not_picked":["Prepared+1","Slice+1","Concentrate+1"],"picked":"SKIP","floor":35},{"not_picked":["Quick Slash","Catalyst","Choke"],"picked":"SKIP","floor":36},{"not_picked":["Dodge and Roll","Flying Knee"],"picked":"Acrobatics+1","floor":37},{"not_picked":["Catalyst","Poisoned Stab","Underhanded Strike+1"],"picked":"SKIP","floor":39},{"not_picked":["Deflect","Dagger Throw+1","Terror+1"],"picked":"SKIP","floor":39},{"not_picked":["Backflip","Footwork","Flying Knee"],"picked":"SKIP","floor":40}],"player_experience":294182,"relics_obtained":[{"floor":6,"key":"Vajra"},{"floor":8,"key":"Potion Belt"},{"floor":9,"key":"PreservedInsect"},{"floor":12,"key":"Shuriken"},{"floor":14,"key":"MawBank"},{"floor":21,"key":"Nilry\u0027s Codex"},{"floor":23,"key":"Omamori"},{"floor":25,"key":"Old Coin"},{"floor":26,"key":"Ninja Scroll"},{"floor":29,"key":"Strawberry"},{"floor":37,"key":"Prayer Wheel"},{"floor":40,"key":"Bag of Marbles"},{"floor":43,"key":"Lantern"}],"event_choices":[{"damage_healed":0,"gold_gain":0,"player_choice":"Ignored","damage_taken":0,"max_hp_gain":0,"max_hp_loss":0,"event_name":"Golden Wing","floor":2,"gold_loss":0},{"damage_healed":0,"gold_gain":0,"player_choice":"Grow","damage_taken":0,"max_hp_gain":0,"max_hp_loss":0,"event_name":"Living Wall","floor":3,"gold_loss":0,"cards_upgraded":["Neutralize"]},{"damage_healed":0,"gold_gain":0,"player_choice":"Entered Light","damage_taken":14,"max_hp_gain":0,"max_hp_loss":0,"event_name":"Shining Light","floor":4,"gold_loss":0,"cards_upgraded":["Survivor","Defend_G"]},{"cards_removed":["Strike_G"],"damage_healed":0,"gold_gain":0,"player_choice":"Offered Basic","damage_taken":0,"max_hp_gain":0,"max_hp_loss":0,"event_name":"Bonfire Elementals","floor":5,"gold_loss":0},{"cards_removed":["Catalyst"],"damage_healed":0,"gold_gain":0,"player_choice":"Purged","damage_taken":0,"max_hp_gain":0,"max_hp_loss":0,"event_name":"Purifier","floor":19,"gold_loss":0},{"damage_healed":0,"gold_gain":0,"player_choice":"Obtained Book","damage_taken":16,"max_hp_gain":0,"max_hp_loss":0,"event_name":"Cursed Tome","floor":21,"gold_loss":0},{"damage_healed":0,"gold_gain":0,"player_choice":"Ignored","damage_taken":0,"max_hp_gain":0,"max_hp_loss":0,"event_name":"Transmorgrifier","floor":30,"gold_loss":0},{"damage_healed":0,"gold_gain":0,"player_choice":"Fight","damage_taken":0,"max_hp_gain":0,"max_hp_loss":0,"event_name":"MindBloom","floor":37,"gold_loss":0},{"damage_healed":0,"gold_gain":0,"player_choice":"Ignored","damage_taken":0,"max_hp_gain":0,"max_hp_loss":0,"event_name":"Tomb of Lord Red Mask","floor":38,"gold_loss":0},{"damage_healed":0,"gold_gain":0,"player_choice":"Ignored","damage_taken":0,"max_hp_gain":0,"max_hp_loss":0,"event_name":"Mysterious Sphere","floor":41,"gold_loss":0}],"is_beta":false,"boss_relics":[{"not_picked":["Philosopher\u0027s Stone","Astrolabe"],"picked":"Sozu"},{"not_picked":["Empty Cage","HoveringKite"],"picked":"Eternal Feather"}],"items_purged_floors":[],"is_endless":false,"potions_floor_spawned":[1,6,12,18,25,28,33,36,37],"killed_by":"Reptomancer","ascension_level":1}