{"gold_per_floor":[109,120,41,41,41,41,69,69,118,118,130,55,82,95,95,193,193,210,210,110,127,141,172,172,172,199,229,47,147,147,159,159,263,263,279,327,602,619,61,91,122,133,133,165,180,207,227,227,227,227],"floor_reached":51,"playtime":6766,"items_purged":["Strike_B","Defend_B","Defend_B"],"score":936,"play_id":"4fc1b34b-f675-410c-9b7d-29e61fea551d","local_time":"20190620074408","is_ascension_mode":false,"campfire_choices":[{"data":"Zap","floor":6,"key":"SMITH"},{"data":"Coolheaded","floor":8,"key":"SMITH"},{"data":"Dualcast","floor":10,"key":"SMITH"},{"data":"Loop","floor":15,"key":"SMITH"},{"data":"Hello World","floor":25,"key":"SMITH"},{"data":"Defragment","floor":30,"key":"SMITH"},{"floor":32,"key":"REST"},{"floor":49,"key":"REST"}],"neow_cost":"NONE","seed_source_timestamp":562614877111600,"circlet_count":0,"master_deck":["Strike_B+1","Strike_B+1","Defend_B","Defend_B","Zap+1","Dualcast+1","Gash","Defragment+1","Coolheaded+1","Gash","BootSequence","Melter","Leap","Loop+1","Reboot","Glacier+1","Steam","Hello World+1","Heatsinks+1","Static Discharge","Sadistic Nature","Cold Snap","Gash+1","Machine Learning+1","Defragment+1","Ball Lightning+1","Reinforced Body+1","Self Repair","Chrysalis","Streamline","Heatsinks+1","Coolheaded+1","Double Energy+1","Clumsy","Gash+1","Doom and Gloom","Double Energy","Capacitor+1","Beam Cell","Coolheaded+1"],"relics":["Cracked Core","NeowsBlessing","WingedGreaves","Orichalcum","Omamori","Cursed Key","Anchor","Bronze Scales","Strawberry","Gambling Chip","Shuriken","Sozu","Prayer Wheel","ClockworkSouvenir","Blood Vial","Regal Pillow","Question Card","Mango","Vajra"],"potions_floor_usage":[16,29,29,33],"damage_taken":[{"damage":0,"enemies":"2 Louse","floor":1,"turns":1},{"damage":0,"enemies":"Small Slimes","floor":2,"turns":1},{"damage":0,"enemies":"3 Sentries","floor":7,"turns":1},{"damage":1,"enemies":"Cultist","floor":11,"turns":3},{"damage":10,"enemies":"Gremlin Nob","floor":13,"turns":4},{"damage":0,"enemies":"3 Louse","floor":14,"turns":3},{"damage":25,"enemies":"The Guardian","floor":16,"turns":8},{"damage":6,"enemies":"Shell Parasite","floor":18,"turns":4},{"damage":0,"enemies":"Spheric Guardian","floor":21,"turns":1},{"damage":2,"enemies":"Snecko","floor":22,"turns":4},{"damage":14,"enemies":"Gremlin Leader","floor":23,"turns":7},{"damage":0,"enemies":"Slavers","floor":27,"turns":6},{"damage":0,"enemies":"Colosseum Slavers","floor":29,"turns":4},{"damage":23,"enemies":"Colosseum Nobs","floor":29,"turns":5},{"damage":3,"enemies":"Centurion and Healer","floor":31,"turns":6},{"damage":3,"enemies":"Champ","floor":33,"turns":9},{"damage":5,"enemies":"3 Darklings","floor":35,"turns":4},{"damage":32,"enemies":"2 Orb Walkers","floor":36,"turns":4},{"damage":0,"enemies":"Orb Walker","floor":38,"turns":4},{"damage":11,"enemies":"Reptomancer","floor":40,"turns":6},{"damage":13,"enemies":"Nemesis","floor":41,"turns":6},{"damage":28,"enemies":"Jaw Worm Horde","floor":42,"turns":5},{"damage":18,"enemies":"Giant Head","floor":44,"turns":6},{"damage":0,"enemies":"Writhing Mass","floor":45,"turns":5},{"damage":14,"enemies":"Reptomancer","floor":46,"turns":5},{"damage":1,"enemies":"4 Shapes","floor":47,"turns":6},{"damage":21,"enemies":"Time Eater","floor":50,"turns":9}],"seed_played":"-5395832555332423914","potions_obtained":[{"floor":2,"key":"GamblersBrew"},{"floor":7,"key":"Strength Potion"},{"floor":16,"key":"SteroidPotion"},{"floor":18,"key":"GamblersBrew"},{"floor":23,"key":"Strength Potion"},{"floor":27,"key":"Regen Potion"},{"floor":33,"key":"Fire Potion"}],"is_trial":false,"path_per_floor":["M","M","$","?","?","R","E","R","T","R","M","$","E","M","R","B",null,"M","?","$","M","M","E","?","R","T","E","$","?","R","M","R","B",null,"M","?","?","M","$","E","E","M","T","E","M","E","M","?","R","B",null],"character_chosen":"DEFECT","items_purchased":["Coolheaded","Gash","Sadistic Nature","Self Repair","ClockworkSouvenir","Chrysalis"],"campfire_rested":2,"item_purchase_floors":[3,3,28,39,39,39],"current_hp_per_floor":[75,75,75,75,60,60,60,60,60,60,59,59,49,49,49,24,75,69,69,69,69,67,53,39,39,39,46,46,37,37,34,60,57,87,82,50,50,50,50,46,42,23,23,28,37,32,40,40,85,73],"gold":227,"neow_bonus":"THREE_ENEMY_KILL","is_prod":false,"is_daily":false,"chose_seed":false,"campfire_upgraded":6,"win_rate":0.0,"timestamp":1561031048,"path_taken":["M","M","$","?","?","R","E","R","T","R","M","$","E","M","R","BOSS","M","?","$","M","?","E","?","R","T","E","$","?","R","M","R","BOSS","M","?","?","M","$","E","E","?","T","E","M","E","M","?","R","BOSS"],"build_version":"2019-01-23","purchased_purges":3,"victory":true,"max_hp_per_floor":[75,75,75,75,75,75,75,75,75,75,75,75,75,75,75,75,75,75,75,75,75,75,75,80,80,80,87,87,87,87,87,87,87,87,87,87,87,87,87,87,87,87,87,101,101,101,101,101,101,101],"card_choices":[{"not_picked":["Beam Cell","Auto Shields"],"picked":"Gash","floor":1},{"not_picked":["Cold Snap","Redo"],"picked":"Defragment","floor":2},{"not_picked":["Beam Cell","Hologram"],"picked":"BootSequence","floor":7},{"not_picked":["Steam","Gash"],"picked":"Melter","floor":11},{"not_picked":["Barrage","Redo"],"picked":"Leap","floor":13},{"not_picked":["Ball Lightning","Sweeping Beam"],"picked":"Loop","floor":14},{"not_picked":["Seek","Machine Learning"],"picked":"Reboot","floor":16},{"not_picked":["Blizzard","Auto Shields"],"picked":"Glacier+1","floor":18},{"not_picked":["Scrape","Conserve Battery"],"picked":"Steam","floor":21},{"not_picked":["Lockon","Ball Lightning+1"],"picked":"Hello World","floor":22},{"not_picked":["Gash+1","Beam Cell"],"picked":"Heatsinks+1","floor":23},{"not_picked":["Steam","Hello World"],"picked":"Static Discharge","floor":27},{"not_picked":["Hologram","Conserve Battery"],"picked":"Cold Snap","floor":29},{"not_picked":["Reinforced Body","Stack+1"],"picked":"Gash+1","floor":31},{"not_picked":["Fission","Biased Cognition"],"picked":"Machine Learning","floor":33},{"not_picked":["Auto Shields","Steam+1","Coolheaded"],"picked":"SKIP","floor":35},{"not_picked":["Coolheaded+1","Barrage+1"],"picked":"Defragment+1","floor":36},{"not_picked":["Tempest","Biased Cognition"],"picked":"Ball Lightning+1","floor":38},{"not_picked":["Ball Lightning","Cold Snap"],"picked":"Reinforced Body+1","floor":38},{"not_picked":["Stack","Conserve Battery+1"],"picked":"Streamline","floor":40},{"not_picked":["Gash","Conserve Battery"],"picked":"Heatsinks+1","floor":41},{"not_picked":["Redo","Conserve Battery"],"picked":"Coolheaded+1","floor":42},{"not_picked":["Coolheaded","Hologram+1"],"picked":"Double Energy+1","floor":42},{"not_picked":["Redo+1","Tempest+1","Machine Learning"],"picked":"Gash+1","floor":44},{"not_picked":["Compile Driver","Leap","Consume+1"],"picked":"Doom and Gloom","floor":45},{"not_picked":["Darkness+1","Reinforced Body+1","Compile Driver+1"],"picked":"Double Energy","floor":45},{"not_picked":["Beam Cell","Ball Lightning","Rainbow"],"picked":"Capacitor+1","floor":46},{"not_picked":["Ball Lightning","Sweeping Beam+1","Stack+1"],"picked":"Beam Cell","floor":47},{"not_picked":["Genetic Algorithm","Consume","Double Energy"],"picked":"Coolheaded+1","floor":47}],"player_experience":218576,"relics_obtained":[{"floor":7,"key":"WingedGreaves"},{"floor":9,"key":"Orichalcum"},{"floor":13,"key":"Omamori"},{"floor":23,"key":"Anchor"},{"floor":26,"key":"Bronze Scales"},{"floor":27,"key":"Strawberry"},{"floor":29,"key":"Gambling Chip"},{"floor":29,"key":"Shuriken"},{"floor":36,"key":"Prayer Wheel"},{"floor":40,"key":"Blood Vial"},{"floor":41,"key":"Regal Pillow"},{"floor":43,"key":"Question Card"},{"floor":44,"key":"Mango"},{"floor":46,"key":"Vajra"}],"event_choices":[{"damage_healed":0,"gold_gain":0,"player_choice":"Leave","damage_taken":0,"max_hp_gain":0,"max_hp_loss":0,"event_name":"The Cleric","floor":4,"gold_loss":0},{"damage_healed":0,"gold_gain":0,"player_choice":"Entered Light","damage_taken":15,"max_hp_gain":0,"max_hp_loss":0,"event_name":"Shining Light","floor":5,"gold_loss":0,"cards_upgraded":["Strike_B","Strike_B"]},{"cards_removed":["Strike_B"],"damage_healed":0,"gold_gain":0,"player_choice":"Offered Basic","damage_taken":0,"max_hp_gain":0,"max_hp_loss":0,"event_name":"Bonfire Elementals","floor":19,"gold_loss":0},{"damage_healed":0,"gold_gain":0,"player_choice":"Shed Blood","damage_taken":19,"max_hp_gain":5,"max_hp_loss":0,"event_name":"Forgotten Altar","floor":24,"gold_loss":0},{"damage_healed":0,"gold_gain":0,"player_choice":"Fight","damage_taken":0,"max_hp_gain":0,"max_hp_loss":0,"event_name":"Colosseum","floor":29,"gold_loss":0},{"damage_healed":0,"gold_gain":0,"player_choice":"Fought Nobs","damage_taken":0,"max_hp_gain":0,"max_hp_loss":0,"event_name":"Colosseum","floor":29,"gold_loss":0},{"damage_healed":0,"gold_gain":0,"player_choice":"Fight","damage_taken":0,"max_hp_gain":0,"max_hp_loss":0,"event_name":"Mysterious Sphere","floor":36,"gold_loss":0},{"damage_healed":0,"gold_gain":275,"player_choice":"Desecrate","damage_taken":0,"max_hp_gain":0,"max_hp_loss":0,"event_name":"Golden Shrine","floor":37,"gold_loss":0,"cards_obtained":["Regret"]},{"damage_healed":0,"gold_gain":0,"player_choice":"Upgraded","damage_taken":0,"max_hp_gain":0,"max_hp_loss":0,"event_name":"Upgrade Shrine","floor":48,"gold_loss":0,"cards_upgraded":["Machine Learning"]}],"is_beta":false,"boss_relics":[{"not_picked":["Runic Pyramid","Snecko Eye"],"picked":"Cursed Key"},{"not_picked":["Astrolabe","Pandora\u0027s Box"],"picked":"Sozu"}],"items_purged_floors":[12,20,39],"is_endless":false,"potions_floor_spawned":[2,7,16,18,23,27,33,35,40,44,45,46],"ascension_level":0}