{"gold_per_floor":[116,44,44,55,55,55,73,99,99,25,25,25,25,25,25,124,124,139,149,71,71,71,71,83,83],"floor_reached":25,"playtime":676,"items_purged":[],"score":305,"play_id":"2a21dd69-862b-4c63-814b-ea4e0faf0fb4","local_time":"20190622165114","is_ascension_mode":true,"campfire_choices":[{"data":"Bash","floor":6,"key":"SMITH"},{"floor":12,"key":"REST"},{"data":"Spot Weakness","floor":15,"key":"SMITH"},{"floor":23,"key":"REST"}],"neow_cost":"NONE","seed_source_timestamp":775362194032082,"circlet_count":0,"master_deck":["AscendersBane","Strike_R","Strike_R+1","Strike_R","Strike_R","Strike_R+1","Defend_R","Defend_R","Defend_R","Defend_R","Bash+1","Twin Strike","Disarm+1","Headbutt","Feel No Pain+1","Shockwave","Spot Weakness+1","Warcry","Demon Form+1","Headbutt+1","Flame Barrier","Pummel","Impervious","Shrug It Off"],"relics":["Black Blood","Pen Nib","Frozen Egg 2","Whetstone","Dream Catcher","MutagenicStrength"],"potions_floor_usage":[8,19],"damage_taken":[{"damage":3,"enemies":"2 Louse","floor":1,"turns":3},{"damage":10,"enemies":"Jaw Worm","floor":4,"turns":4},{"damage":7,"enemies":"Small Slimes","floor":7,"turns":4},{"damage":51,"enemies":"Lagavulin","floor":8,"turns":7},{"damage":11,"enemies":"Hexaghost","floor":16,"turns":8},{"damage":48,"enemies":"2 Thieves","floor":18,"turns":4},{"damage":18,"enemies":"Chosen","floor":19,"turns":5},{"damage":39,"enemies":"Snake Plant","floor":24,"turns":6},{"damage":30,"enemies":"Book of Stabbing","floor":25,"turns":3}],"seed_played":"2067191706882509308","potions_obtained":[{"floor":4,"key":"PowerPotion"},{"floor":7,"key":"BloodPotion"},{"floor":19,"key":"Ancient Potion"},{"floor":24,"key":"Ancient Potion"}],"is_trial":false,"path_per_floor":["M","$","?","M","?","R","M","E","T","$","?","R","$","?","R","B",null,"M","M","$","?","?","R","M","E"],"character_chosen":"IRONCLAD","items_purchased":["Disarm","Spot Weakness","Pummel"],"campfire_rested":2,"item_purchase_floors":[2,10,20],"current_hp_per_floor":[75,75,75,71,64,64,63,18,18,18,18,42,42,42,42,37,69,31,31,31,31,31,55,26,0],"gold":83,"neow_bonus":"RANDOM_COMMON_RELIC","is_prod":false,"is_daily":false,"chose_seed":false,"campfire_upgraded":2,"win_rate":0,"timestamp":1561186274,"path_taken":["M","$","?","M","?","R","M","E","T","?","?","R","$","?","R","BOSS","M","M","$","?","?","R","?","E"],"build_version":"2019-01-23","purchased_purges":0,"victory":false,"max_hp_per_floor":[80,80,80,80,80,80,80,80,80,80,80,80,80,80,80,80,80,80,80,80,80,80,80,80,80],"card_choices":[{"not_picked":["Perfected Strike","Dual Wield"],"picked":"Twin Strike","floor":1},{"not_picked":["Searing Blow","Rupture"],"picked":"Headbutt","floor":4},{"not_picked":["Shrug It Off","Thunderclap"],"picked":"Feel No Pain+1","floor":7},{"not_picked":["Clothesline","Evolve+1"],"picked":"Shockwave","floor":8},{"not_picked":["Clash","Headbutt"],"picked":"Warcry","floor":12},{"not_picked":["Fiend Fire","Juggernaut+1"],"picked":"Demon Form+1","floor":16},{"not_picked":["Havoc+1","Clothesline"],"picked":"Headbutt+1","floor":18},{"not_picked":["Headbutt","Blood for Blood+1"],"picked":"Flame Barrier","floor":19},{"not_picked":["Combust+1","Rampage"],"picked":"Impervious","floor":23},{"not_picked":["Warcry","Body Slam"],"picked":"Shrug It Off","floor":24}],"player_experience":484956,"relics_obtained":[{"floor":8,"key":"Whetstone"},{"floor":9,"key":"Dream Catcher"}],"event_choices":[{"damage_healed":0,"gold_gain":0,"player_choice":"Grow","damage_taken":0,"max_hp_gain":0,"max_hp_loss":0,"event_name":"Living Wall","floor":3,"gold_loss":0,"cards_upgraded":["Disarm"]},{"damage_healed":0,"gold_gain":0,"player_choice":"Success","damage_taken":7,"relics_obtained":["Frozen Egg 2"],"max_hp_gain":0,"max_hp_loss":0,"event_name":"Scrap Ooze","floor":5,"gold_loss":0},{"damage_healed":0,"gold_gain":0,"player_choice":"Ignored","damage_taken":0,"max_hp_gain":0,"max_hp_loss":0,"event_name":"Golden Idol","floor":11,"gold_loss":0},{"damage_healed":0,"gold_gain":0,"player_choice":"Leave","damage_taken":0,"max_hp_gain":0,"max_hp_loss":0,"event_name":"The Cleric","floor":14,"gold_loss":0},{"damage_healed":0,"gold_gain":0,"player_choice":"Inject Mutagens","damage_taken":0,"relics_obtained":["MutagenicStrength"],"max_hp_gain":0,"max_hp_loss":0,"event_name":"Drug Dealer","floor":21,"gold_loss":0},{"damage_healed":0,"gold_gain":0,"player_choice":"Bought 0 Potions","damage_taken":0,"max_hp_gain":0,"max_hp_loss":0,"event_name":"The Woman in Blue","floor":22,"gold_loss":0}],"is_beta":false,"boss_relics":[{"not_picked":["Pandora\u0027s Box","Cursed Key"],"picked":"Black Blood"}],"items_purged_floors":[],"is_endless":false,"potions_floor_spawned":[4,7,19,24],"killed_by":"Book of Stabbing","ascension_level":11}