{"path_per_floor":["M","M","$","M","$","E","R","M","T","M","M","M","?","M","R","B",null,"M","M"],"character_chosen":"THE_SILENT","items_purchased":["Flying Knee"],"gold_per_floor":[117,128,53,70,25,353,353,367,393,404,424,444,444,454,454,554,554,569,589],"floor_reached":20,"campfire_rested":2,"playtime":1604,"current_hp_per_floor":[68,68,68,67,67,42,63,49,49,49,34,32,18,18,39,6,70,49,31],"items_purged":["Defend_G"],"gold":589,"play_id":"c7987fa3-6cba-49ee-9a7e-387ba369e5da","is_prod":false,"is_daily":false,"is_ascension_mode":false,"campfire_upgraded":0,"path_taken":["M","M","$","M","$","E","R","M","T","M","?","?","?","?","R","BOSS","M","M","M"],"build_version":"2018-02-01-PROD3","purchased_purges":1,"victory":false,"master_deck":["Defend_G","Defend_G+1","Defend_G","Defend_G","Strike_G","Strike_G","Strike_G","Strike_G","Strike_G","Survivor","Neutralize","Unload","Slice","Cloak And Dagger","Slice","Flying Knee","Sucker Punch","Cloak And Dagger","Slice","Flechettes","PiercingWail+1","A Thousand Cuts","Dash","Dagger Spray+1"],"max_hp_per_floor":[70,70,70,70,70,70,70,70,70,70,70,70,70,70,70,70,70,70,70],"relics":["Ring of the Snake","Old Coin","Ancient Tea Set","Philosopher\u0027s Stone"],"card_choices":[{"not_picked":["Crippling Poison","Finisher"],"picked":"Slice"},{"not_picked":["All Out Attack","Finisher"],"picked":"Cloak And Dagger"},{"not_picked":["Backflip","PiercingWail"],"picked":"Slice"},{"not_picked":["Heel Hook","Skewer"],"picked":"Sucker Punch"},{"not_picked":["Reflex","Deadly Poison"],"picked":"Cloak And Dagger"},{"not_picked":["Dagger Throw","A Thousand Cuts"],"picked":"Slice"},{"not_picked":["Deadly Poison","Cloak And Dagger"],"picked":"Flechettes"},{"not_picked":["Malaise","Crippling Poison"],"picked":"PiercingWail"},{"not_picked":["Wraith Form","Doppelganger"],"picked":"A Thousand Cuts"},{"not_picked":["Deflect","Quick Slash"],"picked":"Dash"},{"not_picked":["Slice","Sucker Punch"],"picked":"Dagger Spray"}],"player_experience":84989,"potions_floor_usage":[16,16,16],"damage_taken":[{"damage":2,"enemies":"Blue Slaver","floor":1,"turns":4},{"damage":0,"enemies":"Cultist","floor":2,"turns":3},{"damage":1,"enemies":"Jaw Worm","floor":4,"turns":4},{"damage":25,"enemies":"Gremlin Nob","floor":6,"turns":5},{"damage":14,"enemies":"Exordium Thugs","floor":8,"turns":5},{"damage":0,"enemies":"Red Slaver","floor":10,"turns":3},{"damage":15,"enemies":"Gremlin Gang","floor":11,"turns":5},{"damage":2,"enemies":"Exordium Thugs","floor":12,"turns":5},{"damage":0,"enemies":"3 Louse","floor":14,"turns":3},{"damage":33,"enemies":"Slime Boss","floor":16,"turns":8},{"damage":21,"enemies":"Spheric Guardian","floor":18,"turns":5},{"damage":18,"enemies":"Chosen","floor":19,"turns":5},{"damage":39,"enemies":"Snake Plant","floor":20,"turns":5}],"event_choices":[{"event_name":"Shining Light","player_choice":"Entered Light","floor":13,"damage_taken":0}],"boss_relics":[{"not_picked":["Runic Dome","Calling Bell"],"picked":"Philosopher\u0027s Stone"}],"potions_floor_spawned":[1,4,6,10,11,18],"seed_played":"-8552053734624479178","killed_by":"Snake Plant","ascension_level":0,"is_trial":false}