{"gold_per_floor":[111,36,47,47,63,96,96,96,96,0,34,46,71,309,309,412,412,432,443,393,326,10,10,10,20,20,50,61,78,78,105,105,207,207,226,246,246,67,79,114,114,125,125,143,163,174,174,36,36,36],"floor_reached":51,"playtime":3910,"items_purged":["Clumsy","Pain","Accuracy"],"score":854,"play_id":"854973e7-0834-46e6-b39c-1b7d4535611b","local_time":"20190606022703","is_ascension_mode":true,"campfire_choices":[{"floor":7.0,"key":"REST"},{"floor":15.0,"key":"REST"},{"floor":23.0,"key":"REST"},{"floor":30.0,"key":"REST"},{"floor":32.0,"key":"REST"},{"floor":41,"key":"REST"},{"floor":49,"key":"REST"}],"neow_cost":"CURSE","seed_source_timestamp":0,"circlet_count":0,"master_deck":["Survivor","Neutralize+1","Predator","PiercingWail","Deadly Poison","Catalyst","Swift Strike","Catalyst","Venomology","Deadly Poison","Die Die Die+1","Deadly Poison","Infinite Blades","Bane","Tools of the Trade","Choke","Acrobatics","Expertise","Backstab","PiercingWail","Noxious Fumes","Well Laid Plans","Deflect","PiercingWail","Cloak And Dagger","Distraction","Venomology","Catalyst+1","Deflect","Dodge and Roll+1","Noxious Fumes+1","Bane+1","Backflip","Night Terror"],"special_seed":0,"relics":["Ring of the Snake","Pocketwatch","WarpedTongs","Sundial","Vajra","Potion Belt","Centennial Puzzle","Old Coin","Pandora\u0027s Box","Whetstone","Oddly Smooth Stone","Anchor","Frozen Egg 2","Cursed Key","Bottled Tornado"],"potions_floor_usage":[35,40,40,42,46,50,50,50,50,50,50,50,50,50,50,50],"damage_taken":[{"damage":2.0,"enemies":"Cultist","floor":1.0,"turns":4.0},{"damage":1.0,"enemies":"Jaw Worm","floor":3.0,"turns":3.0},{"damage":3.0,"enemies":"2 Louse","floor":5.0,"turns":2.0},{"damage":34.0,"enemies":"3 Sentries","floor":6.0,"turns":7.0},{"damage":9.0,"enemies":"Gremlin Nob","floor":11.0,"turns":3.0},{"damage":6.0,"enemies":"Large Slime","floor":12.0,"turns":4.0},{"damage":20.0,"enemies":"Lagavulin","floor":13.0,"turns":6.0},{"damage":28.0,"enemies":"Slime Boss","floor":16.0,"turns":7.0},{"damage":27.0,"enemies":"Spheric Guardian","floor":18.0,"turns":4.0},{"damage":12.0,"enemies":"Chosen","floor":19.0,"turns":2.0},{"damage":6.0,"enemies":"Centurion and Healer","floor":25.0,"turns":5.0},{"damage":15.0,"enemies":"Slavers","floor":27.0,"turns":7.0},{"damage":7.0,"enemies":"Chosen and Byrds","floor":28.0,"turns":6.0},{"damage":0.0,"enemies":"Snake Plant","floor":29.0,"turns":4.0},{"damage":13.0,"enemies":"Book of Stabbing","floor":31.0,"turns":5.0},{"damage":24.0,"enemies":"Collector","floor":33.0,"turns":8.0},{"damage":11,"enemies":"3 Darklings","floor":35,"turns":4},{"damage":4,"enemies":"Orb Walker","floor":36,"turns":3},{"damage":12,"enemies":"Spire Growth","floor":39,"turns":3},{"damage":2,"enemies":"Reptomancer","floor":40,"turns":5},{"damage":15,"enemies":"Jaw Worm Horde","floor":42,"turns":5},{"damage":5,"enemies":"Writhing Mass","floor":44,"turns":5},{"damage":5,"enemies":"Maw","floor":45,"turns":4},{"damage":0,"enemies":"Jaw Worm Horde","floor":46,"turns":4},{"damage":45,"enemies":"Time Eater","floor":50,"turns":6}],"seed_played":"5530232540192336917","potions_obtained":[{"floor":1.0,"key":"Strength Potion"},{"floor":6.0,"key":"Fire Potion"},{"floor":12.0,"key":"GhostInAJar"},{"floor":19.0,"key":"Energy Potion"},{"floor":36,"key":"SpeedPotion"},{"floor":39,"key":"GhostInAJar"},{"floor":46,"key":"Swift Potion"}],"is_trial":false,"path_per_floor":["M","$","M","?","M","E","R","?","T","$","E","M","E","?","R","B",null,"M","M","?","$","$","R","$","M","T","E","M","M","R","E","R","B",null,"M","M","?","$","M","E","R","M","T","M","M","M","?","$","R","B",null],"character_chosen":"THE_SILENT","items_purchased":["Swift Strike","Noxious Fumes","Well Laid Plans","Whetstone","Deflect","Night Terror"],"campfire_rested":7,"item_purchase_floors":[10,21,22,22,38,48],"current_hp_per_floor":[68,68,67,67,64,30,51,70,70,70,61,55,35,35,56,28,70,43,31,31,31,31,52,52,46,46,31,24,24,45,32,53,44,70,59,55,55,55,43,41,62,47,47,42,37,37,37,37,58,13],"gold":36,"neow_bonus":"ONE_RARE_RELIC","is_prod":false,"is_daily":false,"chose_seed":false,"campfire_upgraded":0,"win_rate":0,"timestamp":1559802423,"path_taken":["M","$","M","?","?","E","R","?","T","$","E","?","E","?","R","BOSS","M","?","?","?","$","R","$","M","T","E","M","M","R","E","R","BOSS","M","M","?","$","M","E","R","M","T","M","M","M","?","$","R","BOSS"],"build_version":"2019-01-23","purchased_purges":3,"victory":true,"max_hp_per_floor":[70,70,70,70,70,70,70,70,70,70,70,70,70,70,70,70,70,70,70,70,70,70,70,70,70,70,70,70,70,70,70,70,70,70,70,70,70,70,70,70,70,70,70,70,70,70,70,70,70,70],"card_choices":[{"not_picked":["Caltrops","Deadly Poison"],"picked":"Predator","floor":1.0},{"not_picked":["Setup","Acrobatics"],"picked":"PiercingWail","floor":3.0},{"not_picked":["Reflex","Sucker Punch"],"picked":"Deadly Poison","floor":5.0},{"not_picked":["Backflip","Blade Dance"],"picked":"Catalyst","floor":6.0},{"not_picked":["Eviscerate","Escape Plan"],"picked":"Catalyst","floor":11.0},{"not_picked":["Sucker Punch","Quick Slash"],"picked":"Venomology","floor":12.0},{"not_picked":["Slice","Backflip"],"picked":"Deadly Poison","floor":13.0},{"not_picked":["Doppelganger","Unload"],"picked":"Die Die Die","floor":16.0},{"not_picked":["All Out Attack","Acrobatics","Endless Agony"],"picked":"SKIP","floor":18.0},{"not_picked":["Heel Hook+1","Acrobatics","Terror"],"picked":"SKIP","floor":19.0},{"not_picked":["Sucker Punch","Flying Knee"],"picked":"Deflect","floor":25.0},{"not_picked":["Finisher","Tactician+1"],"picked":"PiercingWail","floor":27.0},{"not_picked":["Dagger Spray","Sucker Punch","Acrobatics"],"picked":"SKIP","floor":28.0},{"not_picked":["Noxious Fumes","Terror"],"picked":"Cloak And Dagger","floor":29.0},{"not_picked":["Envenom","Heel Hook"],"picked":"Distraction","floor":31.0},{"not_picked":["Die Die Die","Grand Finale"],"picked":"Venomology","floor":33.0},{"not_picked":["Riddle With Holes+1","Finisher","Underhanded Strike"],"picked":"SKIP","floor":35},{"not_picked":["Setup","Flechettes"],"picked":"Catalyst+1","floor":36},{"not_picked":["Backstab+1","Terror"],"picked":"Dodge and Roll+1","floor":39},{"not_picked":["Finisher+1","Caltrops+1","Poisoned Stab+1"],"picked":"SKIP","floor":40},{"not_picked":["Blade Dance","Underhanded Strike"],"picked":"Noxious Fumes+1","floor":42},{"not_picked":["Finisher","Outmaneuver+1"],"picked":"Bane+1","floor":44},{"not_picked":["Blade Dance","Dagger Throw"],"picked":"Backflip","floor":45},{"not_picked":["Deadly Poison","Slice+1","All Out Attack+1"],"picked":"SKIP","floor":46}],"player_experience":307767,"relics_obtained":[{"floor":6.0,"key":"Sundial"},{"floor":9.0,"key":"Vajra"},{"floor":11.0,"key":"Potion Belt"},{"floor":13.0,"key":"Centennial Puzzle"},{"floor":26.0,"key":"Oddly Smooth Stone"},{"floor":27.0,"key":"Anchor"},{"floor":31.0,"key":"Frozen Egg 2"},{"floor":40,"key":"Bottled Tornado"}],"event_choices":[{"damage_healed":0.0,"max_hp_gain":0.0,"max_hp_loss":0.0,"gold_gain":0.0,"event_name":"Accursed Blacksmith","player_choice":"Rummage","floor":4.0,"gold_loss":0.0,"damage_taken":0.0,"relics_obtained":["WarpedTongs"],"cards_obtained":["Pain"]},{"damage_healed":19.0,"max_hp_gain":0.0,"max_hp_loss":0.0,"gold_gain":0.0,"event_name":"Wheel of Change","player_choice":"Full Heal","floor":8.0,"gold_loss":0.0,"damage_taken":0.0},{"damage_healed":0.0,"max_hp_gain":0.0,"max_hp_loss":0.0,"gold_gain":0.0,"event_name":"WeMeetAgain","player_choice":"Paid Gold","floor":14.0,"gold_loss":62.0,"damage_taken":0.0,"relics_obtained":["Old Coin"]},{"damage_healed":0.0,"max_hp_gain":0.0,"max_hp_loss":0.0,"gold_gain":0.0,"event_name":"The Joust","player_choice":"Bet on Murderer","floor":20.0,"gold_loss":50.0,"damage_taken":0.0},{"damage_healed":0,"gold_gain":0,"player_choice":"Ignored","damage_taken":0,"max_hp_gain":0,"max_hp_loss":0,"event_name":"Tomb of Lord Red Mask","floor":37,"gold_loss":0},{"damage_healed":0,"gold_gain":0,"player_choice":"Ignored","damage_taken":0,"max_hp_gain":0,"max_hp_loss":0,"event_name":"Mysterious Sphere","floor":47,"gold_loss":0}],"is_beta":false,"boss_relics":[{"not_picked":["Philosopher\u0027s Stone","HoveringKite"],"picked":"Pandora\u0027s Box"},{"not_picked":["Coffee Dripper","WristBlade"],"picked":"Cursed Key"}],"items_purged_floors":[2,22,38],"is_endless":false,"potions_floor_spawned":[1,6,12,19,25,28,31,36,39,44,46],"ascension_level":4}