{"gold_per_floor":[19,29,29,43,118,151,151,183,183,209,6,26,26,36,36,36],"floor_reached":16,"playtime":499,"items_purged":[],"score":144,"play_id":"21d27107-17c6-443d-a134-9b44677905d2","local_time":"20190606023543","is_ascension_mode":true,"campfire_choices":[{"floor":7,"key":"REST"},{"floor":13,"key":"REST"},{"data":"Strike_B","floor":15,"key":"PURGE"}],"neow_cost":"NO_GOLD","seed_source_timestamp":83297842270155,"circlet_count":0,"master_deck":["Strike_B","Strike_B","Strike_B","Defend_B","Defend_B","Defend_B","Defend_B","Zap","Dualcast","Hyperbeam+1","FTL","White Noise","Hologram","Gash","Gash","Double Energy","Leap","Conserve Battery","Leap"],"relics":["Cracked Core","Calipers","Peace Pipe","Emotion Chip","Ancient Tea Set","Anchor"],"potions_floor_usage":[16],"damage_taken":[{"damage":2,"enemies":"2 Louse","floor":1,"turns":2},{"damage":7,"enemies":"Jaw Worm","floor":2,"turns":2},{"damage":0,"enemies":"Small Slimes","floor":4,"turns":1},{"damage":16,"enemies":"Gremlin Nob","floor":6,"turns":3},{"damage":15,"enemies":"3 Sentries","floor":8,"turns":3},{"damage":30,"enemies":"Lagavulin","floor":10,"turns":6},{"damage":0,"enemies":"Blue Slaver","floor":12,"turns":2},{"damage":0,"enemies":"3 Louse","floor":14,"turns":1},{"damage":56,"enemies":"Hexaghost","floor":16,"turns":9}],"seed_played":"-6258533336454211344","potions_obtained":[{"floor":1,"key":"Regen Potion"},{"floor":6,"key":"Explosive Potion"},{"floor":8,"key":"Energy Potion"}],"is_trial":false,"path_per_floor":["M","M","?","M","?","E","R","E","T","E","$","M","R","M","R","B"],"character_chosen":"DEFECT","items_purchased":["Leap","Anchor"],"campfire_rested":2,"item_purchase_floors":[11,11],"current_hp_per_floor":[73,66,66,66,55,39,61,46,46,16,16,16,38,38,38,0],"gold":36,"neow_bonus":"THREE_RARE_CARDS","is_prod":false,"is_daily":false,"chose_seed":false,"campfire_upgraded":0,"win_rate":0,"timestamp":1559802943,"path_taken":["M","M","?","M","?","E","R","E","T","E","$","M","R","M","R","BOSS"],"build_version":"2019-01-23","purchased_purges":0,"victory":false,"max_hp_per_floor":[75,75,75,75,75,75,75,75,75,75,75,75,75,75,75,75],"card_choices":[{"not_picked":["Creative AI","Multi-Cast"],"picked":"Hyperbeam","floor":0},{"not_picked":["Lockon","Streamline"],"picked":"FTL","floor":1},{"not_picked":["Capacitor","Steam"],"picked":"White Noise","floor":2},{"not_picked":["Cold Snap","Reinforced Body"],"picked":"Hologram","floor":4},{"not_picked":["Cold Snap","Auto Shields"],"picked":"Gash","floor":6},{"not_picked":["Biased Cognition","Meteor Strike"],"picked":"Gash","floor":8},{"not_picked":["Aggregate","Cold Snap"],"picked":"Double Energy","floor":10},{"not_picked":["Chill","Cold Snap"],"picked":"Conserve Battery","floor":12},{"not_picked":["Streamline","Beam Cell"],"picked":"Leap","floor":14}],"player_experience":311677,"relics_obtained":[{"floor":6,"key":"Calipers"},{"floor":8,"key":"Peace Pipe"},{"floor":9,"key":"Emotion Chip"},{"floor":10,"key":"Ancient Tea Set"}],"event_choices":[{"damage_healed":0,"gold_gain":0,"player_choice":"Grow","damage_taken":0,"max_hp_gain":0,"max_hp_loss":0,"event_name":"Living Wall","floor":3,"gold_loss":0,"cards_upgraded":["Hyperbeam"]},{"damage_healed":0,"gold_gain":75,"player_choice":"Gather Gold","damage_taken":11,"max_hp_gain":0,"max_hp_loss":0,"event_name":"World of Goop","floor":5,"gold_loss":0}],"is_beta":false,"boss_relics":[],"items_purged_floors":[],"is_endless":false,"potions_floor_spawned":[1,6,8],"killed_by":"Hexaghost","ascension_level":4}