{"gold_per_floor":[112,128,128,128,143,172,182,182,182,195,49,64,64,74,74,177,177,188,199,199,210,223,223,249,249,249,249,36,36,0,0,0,0],"floor_reached":33,"playtime":2129,"items_purged":["Strike_R","Strike_R"],"score":269,"play_id":"c74afc09-b52a-4939-ba25-ddbf0625ed36","local_time":"20190623112201","is_ascension_mode":false,"campfire_choices":[{"floor":8,"key":"REST"},{"data":"Anger","floor":13,"key":"SMITH"},{"floor":15,"key":"REST"},{"floor":23,"key":"REST"},{"floor":25,"key":"REST"},{"floor":29,"key":"REST"},{"data":"Good Instincts","floor":32,"key":"SMITH"}],"neow_cost":"PERCENT_DAMAGE","seed_source_timestamp":164928750417,"circlet_count":0,"master_deck":["Strike_R","Defend_R","Defend_R","Defend_R","Bash","Shrug It Off","Intimidate","Thunderclap","Flex","Flex","Anger+1","Uppercut","Blood for Blood","Immolate","Cleave+1","Pommel Strike","Heavy Blade+1","Twin Strike","Flex+1","Good Instincts+1","Dropkick"],"relics":["Burning Blood","Bag of Preparation","Eternal Feather","Nloth\u0027s Gift","The Courier","Kunai"],"potions_floor_usage":[6,16,16,24,24,24],"damage_taken":[{"damage":5,"enemies":"Cultist","floor":1,"turns":4},{"damage":0,"enemies":"Small Slimes","floor":2,"turns":4},{"damage":9,"enemies":"Jaw Worm","floor":5,"turns":5},{"damage":44,"enemies":"Lagavulin","floor":6,"turns":9},{"damage":0,"enemies":"Red Slaver","floor":7,"turns":5},{"damage":11,"enemies":"Exordium Wildlife","floor":10,"turns":4},{"damage":3,"enemies":"3 Louse","floor":12,"turns":2},{"damage":0,"enemies":"2 Fungi Beasts","floor":14,"turns":4},{"damage":39,"enemies":"Slime Boss","floor":16,"turns":10},{"damage":29,"enemies":"Shell Parasite","floor":18,"turns":6},{"damage":14,"enemies":"2 Thieves","floor":19,"turns":3},{"damage":29,"enemies":"Snake Plant","floor":21,"turns":4},{"damage":26,"enemies":"Centurion and Healer","floor":22,"turns":5},{"damage":34,"enemies":"Slavers","floor":24,"turns":4},{"damage":25,"enemies":"Chosen and Byrds","floor":27,"turns":5},{"damage":86,"enemies":"Automaton","floor":33,"turns":6}],"seed_played":"492525873687015042","potions_obtained":[{"floor":1,"key":"SkillPotion"},{"floor":5,"key":"Fire Potion"},{"floor":12,"key":"PowerPotion"},{"floor":14,"key":"LiquidBronze"},{"floor":18,"key":"EssenceOfSteel"},{"floor":22,"key":"Regen Potion"}],"is_trial":false,"path_per_floor":["M","M","?","?","M","E","M","R","T","M","$","M","R","M","R","B",null,"M","M","?","M","M","R","E","R","T","M","$","R","?","?","R","B"],"character_chosen":"IRONCLAD","items_purchased":["Uppercut","Good Instincts","Dropkick"],"campfire_rested":5,"item_purchase_floors":[11,28,28],"current_hp_per_floor":[57,63,68,68,65,27,33,58,58,53,53,56,56,62,85,52,85,62,54,54,31,11,45,26,63,63,44,44,81,81,81,85,0],"gold":0,"neow_bonus":"REMOVE_TWO","is_prod":false,"is_daily":false,"chose_seed":false,"campfire_upgraded":2,"win_rate":0.0,"timestamp":1561303321,"path_taken":["M","M","?","?","M","E","M","R","T","M","$","M","R","M","R","BOSS","M","M","?","M","M","R","E","R","T","?","$","R","?","?","R","BOSS"],"build_version":"2019-01-23","purchased_purges":2,"victory":false,"max_hp_per_floor":[80,80,85,85,85,85,85,85,85,85,85,85,85,85,85,85,85,85,85,85,85,85,85,85,85,85,85,85,85,85,85,85,85],"card_choices":[{"not_picked":["Corruption","Cleave"],"picked":"Shrug It Off","floor":1},{"not_picked":["Armaments","Pommel Strike"],"picked":"Intimidate","floor":2},{"not_picked":["Corruption","Wild Strike"],"picked":"Thunderclap","floor":5},{"not_picked":["Searing Blow","Shrug It Off"],"picked":"Flex","floor":6},{"not_picked":["Armaments","Wild Strike"],"picked":"Flex","floor":7},{"not_picked":["Pommel Strike","Cleave"],"picked":"Anger","floor":10},{"not_picked":["Clash","Warcry","Havoc"],"picked":"SKIP","floor":12},{"not_picked":["Clash","Feed"],"picked":"Blood for Blood","floor":14},{"not_picked":["Limit Break","Feed"],"picked":"Immolate","floor":16},{"not_picked":["Sever Soul","Inflame+1"],"picked":"Cleave+1","floor":18},{"not_picked":["Ghostly Armor","Wild Strike+1"],"picked":"Pommel Strike","floor":19},{"not_picked":["Pommel Strike","Cleave"],"picked":"Heavy Blade+1","floor":21},{"not_picked":["Body Slam+1","Heavy Blade"],"picked":"Twin Strike","floor":22},{"not_picked":["Feed","Demon Form"],"picked":"Flex+1","floor":24},{"not_picked":["Immolate","Rupture","Pummel"],"picked":"SKIP","floor":27}],"player_experience":145659,"relics_obtained":[{"floor":6,"key":"Bag of Preparation"},{"floor":9,"key":"Art of War"},{"floor":24,"key":"The Courier"},{"floor":26,"key":"Kunai"}],"event_choices":[{"damage_healed":0,"gold_gain":0,"player_choice":"Donut","damage_taken":0,"max_hp_gain":5,"max_hp_loss":0,"event_name":"Big Fish","floor":3,"gold_loss":0},{"cards_removed":["Strike_R"],"damage_healed":0,"gold_gain":0,"player_choice":"Forget","damage_taken":0,"max_hp_gain":0,"max_hp_loss":0,"event_name":"Living Wall","floor":4,"gold_loss":0},{"damage_healed":0,"gold_gain":0,"player_choice":"Traded Relic","damage_taken":0,"relics_obtained":["Nloth\u0027s Gift"],"max_hp_gain":0,"max_hp_loss":0,"event_name":"N\u0027loth","floor":20,"relics_lost":["Art of War"],"gold_loss":0},{"damage_healed":0,"gold_gain":0,"player_choice":"Paid Fearfully","damage_taken":0,"max_hp_gain":0,"max_hp_loss":0,"event_name":"Masked Bandits","floor":30,"gold_loss":36},{"damage_healed":0,"gold_gain":0,"player_choice":"Ignored","damage_taken":0,"max_hp_gain":0,"max_hp_loss":0,"event_name":"Vampires","floor":31,"gold_loss":0}],"is_beta":false,"boss_relics":[{"not_picked":["Coffee Dripper","Fusion Hammer"],"picked":"Eternal Feather"}],"items_purged_floors":[11,28],"is_endless":false,"potions_floor_spawned":[1,5,12,14,18,22],"killed_by":"Automaton","ascension_level":0}