{"path_per_floor":["M","?","M","M","?","E","M","M","T","M","R","M","R","M","R","B",null,"M","?","$","M","?","?","?","$","T","M","R","?","M","M","R","B",null,"M","M","?","?","M","E","R","T","T","M","R","M"],"character_chosen":"IRONCLAD","items_purchased":["Offering","Flash of Steel"],"gold_per_floor":[14,14,30,49,49,74,88,106,106,121,121,132,132,142,142,238,238,250,250,9,24,24,24,124,124,124,135,135,135,145,163,163,261,291,310,328,376,376,376,405,405,432,481,500,500,515],"floor_reached":47,"campfire_rested":2,"playtime":6492,"current_hp_per_floor":[74,74,80,74,56,56,58,50,50,56,56,52,52,50,50,11,80,77,77,77,75,75,75,75,75,75,53,77,61,54,42,42,19,85,70,62,25,46,43,39,64,64,64,24,24,12],"items_purged":[],"gold":515,"play_id":"aa8ea364-b8ee-41bf-996c-690344b26bf2","is_prod":false,"is_daily":false,"is_ascension_mode":false,"campfire_upgraded":5,"path_taken":["M","?","M","?","?","E","M","M","T","M","R","M","R","M","R","BOSS","M","?","$","?","?","?","?","?","T","M","R","?","?","M","R","BOSS","M","M","?","?","M","E","R","?","T","?","R","M","E"],"build_version":"2018-01-25-PROD3","purchased_purges":0,"victory":false,"master_deck":["Strike_R+1","Strike_R","Strike_R","Strike_R","Strike_R","Defend_R","Defend_R","Bash+1","Bludgeon+1","Anger+1","Twin Strike","Headbutt","Rage+1","Sword Boomerang+1","Twin Strike","Anger","Offering+1","Shrug It Off","Second Wind","Pummel+1","Shrug It Off","Pommel Strike","Shrug It Off+1","Offering","Flash of Steel","Thunderclap+1","Offering","Iron Wave","Necronomicurse","Intimidate","Inflame+1","Demon Form","Seeing Red","Pummel+1","Writhe","Blood for Blood+1","Anger","Warcry+1"],"max_hp_per_floor":[80,80,80,80,80,80,80,80,80,80,80,80,80,80,80,80,80,80,80,80,80,80,80,80,80,80,80,80,80,80,80,80,80,85,85,85,85,85,85,85,85,85,85,85,85,85],"relics":["Burning Blood","Vajra","Matryoshka","Gambling Chip","Whetstone","Orrery","Happy Flower","Letter Opener","Necronomicon","Tiny House","Charon\u0027s Ashes","Ancient Tea Set","Anchor","Toxic Egg"],"card_choices":[{"not_picked":["Fiend Fire","Impervious"],"picked":"Bludgeon"},{"not_picked":["Perfected Strike","Flex"],"picked":"Anger"},{"not_picked":["Sword Boomerang","Rupture"],"picked":"Twin Strike"},{"not_picked":["Disarm","Corruption"],"picked":"Headbutt"},{"not_picked":["Rupture","Shrug It Off"],"picked":"Rage"},{"not_picked":["Clothesline","Rampage"],"picked":"Sword Boomerang"},{"not_picked":["Body Slam","Clothesline"],"picked":"Twin Strike"},{"not_picked":["Whirlwind","Berserk"],"picked":"Anger"},{"not_picked":["Bludgeon","Feed"],"picked":"Offering"},{"not_picked":["Anger","Flex"],"picked":"Shrug It Off"},{"not_picked":["Rupture","Feel No Pain"],"picked":"Second Wind"},{"not_picked":["Reckless Charge","Metallicize"],"picked":"Pummel"},{"not_picked":["Rampage","Armaments"],"picked":"Shrug It Off"},{"not_picked":["Anger","Shrug It Off"],"picked":"Pommel Strike"},{"not_picked":["Twin Strike","Dual Wield"],"picked":"Shrug It Off"},{"not_picked":["Headbutt","Bloodletting"],"picked":"Thunderclap"},{"not_picked":["Whirlwind","Bludgeon"],"picked":"Intimidate"},{"not_picked":["Thunderclap","True Grit"],"picked":"Inflame"},{"not_picked":["Brutality","Fiend Fire"],"picked":"Demon Form"},{"not_picked":["Whirlwind","Pummel"],"picked":"Seeing Red"},{"not_picked":["Flame Barrier","Sword Boomerang"],"picked":"Pummel"},{"not_picked":["Warcry","Shrug It Off"],"picked":"Blood for Blood"},{"not_picked":["Fire Breathing","Disarm"],"picked":"Anger"},{"not_picked":["Clash","Hemokinesis"],"picked":"Warcry"}],"player_experience":1960,"potions_floor_usage":[16,16,16,33,33,33,46,46,46],"damage_taken":[{"damage":12,"enemies":"Blue Slaver","floor":1,"turns":2},{"damage":0,"enemies":"Cultist","floor":3,"turns":2},{"damage":12,"enemies":"Small Slimes","floor":4,"turns":3},{"damage":6,"enemies":"Gremlin Nob","floor":6,"turns":3},{"damage":4,"enemies":"2 Fungi Beasts","floor":7,"turns":3},{"damage":14,"enemies":"Exordium Thugs","floor":8,"turns":4},{"damage":0,"enemies":"3 Louse","floor":10,"turns":3},{"damage":10,"enemies":"Lots of Slimes","floor":12,"turns":4},{"damage":8,"enemies":"Exordium Wildlife","floor":14,"turns":2},{"damage":45,"enemies":"Hexaghost","floor":16,"turns":5},{"damage":9,"enemies":"Spheric Guardian","floor":18,"turns":3},{"damage":8,"enemies":"3 Byrds","floor":21,"turns":3},{"damage":28,"enemies":"Centurion and Healer","floor":27,"turns":4},{"damage":13,"enemies":"Slaver and Parasite","floor":30,"turns":3},{"damage":18,"enemies":"Snake Plant","floor":31,"turns":2},{"damage":38,"enemies":"Champ","floor":33,"turns":4},{"damage":21,"enemies":"3 Darklings","floor":35,"turns":4},{"damage":14,"enemies":"Orb Walker","floor":36,"turns":2},{"damage":43,"enemies":"Mysterious Sphere","floor":37,"turns":3},{"damage":9,"enemies":"3 Darklings","floor":39,"turns":3},{"damage":10,"enemies":"2 Orb Walkers","floor":40,"turns":2},{"damage":46,"enemies":"4 Shapes","floor":44,"turns":2},{"damage":24,"enemies":"Sphere and 2 Shapes","floor":46,"turns":3},{"damage":13,"enemies":"Giant Head","floor":47,"turns":2}],"event_choices":[{"event_name":"Accursed Blacksmith","player_choice":"Forge","floor":2,"damage_taken":0},{"event_name":"Scrap Ooze","player_choice":"success","floor":5,"damage_taken":18},{"event_name":"Wheel of Change","player_choice":"Card Removal","floor":19,"damage_taken":0},{"event_name":"Bonfire Elementals","player_choice":"BASIC","floor":22,"damage_taken":0},{"event_name":"Match and Keep!","player_choice":"2 cards matched","floor":23,"damage_taken":0},{"event_name":"Golden Shrine","player_choice":"Pray","floor":24,"damage_taken":0},{"event_name":"Cursed Tome","player_choice":"Obtained Book","floor":29,"damage_taken":0},{"event_name":"Mysterious Sphere","player_choice":"Fight","floor":37,"damage_taken":0},{"event_name":"Winding Halls","player_choice":"Writhe","floor":38,"damage_taken":0}],"boss_relics":[{"not_picked":["Eternal Feather","Runic Cube"],"picked":"Orrery"},{"not_picked":["Sozu","Runic Pyramid"],"picked":"Tiny House"}],"potions_floor_spawned":[6,7,8,16,21,30,31,37,44,46],"seed_played":"3785628477197091942","killed_by":"Giant Head","ascension_level":0,"is_trial":false}