{"gold_per_floor":[109,122,137,11,11,43,43,69,69,69,101,111,172,189,189,289,289,300,320,169,169,195,195,120,149,149,149],"floor_reached":27,"playtime":1243,"items_purged":["Decay"],"score":286,"play_id":"4654e886-4137-4986-8d40-7707370bc55a","local_time":"20190602121906","is_ascension_mode":true,"campfire_choices":[{"data":"Whirlwind","floor":7,"key":"SMITH"},{"floor":10,"key":"REST"},{"floor":15,"key":"REST"},{"floor":23,"key":"REST"}],"neow_cost":"NONE","seed_source_timestamp":1268972921438439,"circlet_count":0,"master_deck":["Strike_R","Strike_R","Strike_R","Strike_R","Strike_R","Defend_R","Defend_R","Defend_R","Defend_R","Bash","Heavy Blade","Headbutt","Whirlwind+1","Bludgeon","Havoc","Infernal Blade","Flame Barrier","Shrug It Off","Disarm","Immolate","Havoc","True Grit","Pummel","Flex+1"],"relics":["Runic Dome","Centennial Puzzle","Calipers","Letter Opener","Kunai","Orrery","Pen Nib","Red Mask","FossilizedHelix","Pocketwatch"],"potions_floor_usage":[6,16,22,22,27],"damage_taken":[{"damage":2,"enemies":"Jaw Worm","floor":1,"turns":3},{"damage":10,"enemies":"Small Slimes","floor":2,"turns":2},{"damage":0,"enemies":"2 Louse","floor":3,"turns":2},{"damage":30,"enemies":"Lagavulin","floor":6,"turns":4},{"damage":19,"enemies":"Gremlin Nob","floor":8,"turns":3},{"damage":13,"enemies":"3 Sentries","floor":11,"turns":2},{"damage":0,"enemies":"Large Slime","floor":12,"turns":2},{"damage":1,"enemies":"Blue Slaver","floor":14,"turns":3},{"damage":21,"enemies":"Slime Boss","floor":16,"turns":9},{"damage":25,"enemies":"2 Thieves","floor":18,"turns":3},{"damage":29,"enemies":"Shell Parasite","floor":19,"turns":4},{"damage":12,"enemies":"Masked Bandits","floor":22,"turns":2},{"damage":20,"enemies":"Gremlin Leader","floor":25,"turns":4},{"damage":25,"enemies":"Book of Stabbing","floor":27,"turns":3}],"seed_played":"-4602518161547760758","potions_obtained":[{"floor":3,"key":"Strength Potion"},{"floor":11,"key":"EssenceOfSteel"},{"floor":12,"key":"AttackPotion"},{"floor":18,"key":"LiquidBronze"},{"floor":19,"key":"SneckoOil"}],"is_trial":false,"path_per_floor":["M","M","M","$","?","E","R","E","T","R","E","M","?","M","R","B",null,"M","M","$","?","?","R","$","E","T","E"],"character_chosen":"IRONCLAD","items_purchased":["Bludgeon","Havoc","Pen Nib"],"campfire_rested":3,"item_purchase_floors":[4,4,20],"current_hp_per_floor":[78,68,68,68,73,43,43,24,24,49,36,36,36,35,60,39,85,60,31,31,31,19,44,44,24,24,0],"gold":149,"neow_bonus":"BOSS_RELIC","is_prod":false,"is_daily":false,"chose_seed":false,"campfire_upgraded":1,"win_rate":0,"timestamp":1559441946,"path_taken":["M","M","M","$","?","E","R","E","T","R","E","M","?","M","R","BOSS","M","M","$","?","?","R","$","E","T","E"],"build_version":"2019-01-23","purchased_purges":1,"victory":false,"max_hp_per_floor":[80,80,80,80,85,85,85,85,85,85,85,85,85,85,85,85,85,85,85,85,85,85,85,85,85,85,85],"card_choices":[{"not_picked":["Reckless Charge","Flex"],"picked":"Heavy Blade","floor":1},{"not_picked":["Evolve","True Grit"],"picked":"Headbutt","floor":2},{"not_picked":["Clash","Perfected Strike"],"picked":"Whirlwind","floor":3},{"not_picked":["Twin Strike","Impervious"],"picked":"Infernal Blade","floor":6},{"not_picked":["Blood for Blood","Pommel Strike"],"picked":"Flame Barrier","floor":8},{"not_picked":["Anger","Power Through","Ghostly Armor"],"picked":"SKIP","floor":11},{"not_picked":["Dropkick","Shockwave"],"picked":"Shrug It Off","floor":12},{"not_picked":["Clash","Sword Boomerang"],"picked":"Disarm","floor":14},{"not_picked":["Berserk","Impervious"],"picked":"Immolate","floor":16},{"not_picked":["Warcry","Disarm"],"picked":"Havoc","floor":17},{"not_picked":["Bloodletting","Pommel Strike"],"picked":"True Grit","floor":17},{"not_picked":["Body Slam","Hemokinesis+1","Shrug It Off"],"picked":"SKIP","floor":18},{"not_picked":["Perfected Strike","Sword Boomerang","Offering"],"picked":"SKIP","floor":19},{"not_picked":["Warcry","Anger"],"picked":"Pummel","floor":22},{"not_picked":["Anger","Brutality"],"picked":"Flex+1","floor":25}],"player_experience":404880,"relics_obtained":[{"floor":6,"key":"Centennial Puzzle"},{"floor":8,"key":"Calipers"},{"floor":9,"key":"Letter Opener"},{"floor":11,"key":"Kunai"},{"floor":22,"key":"Red Mask"},{"floor":25,"key":"FossilizedHelix"},{"floor":26,"key":"Pocketwatch"}],"event_choices":[{"damage_healed":0,"gold_gain":0,"player_choice":"Donut","damage_taken":0,"max_hp_gain":5,"max_hp_loss":0,"event_name":"Big Fish","floor":5,"gold_loss":0},{"damage_healed":0,"gold_gain":61,"player_choice":"Gained Gold","damage_taken":0,"max_hp_gain":0,"max_hp_loss":0,"event_name":"Golden Wing","floor":13,"gold_loss":0},{"damage_healed":0,"gold_gain":0,"player_choice":"Smashed Altar","damage_taken":0,"max_hp_gain":0,"max_hp_loss":0,"event_name":"Forgotten Altar","floor":21,"gold_loss":0,"cards_obtained":["Decay"]},{"damage_healed":0,"gold_gain":0,"player_choice":"Fought Bandits","damage_taken":0,"max_hp_gain":0,"max_hp_loss":0,"event_name":"Masked Bandits","floor":22,"gold_loss":0}],"is_beta":false,"boss_relics":[{"not_picked":["Runic Cube","White Beast Statue"],"picked":"Orrery"}],"items_purged_floors":[24],"is_endless":false,"potions_floor_spawned":[3,11,12,18,19],"killed_by":"Book of Stabbing","ascension_level":3}