{"gold_per_floor":[117,117,117,131,64,92,92,112,112,125,143,154,164,179,179,275,275,295,295,309,9,28,28,42,42,42,61,61,81,107,207,207,207],"floor_reached":33,"playtime":1066,"items_purged":[],"score":358,"play_id":"4512cb8e-842b-44a3-96b6-a695a72ff688","local_time":"20190622173501","is_ascension_mode":true,"campfire_choices":[{"data":"Ball Lightning","floor":7,"key":"SMITH"},{"floor":15,"key":"REST"},{"floor":23,"key":"REST"},{"data":"Streamline","floor":25,"key":"SMITH"},{"floor":28,"key":"REST"},{"floor":32,"key":"REST"}],"neow_cost":"NONE","seed_source_timestamp":777600522520345,"circlet_count":0,"master_deck":["Strike_B","Strike_B","Strike_B","Strike_B","Defend_B","Defend_B","Defend_B","Defend_B","Zap","Dualcast","Force Field","Ball Lightning+1","Blizzard","Consume","Cold Snap","Sweeping Beam","White Noise","Double Energy","Redo","Ball Lightning","Streamline+1","Seek","Cold Snap","Chill+1","Storm","Beam Cell+1","Ball Lightning+1","Sunder+1","Static Discharge+1","Thunder Strike+1","Sweeping Beam+1"],"relics":["Cracked Core","NeowsBlessing","Meat on the Bone","Bronze Scales","Nuclear Battery","GremlinMask","Molten Egg 2","Blood Vial","Emotion Chip","Bird Faced Urn","Symbiotic Virus"],"potions_floor_usage":[20,30],"damage_taken":[{"damage":0,"enemies":"2 Louse","floor":1,"turns":1},{"damage":0,"enemies":"Cultist","floor":4,"turns":1},{"damage":0,"enemies":"Lagavulin","floor":6,"turns":1},{"damage":7,"enemies":"Jaw Worm","floor":8,"turns":3},{"damage":9,"enemies":"2 Fungi Beasts","floor":10,"turns":3},{"damage":6,"enemies":"Looter","floor":11,"turns":2},{"damage":4,"enemies":"Exordium Wildlife","floor":12,"turns":3},{"damage":0,"enemies":"Large Slime","floor":13,"turns":4},{"damage":30,"enemies":"Gremlin Gang","floor":14,"turns":3},{"damage":48,"enemies":"Hexaghost","floor":16,"turns":9},{"damage":20,"enemies":"2 Thieves","floor":18,"turns":3},{"damage":3,"enemies":"3 Byrds","floor":20,"turns":2},{"damage":47,"enemies":"3 Cultists","floor":22,"turns":5},{"damage":25,"enemies":"Snake Plant","floor":24,"turns":4},{"damage":19,"enemies":"Shelled Parasite and Fungi","floor":27,"turns":5},{"damage":7,"enemies":"Snecko","floor":29,"turns":3},{"damage":7,"enemies":"Book of Stabbing","floor":30,"turns":4},{"damage":17,"enemies":"Colosseum Slavers","floor":31,"turns":2},{"damage":30,"enemies":"Colosseum Nobs","floor":31,"turns":5},{"damage":97,"enemies":"Automaton","floor":33,"turns":6}],"seed_played":"1501543165568520274","potions_obtained":[{"floor":4,"key":"FocusPotion"},{"floor":10,"key":"Swift Potion"},{"floor":11,"key":"Energy Potion"},{"floor":27,"key":"FearPotion"},{"floor":30,"key":"SpeedPotion"}],"is_trial":false,"path_per_floor":["M","?","?","M","$","E","R","M","T","M","M","M","M","M","R","B",null,"M","?","M","$","M","R","M","R","T","M","R","M","E","?","R","B"],"character_chosen":"DEFECT","items_purchased":["Consume","Molten Egg 2","Storm"],"campfire_rested":4,"item_purchase_floors":[5,21,21],"current_hp_per_floor":[75,75,75,75,75,75,75,68,68,59,53,49,49,31,53,17,75,55,55,52,52,17,39,26,26,26,21,43,38,45,26,48,0],"gold":207,"neow_bonus":"THREE_ENEMY_KILL","is_prod":false,"is_daily":false,"chose_seed":false,"campfire_upgraded":2,"win_rate":0,"timestamp":1561188901,"path_taken":["M","?","?","?","$","E","R","M","T","M","M","M","M","M","R","BOSS","M","?","M","$","M","R","M","R","T","?","R","M","E","?","R","BOSS"],"build_version":"2019-01-23","purchased_purges":0,"victory":false,"max_hp_per_floor":[75,75,75,75,75,75,75,75,75,75,75,75,75,75,75,75,75,75,75,75,75,75,75,75,75,75,75,75,75,75,75,75,75],"card_choices":[{"not_picked":["Gash","Go for the Eyes"],"picked":"Force Field","floor":1},{"not_picked":["Gash","Tempest"],"picked":"Blizzard","floor":4},{"not_picked":["Barrage","Redo"],"picked":"Cold Snap","floor":6},{"not_picked":["Defragment","Darkness"],"picked":"Sweeping Beam","floor":8},{"not_picked":["Steam Power","Ball Lightning"],"picked":"White Noise","floor":10},{"not_picked":["Barrage","BootSequence"],"picked":"Double Energy","floor":11},{"not_picked":["Chill","Force Field"],"picked":"Redo","floor":12},{"not_picked":["Stack","Sweeping Beam"],"picked":"Ball Lightning","floor":13},{"not_picked":["Fission","Chaos"],"picked":"Streamline","floor":14},{"not_picked":["Rainbow","Machine Learning"],"picked":"Seek","floor":16},{"not_picked":["Turbo+1","FTL"],"picked":"Cold Snap","floor":18},{"not_picked":["Rip and Tear","Coolheaded"],"picked":"Chill+1","floor":20},{"not_picked":["Hello World","Loop"],"picked":"Beam Cell+1","floor":22},{"not_picked":["Leap","Go for the Eyes+1"],"picked":"Ball Lightning+1","floor":24},{"not_picked":["Steam","Reinforced Body+1"],"picked":"Sunder+1","floor":27},{"not_picked":["Streamline+1","Redo"],"picked":"Static Discharge+1","floor":29},{"not_picked":["Conserve Battery","Steam Power"],"picked":"Thunder Strike+1","floor":30},{"not_picked":["Cold Snap+1","Redo"],"picked":"Sweeping Beam+1","floor":31}],"player_experience":486654,"relics_obtained":[{"floor":6,"key":"Meat on the Bone"},{"floor":9,"key":"Bronze Scales"},{"floor":26,"key":"Blood Vial"},{"floor":30,"key":"Emotion Chip"},{"floor":31,"key":"Bird Faced Urn"},{"floor":31,"key":"Symbiotic Virus"}],"event_choices":[{"damage_healed":0,"gold_gain":0,"player_choice":"Leave","damage_taken":0,"max_hp_gain":0,"max_hp_loss":0,"event_name":"The Cleric","floor":2,"gold_loss":0},{"damage_healed":0,"gold_gain":0,"player_choice":"1 cards matched","damage_taken":0,"max_hp_gain":0,"max_hp_loss":0,"event_name":"Match and Keep!","floor":3,"gold_loss":0,"cards_obtained":["Ball Lightning"]},{"damage_healed":0,"gold_gain":0,"player_choice":"Trade","damage_taken":0,"relics_obtained":["GremlinMask"],"max_hp_gain":0,"max_hp_loss":0,"event_name":"FaceTrader","floor":19,"gold_loss":0},{"damage_healed":0,"gold_gain":0,"player_choice":"Fight","damage_taken":0,"max_hp_gain":0,"max_hp_loss":0,"event_name":"Colosseum","floor":31,"gold_loss":0},{"damage_healed":0,"gold_gain":0,"player_choice":"Fought Nobs","damage_taken":0,"max_hp_gain":0,"max_hp_loss":0,"event_name":"Colosseum","floor":31,"gold_loss":0}],"is_beta":false,"boss_relics":[{"not_picked":["Lizard Tail","Runic Pyramid"],"picked":"Nuclear Battery"}],"items_purged_floors":[],"is_endless":false,"potions_floor_spawned":[4,10,11,13,14,18,27,29,30,31,31],"killed_by":"Automaton","ascension_level":4}