{"gold_per_floor":[116,133,143,158,172,172,206,222,222,192,2,21,40,59,59,164,164,180,193,123,123,123,154,173,173,173,173,173,187,197,228,240,252],"floor_reached":33,"playtime":2200,"items_purged":[],"score":293,"play_id":"8017a959-ce4b-4458-8ec1-a55479c47318","local_time":"20190203211935","is_ascension_mode":false,"campfire_choices":[{"data":"Noxious Fumes","floor":6,"key":"SMITH"},{"floor":15,"key":"REST"},{"floor":25,"key":"REST"},{"floor":27,"key":"REST"},{"floor":32,"key":"REST"}],"neow_cost":"NONE","seed_source_timestamp":2079297933298283,"circlet_count":0,"master_deck":["Defend_G","Defend_G","Defend_G","Defend_G","Defend_G","Strike_G","Strike_G","Strike_G","Strike_G","Strike_G","Survivor","Neutralize+1","Deadly Poison","Caltrops","Noxious Fumes+1","Poisoned Stab","Bane","Poisoned Stab","Venomology","Caltrops","Noxious Fumes","Bane+1"],"relics":["Ring of the Snake","Regal Pillow","Bottled Flame","TwistedFunnel","White Beast Statue","Bag of Preparation","Molten Egg 2","Singing Bowl","MawBank"],"potions_floor_usage":[7,7,14,16,16,19,19,23,23,30,31,31,33,33,33,33],"damage_taken":[{"damage":5,"enemies":"Jaw Worm","floor":1,"turns":4},{"damage":0,"enemies":"Cultist","floor":2,"turns":4},{"damage":3,"enemies":"Small Slimes","floor":3,"turns":4},{"damage":10,"enemies":"3 Louse","floor":4,"turns":3},{"damage":2,"enemies":"Large Slime","floor":5,"turns":6},{"damage":14,"enemies":"3 Sentries","floor":7,"turns":5},{"damage":15,"enemies":"Gremlin Gang","floor":8,"turns":4},{"damage":0,"enemies":"3 Louse","floor":12,"turns":3},{"damage":5,"enemies":"Large Slime","floor":13,"turns":6},{"damage":7,"enemies":"Exordium Wildlife","floor":14,"turns":3},{"damage":10,"enemies":"Hexaghost","floor":16,"turns":6},{"damage":23,"enemies":"Spheric Guardian","floor":18,"turns":6},{"damage":0,"enemies":"3 Byrds","floor":19,"turns":2},{"damage":20,"enemies":"Gremlin Leader","floor":23,"turns":5},{"damage":20,"enemies":"Snake Plant","floor":24,"turns":4},{"damage":18,"enemies":"Cultist and Chosen","floor":29,"turns":6},{"damage":14,"enemies":"Chosen and Byrds","floor":30,"turns":6},{"damage":22,"enemies":"Book of Stabbing","floor":31,"turns":6},{"damage":73,"enemies":"Collector","floor":33,"turns":5}],"seed_played":"-8615734792182668493","potions_obtained":[{"floor":1,"key":"AttackPotion"},{"floor":4,"key":"Fire Potion"},{"floor":7,"key":"PowerPotion"},{"floor":10,"key":"Poison Potion"},{"floor":10,"key":"AttackPotion"},{"floor":14,"key":"Explosive Potion"},{"floor":18,"key":"Explosive Potion"},{"floor":19,"key":"SteroidPotion"},{"floor":23,"key":"SkillPotion"},{"floor":24,"key":"SneckoOil"},{"floor":30,"key":"Ancient Potion"},{"floor":31,"key":"Explosive Potion"}],"is_trial":false,"path_per_floor":["M","M","M","M","M","R","E","M","T","?","$","M","M","M","R","B",null,"M","M","$","?","?","E","M","R","T","R","?","M","M","E","R","B"],"character_chosen":"THE_SILENT","items_purchased":["TwistedFunnel","Noxious Fumes"],"campfire_rested":4,"item_purchase_floors":[11,20],"current_hp_per_floor":[65,65,62,52,50,50,36,21,21,21,21,21,16,9,45,35,70,47,47,47,47,47,27,7,43,43,70,57,41,29,7,45,0],"gold":252,"neow_bonus":"UPGRADE_CARD","is_prod":false,"is_daily":false,"chose_seed":false,"campfire_upgraded":1,"win_rate":0.0,"timestamp":1549189175,"path_taken":["M","M","M","M","M","R","E","M","T","?","?","M","M","M","R","BOSS","M","M","$","?","?","E","M","R","T","R","?","M","M","E","R","BOSS"],"build_version":"2019-01-23","purchased_purges":0,"victory":false,"max_hp_per_floor":[70,70,70,70,70,70,70,70,70,70,70,70,70,70,70,70,70,70,70,70,70,70,70,70,70,70,70,75,77,79,79,79,79],"card_choices":[{"not_picked":["Slice","Blade Dance"],"picked":"Deadly Poison","floor":1},{"not_picked":["Quick Slash","Slice"],"picked":"Caltrops","floor":2},{"not_picked":["Dagger Spray","Cloak And Dagger"],"picked":"Noxious Fumes","floor":3},{"not_picked":["Quick Slash","Reflex"],"picked":"Poisoned Stab","floor":4},{"not_picked":["Sucker Punch","Slice","Setup"],"picked":"SKIP","floor":5},{"not_picked":["Distraction","Blur"],"picked":"Bane","floor":7},{"not_picked":["Deadly Poison","Caltrops"],"picked":"Poisoned Stab","floor":8},{"not_picked":["Dagger Throw","Bane","Backflip"],"picked":"SKIP","floor":12},{"not_picked":["Accuracy","Reflex","Masterful Stab"],"picked":"SKIP","floor":13},{"not_picked":["Deflect","Flechettes","Finisher"],"picked":"SKIP","floor":14},{"not_picked":["Malaise","Corpse Explosion"],"picked":"Venomology","floor":16},{"not_picked":["Infinite Blades","Backflip"],"picked":"Caltrops","floor":18},{"not_picked":["Outmaneuver","Finisher","Dash"],"picked":"SKIP","floor":19},{"not_picked":["PiercingWail","Crippling Poison","Blur+1"],"picked":"SKIP","floor":23},{"not_picked":["Accuracy","Quick Slash+1","Acrobatics"],"picked":"SKIP","floor":24},{"not_picked":["Outmaneuver+1","Dagger Throw+1","Setup"],"picked":"Singing Bowl","floor":29},{"not_picked":["Calculated Gamble","Poisoned Stab+1","Outmaneuver"],"picked":"Singing Bowl","floor":30},{"not_picked":["Dodge and Roll","Infinite Blades+1"],"picked":"Bane+1","floor":31}],"player_experience":135318,"relics_obtained":[{"floor":7,"key":"Regal Pillow"},{"floor":9,"key":"Bottled Flame"},{"floor":23,"key":"Molten Egg 2"},{"floor":26,"key":"Singing Bowl"},{"floor":31,"key":"MawBank"}],"event_choices":[{"damage_healed":0,"gold_gain":0,"player_choice":"Bought 2 Potions","damage_taken":0,"max_hp_gain":0,"max_hp_loss":0,"event_name":"The Woman in Blue","floor":10,"gold_loss":0},{"damage_healed":0,"gold_gain":0,"player_choice":"Opened","damage_taken":0,"relics_obtained":["Bag of Preparation"],"max_hp_gain":0,"max_hp_loss":0,"event_name":"The Mausoleum","floor":21,"gold_loss":0},{"damage_healed":0,"gold_gain":0,"player_choice":"Ignored","damage_taken":0,"max_hp_gain":0,"max_hp_loss":0,"event_name":"Vampires","floor":22,"gold_loss":0},{"damage_healed":0,"gold_gain":0,"player_choice":"Shed Blood","damage_taken":18,"max_hp_gain":5,"max_hp_loss":0,"event_name":"Forgotten Altar","floor":28,"gold_loss":0}],"is_beta":false,"boss_relics":[{"not_picked":["Coffee Dripper","Cursed Key"],"picked":"White Beast Statue"}],"items_purged_floors":[],"is_endless":false,"potions_floor_spawned":[1,4,7,14,18,19,23,24,29,30,31],"killed_by":"Collector","ascension_level":0}