{"gold_per_floor":[113,127,146,146,146,157,191,191,191,221,221,221,232,257,257,356,356,374,389,402,227,239,264,264,279,306,306,334,347,376,376,376,481,481,493,505,560,860,877,877],"floor_reached":40,"playtime":4422,"items_purged":[],"score":473,"play_id":"2089b4e4-ba3e-41ce-99c2-48e47bc3687a","local_time":"20190110231705","is_ascension_mode":false,"campfire_choices":[{"floor":8,"key":"REST"},{"data":"Hello World","floor":12,"key":"SMITH"},{"floor":15,"key":"REST"},{"floor":24,"key":"REST"},{"data":"Creative AI","floor":27,"key":"SMITH"},{"floor":32,"key":"REST"}],"neow_cost":"NONE","seed_source_timestamp":10489027956294,"circlet_count":0,"master_deck":["Strike_B+1","Strike_B+1","Strike_B+1","Strike_B+1","Defend_B+1","Defend_B+1","Defend_B+1","Defend_B+1","Zap+1","Dualcast","Glacier","Streamline","Hello World","Beam Cell","Genetic Algorithm","Hello World+1","Injury","Bandage Up","Rainbow","Amplify","Creative AI+1","Leap","Double Energy","Conserve Battery+1","Enlightenment","Self Repair","Rainbow","Biased Cognition","Barrage+1","Stack","Capacitor","Force Field","Amplify","Streamline","Beam Cell","Leap+1","Stack"],"relics":["Cracked Core","Bottled Tornado","Gremlin Horn","Mercury Hourglass","StoneCalendar","Sozu","Shuriken","Anchor","Potion Belt","Red Mask","Busted Crown","Thread and Needle"],"potions_floor_usage":[10,16,30],"damage_taken":[{"damage":6,"enemies":"Cultist","floor":1,"turns":3},{"damage":0,"enemies":"Jaw Worm","floor":2,"turns":4},{"damage":8,"enemies":"2 Louse","floor":3,"turns":2},{"damage":16,"enemies":"Lots of Slimes","floor":6,"turns":5},{"damage":12,"enemies":"3 Sentries","floor":7,"turns":8},{"damage":9,"enemies":"Lagavulin","floor":10,"turns":5},{"damage":12,"enemies":"2 Fungi Beasts","floor":13,"turns":3},{"damage":11,"enemies":"3 Sentries","floor":14,"turns":5},{"damage":12,"enemies":"Slime Boss","floor":16,"turns":7},{"damage":16,"enemies":"Spheric Guardian","floor":18,"turns":4},{"damage":10,"enemies":"Chosen","floor":19,"turns":6},{"damage":7,"enemies":"3 Cultists","floor":20,"turns":6},{"damage":20,"enemies":"Centurion and Healer","floor":22,"turns":5},{"damage":40,"enemies":"Book of Stabbing","floor":23,"turns":7},{"damage":2,"enemies":"Sentry and Sphere","floor":25,"turns":5},{"damage":26,"enemies":"Slavers","floor":28,"turns":5},{"damage":3,"enemies":"Cultist and Chosen","floor":29,"turns":6},{"damage":0,"enemies":"Masked Bandits","floor":30,"turns":3},{"damage":25,"enemies":"Champ","floor":33,"turns":14},{"damage":7,"enemies":"3 Darklings","floor":35,"turns":6},{"damage":30,"enemies":"3 Shapes","floor":36,"turns":3},{"damage":31,"enemies":"2 Orb Walkers","floor":37,"turns":5},{"damage":0,"enemies":"Transient","floor":39,"turns":5},{"damage":51,"enemies":"Nemesis","floor":40,"turns":4}],"seed_played":"7061997772375990574","potions_obtained":[{"floor":1,"key":"Block Potion"},{"floor":10,"key":"Block Potion"},{"floor":13,"key":"SmokeBomb"},{"floor":14,"key":"Strength Potion"}],"is_trial":false,"path_per_floor":["M","M","M","?","?","M","E","R","T","E","?","R","M","E","R","B",null,"M","M","M","$","M","E","R","M","T","R","E","M","?","?","R","B",null,"M","M","?","?","M","E"],"character_chosen":"DEFECT","items_purchased":["Enlightenment","Self Repair"],"campfire_rested":4,"item_purchase_floors":[21,21],"current_hp_per_floor":[76,76,68,68,68,52,40,64,64,55,55,55,43,36,60,52,82,70,64,61,61,52,23,47,56,56,56,41,49,56,56,80,66,82,82,52,25,25,36,0],"gold":877,"neow_bonus":"TEN_PERCENT_HP_BONUS","is_prod":false,"is_daily":false,"chose_seed":false,"campfire_upgraded":2,"win_rate":0.0,"timestamp":1547122625,"path_taken":["M","M","M","?","?","M","E","R","T","E","?","R","M","E","R","BOSS","M","M","M","?","M","E","R","M","T","R","E","M","?","?","R","BOSS","M","M","?","?","M","E"],"build_version":"2019-01-03v4","purchased_purges":0,"victory":false,"max_hp_per_floor":[82,82,82,82,82,82,82,82,82,82,82,82,82,82,82,82,82,82,82,82,82,82,82,82,82,82,82,82,82,82,82,82,82,82,82,82,82,82,82,82],"card_choices":[{"not_picked":["Barrage","Beam Cell"],"picked":"Glacier","floor":1},{"not_picked":["Blizzard","Go for the Eyes"],"picked":"Streamline","floor":2},{"not_picked":["Steam Power","White Noise"],"picked":"Hello World","floor":3},{"not_picked":["Hologram","Reprogram"],"picked":"Beam Cell","floor":6},{"not_picked":["Chill","Sweeping Beam"],"picked":"Genetic Algorithm","floor":7},{"not_picked":["FTL","Compile Driver"],"picked":"Hello World","floor":10},{"not_picked":["Barrage","Compile Driver"],"picked":"Rainbow","floor":13},{"not_picked":["Cold Snap","Static Discharge"],"picked":"Amplify","floor":14},{"not_picked":["All For One","Rainbow"],"picked":"Creative AI","floor":16},{"not_picked":["Go for the Eyes","Chill+1"],"picked":"Leap","floor":18},{"not_picked":["Loop","Skim"],"picked":"Double Energy","floor":19},{"not_picked":["Gash","Go for the Eyes"],"picked":"Conserve Battery+1","floor":20},{"not_picked":["Aggregate+1","Lockon"],"picked":"Rainbow","floor":22},{"not_picked":["Conserve Battery","Go for the Eyes"],"picked":"Biased Cognition","floor":23},{"not_picked":["Ball Lightning","Coolheaded"],"picked":"Barrage+1","floor":25},{"not_picked":["Coolheaded","Multi-Cast"],"picked":"Stack","floor":28},{"not_picked":["White Noise","Storm"],"picked":"Capacitor","floor":29},{"not_picked":["Coolheaded+1","Beam Cell"],"picked":"Force Field","floor":30},{"not_picked":["Machine Learning","Multi-Cast"],"picked":"Amplify","floor":33},{"not_picked":[],"picked":"Streamline","floor":35},{"not_picked":[],"picked":"Beam Cell","floor":36},{"not_picked":[],"picked":"Leap+1","floor":37},{"not_picked":[],"picked":"Stack","floor":39}],"player_experience":7436,"relics_obtained":[{"floor":7,"key":"Bottled Tornado"},{"floor":9,"key":"Gremlin Horn"},{"floor":10,"key":"Mercury Hourglass"},{"floor":14,"key":"StoneCalendar"},{"floor":23,"key":"Shuriken"},{"floor":26,"key":"Anchor"},{"floor":28,"key":"Potion Belt"},{"floor":30,"key":"Red Mask"},{"floor":37,"key":"Thread and Needle"}],"event_choices":[{"damage_healed":0,"gold_gain":0,"player_choice":"Ignored","damage_taken":0,"max_hp_gain":0,"max_hp_loss":0,"event_name":"Liars Game","floor":4,"gold_loss":0},{"damage_healed":0,"gold_gain":0,"player_choice":"Grow","damage_taken":0,"max_hp_gain":0,"max_hp_loss":0,"event_name":"Living Wall","floor":5,"gold_loss":0,"cards_upgraded":["Zap"]},{"damage_healed":0,"gold_gain":0,"player_choice":"2 cards matched","damage_taken":0,"max_hp_gain":0,"max_hp_loss":0,"event_name":"Match and Keep!","floor":11,"gold_loss":0,"cards_obtained":["Injury","Bandage Up"]},{"damage_healed":0,"gold_gain":0,"player_choice":"Fought Bandits","damage_taken":0,"max_hp_gain":0,"max_hp_loss":0,"event_name":"Masked Bandits","floor":30,"gold_loss":0},{"damage_healed":0,"gold_gain":0,"player_choice":"Simplicity","damage_taken":0,"max_hp_gain":0,"max_hp_loss":0,"event_name":"Back to Basics","floor":31,"gold_loss":0,"cards_upgraded":["Strike_B","Strike_B","Strike_B","Strike_B","Defend_B","Defend_B","Defend_B","Defend_B"]},{"damage_healed":0,"gold_gain":0,"player_choice":"Fight","damage_taken":0,"max_hp_gain":0,"max_hp_loss":0,"event_name":"Mysterious Sphere","floor":37,"gold_loss":0},{"damage_healed":0,"gold_gain":300,"player_choice":"Gold","damage_taken":0,"max_hp_gain":0,"max_hp_loss":0,"event_name":"Wheel of Change","floor":38,"gold_loss":0}],"is_beta":false,"boss_relics":[{"not_picked":["Fusion Hammer","Coffee Dripper"],"picked":"Sozu"},{"not_picked":["Runic Pyramid","Orrery"],"picked":"Busted Crown"}],"items_purged_floors":[],"is_endless":false,"potions_floor_spawned":[1,10,13,14,18,19,25,30,33,37],"killed_by":"Nemesis","ascension_level":0}