{"gold_per_floor":[111,126,126,151,151,195,195,213,213,213,226,239,239,257,257,388,388,406,250,290,306,306,306,306],"floor_reached":24,"playtime":2337,"items_purged":["Decay"],"score":198,"play_id":"65d17411-07d2-48fa-b2cc-9b7dfccd92db","local_time":"20190318205807","is_ascension_mode":false,"campfire_choices":[{"floor":13,"key":"REST"},{"floor":15,"key":"REST"},{"floor":23,"key":"REST"}],"neow_cost":"NONE","seed_source_timestamp":268895372933428,"circlet_count":0,"master_deck":["Defend_G","Defend_G","Defend_G","Defend_G+1","Strike_G","Strike_G","Strike_G","Strike_G+1","Survivor","Neutralize","Backstab","Cloak And Dagger","Flying Knee","Slice","Deflect","Cloak And Dagger","After Image","Blur+1","Acrobatics+1","Caltrops","Caltrops+1"],"relics":["Ring of the Snake","Golden Idol","Potion Belt","PreservedInsect","Astrolabe","Red Mask","MutagenicStrength"],"potions_floor_usage":[16,16,24],"damage_taken":[{"damage":9,"enemies":"Jaw Worm","floor":1,"turns":5},{"damage":0,"enemies":"2 Louse","floor":2,"turns":2},{"damage":1,"enemies":"Small Slimes","floor":4,"turns":3},{"damage":38,"enemies":"Lagavulin","floor":6,"turns":9},{"damage":1,"enemies":"2 Fungi Beasts","floor":8,"turns":2},{"damage":4,"enemies":"Blue Slaver","floor":11,"turns":3},{"damage":7,"enemies":"3 Louse","floor":12,"turns":4},{"damage":8,"enemies":"Large Slime","floor":14,"turns":6},{"damage":57,"enemies":"The Guardian","floor":16,"turns":19},{"damage":15,"enemies":"Spheric Guardian","floor":18,"turns":7},{"damage":61,"enemies":"Masked Bandits","floor":20,"turns":7},{"damage":0,"enemies":"3 Byrds","floor":21,"turns":6},{"damage":3,"enemies":"Centurion and Healer","floor":24,"turns":16}],"seed_played":"4032107301068609176","potions_obtained":[{"floor":4,"key":"GhostInAJar"},{"floor":8,"key":"GamblersBrew"},{"floor":14,"key":"SteroidPotion"},{"floor":18,"key":"Strength Potion"}],"is_trial":false,"path_per_floor":["M","M","?","M","?","E","?","M","T","?","M","M","R","M","R","B",null,"M","$","?","M","?","R","M"],"character_chosen":"THE_SILENT","items_purchased":["Caltrops"],"campfire_rested":3,"item_purchase_floors":[19],"current_hp_per_floor":[68,68,68,67,52,14,39,38,38,38,34,27,50,42,65,8,77,62,62,1,1,1,24,21],"gold":306,"neow_bonus":"TEN_PERCENT_HP_BONUS","is_prod":false,"is_daily":false,"chose_seed":false,"campfire_upgraded":0,"win_rate":0,"timestamp":1552903087,"path_taken":["M","M","?","M","?","E","?","?","T","?","M","M","R","M","R","BOSS","M","$","?","M","?","R","M"],"build_version":"2019-01-23","purchased_purges":1,"victory":false,"max_hp_per_floor":[77,77,77,77,77,77,77,77,77,77,77,77,77,77,77,77,77,77,77,77,77,77,77,77],"card_choices":[{"not_picked":["Outmaneuver","Eviscerate"],"picked":"Backstab","floor":1},{"not_picked":["Blade Dance","Bouncing Flask"],"picked":"Cloak And Dagger","floor":2},{"not_picked":["Dagger Throw","Dodge and Roll"],"picked":"Flying Knee","floor":4},{"not_picked":["Eviscerate","Bane"],"picked":"Slice","floor":6},{"not_picked":["Deadly Poison","Tactician","Quick Slash"],"picked":"SKIP","floor":8},{"not_picked":["Flying Knee","Finisher"],"picked":"Deflect","floor":11},{"not_picked":["Heel Hook","Dodge and Roll"],"picked":"Cloak And Dagger","floor":12},{"not_picked":["Bouncing Flask","Outmaneuver","Well Laid Plans"],"picked":"SKIP","floor":14},{"not_picked":["Phantasmal Killer","Envenom"],"picked":"After Image","floor":16},{"not_picked":["Dodge and Roll","Setup","Dagger Throw"],"picked":"SKIP","floor":18},{"not_picked":["Backflip+1","Dagger Spray"],"picked":"Caltrops+1","floor":21}],"player_experience":233306,"relics_obtained":[{"floor":6,"key":"Potion Belt"},{"floor":9,"key":"PreservedInsect"},{"floor":20,"key":"Red Mask"}],"event_choices":[{"damage_healed":0,"gold_gain":0,"player_choice":"Take Wound","damage_taken":0,"relics_obtained":["Golden Idol"],"max_hp_gain":0,"max_hp_loss":0,"event_name":"Golden Idol","floor":3,"gold_loss":0,"cards_obtained":["Injury"]},{"damage_healed":0,"gold_gain":0,"player_choice":"Entered Light","damage_taken":15,"max_hp_gain":0,"max_hp_loss":0,"event_name":"Shining Light","floor":5,"gold_loss":0,"cards_upgraded":["Defend_G","Strike_G"]},{"damage_healed":25,"gold_gain":0,"player_choice":"Banana","damage_taken":0,"max_hp_gain":0,"max_hp_loss":0,"event_name":"Big Fish","floor":7,"gold_loss":0},{"damage_healed":0,"gold_gain":0,"player_choice":"Ignored","damage_taken":0,"max_hp_gain":0,"max_hp_loss":0,"event_name":"Liars Game","floor":10,"gold_loss":0},{"damage_healed":0,"gold_gain":0,"player_choice":"Fought Bandits","damage_taken":0,"max_hp_gain":0,"max_hp_loss":0,"event_name":"Masked Bandits","floor":20,"gold_loss":0},{"damage_healed":0,"gold_gain":0,"player_choice":"Inject Mutagens","damage_taken":0,"relics_obtained":["MutagenicStrength"],"max_hp_gain":0,"max_hp_loss":0,"event_name":"Drug Dealer","floor":22,"gold_loss":0}],"is_beta":false,"boss_relics":[{"not_picked":["Runic Dome","WristBlade"],"picked":"Astrolabe"}],"items_purged_floors":[19],"is_endless":false,"potions_floor_spawned":[4,8,14,18],"killed_by":"Centurion and Healer","ascension_level":0}