{"gold_per_floor":[116,41,57,57,75,101,101,1,1,1,12,26,26,26,26,121,121,138,120,136,0,0],"floor_reached":22,"playtime":1444,"items_purged":["Strike_R","Strike_R"],"score":186,"play_id":"ec35b87f-e266-436e-b955-31e04c781d54","local_time":"20190623034705","is_ascension_mode":false,"campfire_choices":[{"data":"Anger","floor":7,"key":"SMITH"},{"data":"Shockwave","floor":13,"key":"SMITH"},{"floor":15,"key":"REST"}],"neow_cost":"NONE","seed_source_timestamp":24089361486287,"circlet_count":0,"master_deck":["Bash","Headbutt","Uppercut","Anger+1","Flex","Shockwave+1","Reckless Charge","Demon Form","Bludgeon","Intimidate","Intimidate","Disarm","Limit Break","Heavy Blade","Rage","Flex"],"relics":["Burning Blood","Pear","Dodecahedron","Question Card","Pandora\u0027s Box"],"potions_floor_usage":[16],"damage_taken":[{"damage":7,"enemies":"2 Louse","floor":1,"turns":3},{"damage":0,"enemies":"Small Slimes","floor":3,"turns":3},{"damage":4,"enemies":"Cultist","floor":5,"turns":3},{"damage":10,"enemies":"Gremlin Nob","floor":6,"turns":3},{"damage":9,"enemies":"2 Fungi Beasts","floor":11,"turns":2},{"damage":6,"enemies":"Blue Slaver","floor":12,"turns":3},{"damage":66,"enemies":"Slime Boss","floor":16,"turns":13},{"damage":25,"enemies":"Shell Parasite","floor":18,"turns":4},{"damage":21,"enemies":"2 Thieves","floor":19,"turns":4},{"damage":51,"enemies":"Sentry and Sphere","floor":20,"turns":6},{"damage":14,"enemies":"Snake Plant","floor":22,"turns":1}],"seed_played":"-5488984097225082540","potions_obtained":[{"floor":1,"key":"Energy Potion"},{"floor":3,"key":"Weak Potion"},{"floor":6,"key":"Explosive Potion"},{"floor":12,"key":"FearPotion"},{"floor":19,"key":"BloodPotion"}],"is_trial":false,"path_per_floor":["M","$","M","?","M","E","R","$","T","?","M","M","R","?","R","B",null,"M","M","M","?","M"],"character_chosen":"IRONCLAD","items_purchased":[],"campfire_rested":1,"item_purchase_floors":[],"current_hp_per_floor":[79,79,80,64,66,72,72,72,72,60,57,57,57,57,84,24,90,71,56,11,11,0],"gold":0,"neow_bonus":"REMOVE_CARD","is_prod":false,"is_daily":false,"chose_seed":false,"campfire_upgraded":2,"win_rate":0.0,"timestamp":1561276025,"path_taken":["M","$","M","?","M","E","R","$","T","?","M","M","R","?","R","BOSS","M","M","M","?","M"],"build_version":"2019-01-23","purchased_purges":2,"victory":false,"max_hp_per_floor":[80,80,80,80,80,90,90,90,90,90,90,90,90,90,90,90,90,90,90,90,90,90],"card_choices":[{"not_picked":["Searing Blow","Dropkick"],"picked":"Headbutt","floor":1},{"not_picked":["Hemokinesis","Cleave"],"picked":"Uppercut","floor":3},{"not_picked":["Carnage","Wild Strike"],"picked":"Anger","floor":5},{"not_picked":["Battle Trance","Berserk"],"picked":"Flex","floor":6},{"not_picked":["Perfected Strike","Dropkick","Hemokinesis"],"picked":"Shockwave","floor":11},{"not_picked":["Cleave","Iron Wave","Wild Strike"],"picked":"Reckless Charge","floor":12},{"not_picked":["Impervious","Brutality","Berserk"],"picked":"Demon Form","floor":16},{"not_picked":["Wild Strike","Dropkick+1","Warcry"],"picked":"Heavy Blade","floor":18},{"not_picked":["Anger","Headbutt+1","Perfected Strike"],"picked":"Rage","floor":19},{"not_picked":["Havoc","Sword Boomerang","Twin Strike"],"picked":"Flex","floor":20}],"player_experience":144215,"relics_obtained":[{"floor":6,"key":"Pear"},{"floor":9,"key":"Dodecahedron"}],"event_choices":[{"damage_healed":0,"gold_gain":0,"player_choice":"Entered Light","damage_taken":16,"max_hp_gain":0,"max_hp_loss":0,"event_name":"Shining Light","floor":4,"gold_loss":0,"cards_upgraded":["Strike_R","Defend_R"]},{"damage_healed":0,"gold_gain":0,"player_choice":"Success","damage_taken":12,"relics_obtained":["Question Card"],"max_hp_gain":0,"max_hp_loss":0,"event_name":"Scrap Ooze","floor":10,"gold_loss":0},{"cards_removed":["Defend_R"],"damage_healed":0,"gold_gain":0,"player_choice":"Forget","damage_taken":0,"max_hp_gain":0,"max_hp_loss":0,"event_name":"Living Wall","floor":14,"gold_loss":0},{"damage_healed":0,"gold_gain":0,"player_choice":"Paid Fearfully","damage_taken":0,"max_hp_gain":0,"max_hp_loss":0,"event_name":"Masked Bandits","floor":21,"gold_loss":136}],"is_beta":false,"boss_relics":[{"not_picked":["Sozu","Orrery"],"picked":"Pandora\u0027s Box"}],"items_purged_floors":[2,8],"is_endless":false,"potions_floor_spawned":[1,3,6,12,19],"killed_by":"Snake Plant","ascension_level":0}