{"gold_per_floor":[118,118,134,147,247,280,291,291,291,291,323,342,361,395,395,497,547,519,538,470,489,414,414,442,442,495,530,530,530,547,558,558,656,656,672,686,686,686],"floor_reached":38,"playtime":3141,"items_purged":["Strike_G"],"score":480,"play_id":"96c7aa91-d9bc-487b-a1d6-41bff06c172f","local_time":"20190512115502","is_ascension_mode":true,"campfire_choices":[{"floor":8.0,"key":"REST"},{"data":"Accuracy","floor":10.0,"key":"SMITH"},{"floor":15,"key":"REST"},{"data":"Cloak And Dagger","floor":23,"key":"SMITH"},{"floor":25,"key":"REST"},{"floor":29,"key":"REST"},{"floor":32,"key":"REST"}],"neow_cost":"NONE","seed_source_timestamp":0,"circlet_count":0,"master_deck":["Defend_G","Defend_G","Defend_G","Defend_G","Defend_G","Strike_G","Strike_G","Strike_G","Strike_G+1","Survivor","Neutralize","Deflect","Accuracy+1","Cloak And Dagger+1","After Image","Flying Knee","Accuracy","Noxious Fumes+1","Blur+1","After Image","Backflip","Catalyst"],"special_seed":0,"relics":["Ring of the Snake","NeowsBlessing","Meat on the Bone","Ninja Scroll","Oddly Smooth Stone","Snake Skull","Tiny House","Regal Pillow","Blood Vial","Tough Bandages","WristBlade"],"potions_floor_usage":[16,16,19,21,24],"damage_taken":[{"damage":0.0,"enemies":"2 Louse","floor":1.0,"turns":1.0},{"damage":0.0,"enemies":"Cultist","floor":3.0,"turns":1.0},{"damage":0.0,"enemies":"Small Slimes","floor":4.0,"turns":1.0},{"damage":40.0,"enemies":"3 Sentries","floor":6.0,"turns":16.0},{"damage":1.0,"enemies":"Gremlin Gang","floor":7.0,"turns":4.0},{"damage":28.0,"enemies":"Gremlin Nob","floor":11.0,"turns":5.0},{"damage":16.0,"enemies":"Lots of Slimes","floor":12.0,"turns":6.0},{"damage":0.0,"enemies":"2 Fungi Beasts","floor":13.0,"turns":2.0},{"damage":21,"enemies":"Lagavulin","floor":14,"turns":7},{"damage":53,"enemies":"Slime Boss","floor":16,"turns":11},{"damage":15,"enemies":"2 Thieves","floor":18,"turns":5},{"damage":9,"enemies":"Chosen","floor":19,"turns":8},{"damage":16,"enemies":"Centurion and Healer","floor":21,"turns":7},{"damage":43,"enemies":"Slavers","floor":24,"turns":11},{"damage":37,"enemies":"Gremlin Leader","floor":27,"turns":11},{"damage":9,"enemies":"3 Cultists","floor":30,"turns":5},{"damage":7,"enemies":"Snecko","floor":31,"turns":5},{"damage":38,"enemies":"Champ","floor":33,"turns":17},{"damage":17,"enemies":"Orb Walker","floor":35,"turns":5},{"damage":16,"enemies":"3 Shapes","floor":36,"turns":5},{"damage":52,"enemies":"Spire Growth","floor":38,"turns":9}],"seed_played":"-7266576953177258068","potions_obtained":[{"floor":1.0,"key":"PowerPotion"},{"floor":3.0,"key":"GamblersBrew"},{"floor":6.0,"key":"Strength Potion"},{"floor":7.0,"key":"EssenceOfSteel"},{"floor":14,"key":"PowerPotion"},{"floor":16,"key":"Ancient Potion"},{"floor":17,"key":"Dexterity Potion"},{"floor":18,"key":"AttackPotion"},{"floor":27,"key":"SteroidPotion"}],"is_trial":false,"path_per_floor":["M","?","M","M","?","E","M","R","T","R","E","M","M","E","R","B",null,"M","M","$","M","$","R","E","R","T","E","?","R","M","M","R","B",null,"M","M","?","M"],"character_chosen":"THE_SILENT","items_purchased":["Accuracy"],"campfire_rested":5,"item_purchase_floors":[20],"current_hp_per_floor":[70,70,70,70,70,30,41,62,62,62,46,42,42,33,54,13,75,60,51,51,47,47,47,16,53,53,30,16,55,48,43,80,42,80,63,49,49,0],"gold":686,"neow_bonus":"THREE_ENEMY_KILL","is_prod":false,"is_daily":false,"chose_seed":false,"campfire_upgraded":2,"win_rate":0,"timestamp":1557626102,"path_taken":["M","?","?","M","?","E","M","R","T","R","E","M","?","E","R","BOSS","M","M","$","?","?","R","E","R","T","E","?","R","M","M","R","BOSS","M","M","?","?"],"build_version":"2019-01-23","purchased_purges":1,"victory":false,"max_hp_per_floor":[70,70,70,70,70,70,70,70,70,70,70,70,70,70,70,70,75,75,75,75,75,75,75,75,75,75,75,80,80,80,80,80,80,80,80,80,80,80],"card_choices":[{"not_picked":["Heel Hook","Poisoned Stab"],"picked":"Deflect","floor":1.0},{"not_picked":["Underhanded Strike","Outmaneuver","Concentrate"],"picked":"SKIP","floor":3.0},{"not_picked":["Footwork","Deflect"],"picked":"Accuracy","floor":4.0},{"not_picked":["Underhanded Strike","Acrobatics","Heel Hook"],"picked":"SKIP","floor":6.0},{"not_picked":["Predator","PiercingWail","Escape Plan"],"picked":"SKIP","floor":7.0},{"not_picked":["Bane","Poisoned Stab","Dagger Spray"],"picked":"SKIP","floor":11.0},{"not_picked":["Deflect","Dagger Spray","Bullet Time"],"picked":"SKIP","floor":12.0},{"not_picked":["Deadly Poison","Dagger Throw"],"picked":"Cloak And Dagger","floor":13.0},{"not_picked":["Prepared","Distraction","Sucker Punch"],"picked":"SKIP","floor":14},{"not_picked":["Grand Finale","Phantasmal Killer"],"picked":"After Image","floor":16},{"not_picked":["Eviscerate","Prepared","Well Laid Plans+1"],"picked":"SKIP","floor":18},{"not_picked":["PiercingWail","Outmaneuver"],"picked":"Flying Knee","floor":19},{"not_picked":["Blur","Outmaneuver"],"picked":"Noxious Fumes+1","floor":21},{"not_picked":["Flying Knee+1","Doppelganger"],"picked":"Blur+1","floor":24},{"not_picked":["Dagger Spray+1","Underhanded Strike","Quick Slash"],"picked":"SKIP","floor":27},{"not_picked":["Sucker Punch","Quick Slash","Endless Agony"],"picked":"SKIP","floor":30},{"not_picked":["Prepared","Dodge and Roll","Reflex"],"picked":"SKIP","floor":31},{"not_picked":["Grand Finale","Unload"],"picked":"After Image","floor":33},{"not_picked":["Concentrate+1","Dagger Spray+1"],"picked":"Backflip","floor":35},{"not_picked":["Dagger Spray","Flechettes","Caltrops"],"picked":"SKIP","floor":36}],"player_experience":376522,"relics_obtained":[{"floor":6.0,"key":"Meat on the Bone"},{"floor":9.0,"key":"Ninja Scroll"},{"floor":11.0,"key":"Oddly Smooth Stone"},{"floor":14,"key":"Snake Skull"},{"floor":24,"key":"Regal Pillow"},{"floor":26,"key":"Blood Vial"},{"floor":27,"key":"Tough Bandages"}],"event_choices":[{"damage_healed":0.0,"max_hp_gain":0.0,"max_hp_loss":0.0,"gold_gain":0.0,"event_name":"The Woman in Blue","player_choice":"Bought 0 Potions","floor":2.0,"gold_loss":0.0,"damage_taken":0.0},{"damage_healed":0.0,"max_hp_gain":0.0,"max_hp_loss":0.0,"gold_gain":100.0,"event_name":"Golden Shrine","player_choice":"Pray","floor":5.0,"gold_loss":0.0,"damage_taken":0.0},{"damage_healed":0,"gold_gain":0,"player_choice":"Shed Blood","damage_taken":19,"max_hp_gain":5,"max_hp_loss":0,"event_name":"Forgotten Altar","floor":28,"gold_loss":0},{"damage_healed":0,"gold_gain":0,"player_choice":"1 cards matched","damage_taken":0,"max_hp_gain":0,"max_hp_loss":0,"event_name":"Match and Keep!","floor":37,"gold_loss":0,"cards_obtained":["Catalyst"]}],"is_beta":false,"boss_relics":[{"not_picked":["Eternal Feather","Fusion Hammer"],"picked":"Tiny House"},{"not_picked":["Astrolabe","Runic Pyramid"],"picked":"WristBlade"}],"items_purged_floors":[22],"is_endless":false,"potions_floor_spawned":[1,3,6,7,14,16,18,27],"killed_by":"Spire Growth","ascension_level":2}