{"gold_per_floor":[117,117,117,117,137,170,170,28,53,53,84,100,113,127,127,253,253,272,288,49,67,67],"floor_reached":22,"playtime":1647,"items_purged":["Strike_B","Defend_B"],"score":221,"play_id":"9dd3b5e9-e532-4172-a9d1-cb4a166faab2","local_time":"20190623165627","is_ascension_mode":false,"campfire_choices":[{"floor":7,"key":"REST"},{"data":"Streamline","floor":10,"key":"SMITH"},{"floor":15,"key":"REST"}],"neow_cost":"NONE","seed_source_timestamp":20714723740844,"circlet_count":0,"master_deck":["Strike_B","Strike_B+1","Defend_B","Defend_B+1","Defend_B","Zap","Dualcast","Fusion","Injury","Streamline+1","Cold Snap","Capacitor","Chaos","Seek","Darkness","Reinforced Body+1","Loop","Tempest","Skim"],"relics":["Cracked Core","Golden Idol","Bronze Scales","Strawberry","Singing Bowl","Inserter"],"potions_floor_usage":[16],"damage_taken":[{"damage":4,"enemies":"Jaw Worm","floor":1,"turns":4},{"damage":0,"enemies":"2 Louse","floor":5,"turns":3},{"damage":18,"enemies":"Lagavulin","floor":6,"turns":6},{"damage":27,"enemies":"3 Sentries","floor":11,"turns":8},{"damage":4,"enemies":"Cultist","floor":12,"turns":4},{"damage":5,"enemies":"Blue Slaver","floor":13,"turns":3},{"damage":11,"enemies":"Lots of Slimes","floor":14,"turns":4},{"damage":26,"enemies":"The Guardian","floor":16,"turns":11},{"damage":32,"enemies":"2 Thieves","floor":18,"turns":5},{"damage":5,"enemies":"Chosen","floor":19,"turns":6},{"damage":7,"enemies":"Centurion and Healer","floor":21,"turns":9},{"damage":53,"enemies":"3 Cultists","floor":22,"turns":5}],"seed_played":"1842755267218568286","potions_obtained":[{"floor":1,"key":"Poison Potion"},{"floor":6,"key":"SpeedPotion"},{"floor":14,"key":"Swift Potion"},{"floor":21,"key":"Ancient Potion"}],"is_trial":false,"path_per_floor":["M","?","?","?","M","E","R","$","T","R","E","M","M","M","R","B",null,"M","M","$","M","M"],"character_chosen":"DEFECT","items_purchased":["Capacitor","Loop","Tempest"],"campfire_rested":2,"item_purchase_floors":[8,20,20],"current_hp_per_floor":[78,62,62,62,62,44,68,68,75,75,50,46,41,32,59,35,95,63,58,58,51,0],"gold":67,"neow_bonus":"TEN_PERCENT_HP_BONUS","is_prod":false,"is_daily":false,"chose_seed":false,"campfire_upgraded":1,"win_rate":0.0,"timestamp":1561323387,"path_taken":["M","?","?","?","?","E","R","$","T","R","E","M","?","M","R","BOSS","M","M","$","M","M"],"build_version":"2019-01-23","purchased_purges":2,"victory":false,"max_hp_per_floor":[82,82,82,82,82,82,82,82,89,89,91,91,91,93,93,95,95,95,95,95,95,95],"card_choices":[{"not_picked":["Reinforced Body","FTL"],"picked":"Fusion","floor":1},{"not_picked":["Compile Driver","Hello World"],"picked":"Streamline","floor":5},{"not_picked":["White Noise","Conserve Battery"],"picked":"Cold Snap","floor":6},{"not_picked":["Rebound","Static Discharge","Streamline"],"picked":"Singing Bowl","floor":11},{"not_picked":["Compile Driver","Go for the Eyes"],"picked":"Chaos","floor":12},{"not_picked":["Sweeping Beam","Compile Driver"],"picked":"Seek","floor":13},{"not_picked":["Coolheaded","Melter","Compile Driver"],"picked":"Singing Bowl","floor":14},{"not_picked":["All For One","Echo Form","Multi-Cast"],"picked":"Singing Bowl","floor":16},{"not_picked":["Conserve Battery+1","Storm"],"picked":"Darkness","floor":18},{"not_picked":["Conserve Battery","Beam Cell"],"picked":"Reinforced Body+1","floor":19},{"not_picked":["Coolheaded","Streamline"],"picked":"Skim","floor":21}],"player_experience":159618,"relics_obtained":[{"floor":6,"key":"Bronze Scales"},{"floor":9,"key":"Strawberry"},{"floor":11,"key":"Singing Bowl"}],"event_choices":[{"damage_healed":0,"gold_gain":0,"player_choice":"Entered Light","damage_taken":16,"max_hp_gain":0,"max_hp_loss":0,"event_name":"Shining Light","floor":2,"gold_loss":0,"cards_upgraded":["Defend_B","Strike_B"]},{"damage_healed":0,"gold_gain":0,"player_choice":"Take Wound","damage_taken":0,"relics_obtained":["Golden Idol"],"max_hp_gain":0,"max_hp_loss":0,"event_name":"Golden Idol","floor":3,"gold_loss":0,"cards_obtained":["Injury"]},{"cards_removed":["Strike_B"],"damage_healed":0,"gold_gain":0,"player_choice":"Forget","damage_taken":0,"max_hp_gain":0,"max_hp_loss":0,"event_name":"Living Wall","floor":4,"gold_loss":0}],"is_beta":false,"boss_relics":[{"not_picked":["Cursed Key","Black Star"],"picked":"Inserter"}],"items_purged_floors":[8,20],"is_endless":false,"potions_floor_spawned":[1,6,14,21],"killed_by":"3 Cultists","ascension_level":0}