{"gold_per_floor":[109,109,284,284,302,327,327,353,377,390,400,400,138,156,156,255,255,266,295,295,315,327,327,352,376,376,376,376,387,398,92,92,192,192,205,205,205,222,222,222,237,251,276,276,290,302,347,347,347,347],"floor_reached":50,"playtime":1828,"items_purged":["Doubt"],"score":547,"play_id":"6a20aae8-f98c-41c1-a7e7-fa3216e0db2f","local_time":"20190120215613","is_ascension_mode":false,"campfire_choices":[{"data":"Infernal Blade","floor":12,"key":"SMITH"},{"data":"Rampage","floor":15,"key":"SMITH"},{"data":"Perfected Strike","floor":23,"key":"SMITH"},{"data":"Immolate","floor":27,"key":"SMITH"},{"data":"Spot Weakness","floor":32,"key":"SMITH"},{"data":"Flex","floor":40,"key":"SMITH"},{"data":"Bash","floor":44,"key":"SMITH"},{"data":"Thunderclap","floor":49,"key":"SMITH"}],"neow_cost":"NONE","seed_source_timestamp":872242593105046,"circlet_count":0,"master_deck":["Strike_R","Strike_R","Strike_R","Strike_R","Strike_R","Defend_R","Defend_R","Defend_R","Defend_R+1","Bash+1","Infernal Blade+1","Pommel Strike","Perfected Strike+1","Rampage+1","Iron Wave","Shrug It Off+1","Thunderclap+1","Immolate+1","Flex+1","Clothesline+1","RitualDagger+1","Perfected Strike+1","Perfected Strike+1","Spot Weakness+1","Double Tap","Pommel Strike+1","Flex+1","Thunderclap+1"],"relics":["Black Blood","NeowsBlessing","Darkstone Periapt","Boot","Bag of Marbles","Happy Flower","Orichalcum","Paper Frog","Velvet Choker","Red Mask","Regal Pillow","Mummified Hand","War Paint","Molten Egg 2","Bag of Preparation","Bronze Scales","Girya","Shuriken"],"potions_floor_usage":[16,16,50,50,50],"damage_taken":[{"damage":0,"enemies":"2 Louse","floor":1,"turns":1},{"damage":0,"enemies":"Small Slimes","floor":5,"turns":1},{"damage":0,"enemies":"Lagavulin","floor":6,"turns":1},{"damage":14,"enemies":"Gremlin Nob","floor":8,"turns":3},{"damage":5,"enemies":"Jaw Worm","floor":10,"turns":2},{"damage":0,"enemies":"Looter","floor":11,"turns":1},{"damage":0,"enemies":"3 Louse","floor":14,"turns":1},{"damage":61,"enemies":"Hexaghost","floor":16,"turns":10},{"damage":0,"enemies":"3 Byrds","floor":18,"turns":2},{"damage":0,"enemies":"Masked Bandits","floor":19,"turns":1},{"damage":18,"enemies":"Spheric Guardian","floor":21,"turns":4},{"damage":5,"enemies":"Shelled Parasite and Fungi","floor":22,"turns":3},{"damage":0,"enemies":"Gremlin Leader","floor":24,"turns":3},{"damage":5,"enemies":"Snake Plant","floor":29,"turns":2},{"damage":0,"enemies":"3 Cultists","floor":30,"turns":1},{"damage":34,"enemies":"Collector","floor":33,"turns":5},{"damage":0,"enemies":"3 Darklings","floor":35,"turns":1},{"damage":0,"enemies":"Orb Walker","floor":38,"turns":2},{"damage":15,"enemies":"Maw","floor":41,"turns":5},{"damage":9,"enemies":"Jaw Worm Horde","floor":42,"turns":3},{"damage":6,"enemies":"Writhing Mass","floor":45,"turns":3},{"damage":0,"enemies":"Sphere and 2 Shapes","floor":46,"turns":2},{"damage":1,"enemies":"2 Orb Walkers","floor":47,"turns":2},{"damage":84,"enemies":"Donu and Deca","floor":50,"turns":6}],"seed_played":"2176972982258157327","potions_obtained":[{"floor":1,"key":"SkillPotion"},{"floor":10,"key":"Strength Potion"},{"floor":16,"key":"Fire Potion"},{"floor":19,"key":"Strength Potion"},{"floor":22,"key":"Strength Potion"},{"floor":29,"key":"Ancient Potion"},{"floor":35,"key":"Fire Potion"}],"is_trial":false,"path_per_floor":["M","?","?","?","M","E","T","E","T","M","M","R","$","M","R","B",null,"M","?","?","M","M","R","E","T","T","R","?","M","M","$","R","B",null,"M","?","$","M","?","R","M","M","T","R","M","M","?","T","R","B"],"character_chosen":"IRONCLAD","items_purchased":["Paper Frog","Bag of Preparation","Spot Weakness"],"campfire_rested":0,"item_purchase_floors":[13,31,31],"current_hp_per_floor":[80,80,80,62,68,74,74,66,66,67,73,73,73,79,79,24,80,80,80,80,68,69,69,75,75,75,75,69,70,76,76,76,48,80,80,80,80,80,80,80,75,76,76,76,80,80,80,80,80,0],"gold":347,"neow_bonus":"THREE_ENEMY_KILL","is_prod":false,"is_daily":false,"chose_seed":false,"campfire_upgraded":8,"win_rate":0.0,"timestamp":1547981773,"path_taken":["M","?","?","?","M","E","?","E","T","M","?","R","$","M","R","BOSS","M","?","?","?","M","R","E","?","T","R","?","M","M","$","R","BOSS","M","?","?","?","?","R","M","M","T","R","M","M","?","?","R","BOSS"],"build_version":"2019-01-17v2","purchased_purges":1,"victory":false,"max_hp_per_floor":[80,80,80,80,80,80,80,80,80,80,80,80,80,80,80,80,80,80,80,80,80,80,80,80,80,80,80,80,80,80,80,80,80,80,80,80,80,80,80,80,80,80,80,80,80,80,80,80,80,80],"card_choices":[{"not_picked":["Anger","Body Slam"],"picked":"Infernal Blade","floor":1},{"not_picked":["Warcry","Anger"],"picked":"Pommel Strike","floor":5},{"not_picked":["True Grit","Metallicize"],"picked":"Perfected Strike","floor":6},{"not_picked":["Anger","Power Through"],"picked":"Rampage","floor":8},{"not_picked":["Warcry","Clash"],"picked":"Iron Wave","floor":10},{"not_picked":["Pommel Strike","True Grit"],"picked":"Shrug It Off","floor":11},{"not_picked":["Flex","Dropkick"],"picked":"Thunderclap","floor":14},{"not_picked":["Exhume","Limit Break"],"picked":"Immolate","floor":16},{"not_picked":["Anger","Warcry+1"],"picked":"Flex","floor":18},{"not_picked":["Inflame","Reckless Charge"],"picked":"Metallicize","floor":21},{"not_picked":["Battle Trance","Reckless Charge+1","Sentinel"],"picked":"SKIP","floor":22},{"not_picked":["Feel No Pain","Shrug It Off"],"picked":"Clothesline+1","floor":24},{"not_picked":["True Grit","Clash+1"],"picked":"Perfected Strike+1","floor":29},{"not_picked":["Reckless Charge+1","Feel No Pain"],"picked":"Perfected Strike+1","floor":30},{"not_picked":["Offering","Barricade"],"picked":"Double Tap","floor":33},{"not_picked":["Body Slam+1","Fire Breathing","Sword Boomerang+1"],"picked":"SKIP","floor":35},{"not_picked":["Rupture","Shrug It Off+1"],"picked":"Pommel Strike+1","floor":38},{"not_picked":["Clothesline+1","Havoc","Ghostly Armor"],"picked":"SKIP","floor":41},{"not_picked":["Carnage+1","Heavy Blade+1","Ghostly Armor+1"],"picked":"SKIP","floor":42},{"not_picked":["Twin Strike+1","Clothesline+1"],"picked":"Flex+1","floor":45},{"not_picked":["True Grit","Shrug It Off"],"picked":"Thunderclap+1","floor":46}],"player_experience":74800,"relics_obtained":[{"floor":6,"key":"Boot"},{"floor":7,"key":"Bag of Marbles"},{"floor":8,"key":"Happy Flower"},{"floor":9,"key":"Orichalcum"},{"floor":19,"key":"Red Mask"},{"floor":24,"key":"Mummified Hand"},{"floor":25,"key":"War Paint"},{"floor":26,"key":"Molten Egg 2"},{"floor":43,"key":"Bronze Scales"},{"floor":47,"key":"Girya"},{"floor":48,"key":"Shuriken"}],"event_choices":[{"damage_healed":0,"gold_gain":0,"player_choice":"Leave","damage_taken":0,"max_hp_gain":0,"max_hp_loss":0,"event_name":"The Cleric","floor":2,"gold_loss":0},{"damage_healed":0,"gold_gain":175,"player_choice":"AGREE","damage_taken":0,"max_hp_gain":0,"max_hp_loss":0,"event_name":"Liars Game","floor":3,"gold_loss":0,"cards_obtained":["Doubt"]},{"damage_healed":0,"gold_gain":0,"player_choice":"Success","damage_taken":18,"relics_obtained":["Darkstone Periapt"],"max_hp_gain":0,"max_hp_loss":0,"event_name":"Scrap Ooze","floor":4,"gold_loss":0},{"damage_healed":0,"gold_gain":0,"player_choice":"Fought Bandits","damage_taken":0,"max_hp_gain":0,"max_hp_loss":0,"event_name":"Masked Bandits","floor":19,"gold_loss":0},{"damage_healed":0,"gold_gain":0,"player_choice":"Gave Potion","damage_taken":0,"relics_obtained":["Regal Pillow"],"max_hp_gain":0,"max_hp_loss":0,"event_name":"WeMeetAgain","floor":20,"gold_loss":0},{"damage_healed":0,"gold_gain":0,"player_choice":"Joined the Cult","damage_taken":6,"max_hp_gain":0,"max_hp_loss":0,"event_name":"Nest","floor":28,"gold_loss":0,"cards_obtained":["RitualDagger"]},{"damage_healed":0,"gold_gain":0,"player_choice":"0 cards matched","damage_taken":0,"max_hp_gain":0,"max_hp_loss":0,"event_name":"Match and Keep!","floor":36,"gold_loss":0,"cards_obtained":[]},{"cards_removed":["Metallicize"],"damage_healed":0,"gold_gain":0,"player_choice":"Removed Power","damage_taken":0,"max_hp_gain":0,"max_hp_loss":0,"event_name":"Falling","floor":39,"gold_loss":0},{"damage_healed":0,"gold_gain":0,"player_choice":"Fight","damage_taken":0,"max_hp_gain":0,"max_hp_loss":0,"event_name":"Mysterious Sphere","floor":47,"gold_loss":0}],"is_beta":false,"boss_relics":[{"not_picked":["Runic Pyramid","Mark of Pain"],"picked":"Velvet Choker"},{"not_picked":["Snecko Eye","Fusion Hammer"],"picked":"Black Blood"}],"items_purged_floors":[31],"is_endless":false,"potions_floor_spawned":[1,10,16,19,22,29,30,33,35,41,47],"killed_by":"Donu and Deca","ascension_level":0}