{"gold_per_floor":[115,135,135,310,310,343,309,309,335,335,365,365,365,377,377,479,479,479,479,479,49,49,49,49,49,49,49,49,49,49,49,49,49,49,49,49,49,49,49,49,49,49,49,49,49,49,49,49,49,49,49,49,49,49,49],"floor_reached":55,"playtime":3384,"items_purged":["Doubt"],"score":930,"play_id":"7521b43a-1280-4c02-a334-7d99eda6c3c8","local_time":"20190610114545","is_ascension_mode":true,"campfire_choices":[{"floor":8,"key":"REST"},{"data":"Spot Weakness","floor":10,"key":"SMITH"},{"data":"Uppercut","floor":15,"key":"SMITH"},{"data":"Immolate","floor":23,"key":"SMITH"},{"data":"Fiend Fire","floor":32,"key":"SMITH"},{"floor":47,"key":"REST"},{"floor":49,"key":"RECALL"},{"data":"Mayhem","floor":52,"key":"SMITH"}],"neow_cost":"NONE","seed_source_timestamp":1956042320727552,"circlet_count":0,"master_deck":["Strike_R+1","Defend_R","Defend_R","Defend_R","Defend_R","Bash+1","True Grit+1","Headbutt","Spot Weakness+1","Dropkick","Seeing Red","Uppercut+1","Immolate+1","Wild Strike+1","Clumsy","Discovery","Seeing Red","Warcry","Second Wind+1","Infernal Blade","Exhume","Fiend Fire+1","Fiend Fire","Armaments+1","Perfected Strike+1","Pommel Strike+1","Uppercut+1","Secret Technique","Mayhem+1","Evolve+1","Feed","Uppercut","Flame Barrier+1"],"relics":["Burning Blood","Lantern","Red Skull","FossilizedHelix","Regal Pillow","Ectoplasm","Dead Branch","Happy Flower","Whetstone","Bottled Lightning","Astrolabe","Bag of Marbles","Darkstone Periapt","Magic Flower"],"potions_floor_usage":[6,18,24,29,33,33,50,55,55],"damage_taken":[{"damage":6,"enemies":"Cultist","floor":1,"turns":3},{"damage":11,"enemies":"Small Slimes","floor":2,"turns":4},{"damage":48,"enemies":"3 Sentries","floor":6,"turns":12},{"damage":32,"enemies":"Gremlin Nob","floor":11,"turns":4},{"damage":0,"enemies":"2 Louse","floor":14,"turns":3},{"damage":38,"enemies":"The Guardian","floor":16,"turns":8},{"damage":3,"enemies":"Shell Parasite","floor":18,"turns":3},{"damage":4,"enemies":"Chosen","floor":20,"turns":3},{"damage":6,"enemies":"3 Cultists","floor":22,"turns":4},{"damage":55,"enemies":"Slavers","floor":24,"turns":6},{"damage":0,"enemies":"Centurion and Healer","floor":27,"turns":2},{"damage":0,"enemies":"Chosen and Byrds","floor":28,"turns":3},{"damage":0,"enemies":"Gremlin Leader","floor":29,"turns":4},{"damage":0,"enemies":"Snecko","floor":31,"turns":3},{"damage":19,"enemies":"Champ","floor":33,"turns":7},{"damage":0,"enemies":"Orb Walker","floor":35,"turns":3},{"damage":0,"enemies":"3 Darklings","floor":37,"turns":3},{"damage":11,"enemies":"Jaw Worm Horde","floor":38,"turns":2},{"damage":36,"enemies":"Nemesis","floor":40,"turns":5},{"damage":17,"enemies":"4 Shapes","floor":41,"turns":3},{"damage":4,"enemies":"Sphere and 2 Shapes","floor":42,"turns":1},{"damage":9,"enemies":"3 Darklings","floor":45,"turns":2},{"damage":0,"enemies":"Reptomancer","floor":48,"turns":1},{"damage":80,"enemies":"Time Eater","floor":50,"turns":7},{"damage":58,"enemies":"Shield and Spear","floor":54,"turns":4},{"damage":28,"enemies":"The Heart","floor":55,"turns":3}],"seed_played":"-4474531530882851152","potions_obtained":[{"floor":2,"key":"SkillPotion"},{"floor":6,"key":"Poison Potion"},{"floor":14,"key":"Dexterity Potion"},{"floor":18,"key":"Regen Potion"},{"floor":20,"key":"Block Potion"},{"floor":27,"key":"PowerPotion"},{"floor":28,"key":"Block Potion"},{"floor":37,"key":"BloodPotion"},{"floor":41,"key":"LiquidBronze"},{"floor":48,"key":"Ancient Potion"}],"is_trial":false,"path_per_floor":["M","M","$","?","?","E","$","R","T","R","E","?","T","M","R","B",null,"M","?","M","$","M","R","E","$","T","M","M","E","?","M","R","B",null,"M","?","M","M","?","E","M","M","T","$","M","?","R","E","R","B",null,"R","$","E","B"],"character_chosen":"IRONCLAD","items_purchased":["Dropkick","Dead Branch","Warcry"],"campfire_rested":2,"item_purchase_floors":[7,21,21],"current_hp_per_floor":[80,75,75,75,75,33,33,57,57,57,31,57,57,63,63,31,80,80,80,80,80,80,80,31,31,31,37,43,49,49,55,55,57,80,80,80,80,75,70,40,29,31,31,31,28,28,67,73,73,7,80,80,80,28,0],"gold":49,"neow_bonus":"UPGRADE_CARD","is_prod":false,"is_daily":false,"chose_seed":false,"campfire_upgraded":5,"win_rate":0,"timestamp":1560131145,"path_taken":["M","M","?","?","?","E","$","R","T","R","E","?","?","M","R","BOSS","M","?","M","$","M","R","E","?","T","M","M","E","?","M","R","BOSS","M","?","M","?","?","E","M","M","T","?","M","?","R","E","R","BOSS","R","$","E","BOSS"],"build_version":"2019-01-23","purchased_purges":1,"victory":false,"max_hp_per_floor":[80,80,80,80,80,80,80,80,80,80,80,80,80,80,80,80,80,80,80,80,80,80,80,80,80,80,80,80,80,80,80,80,80,80,80,80,80,80,80,80,80,80,80,80,80,80,80,80,80,80,80,80,80,80,80],"card_choices":[{"not_picked":["Iron Wave","Rampage"],"picked":"True Grit","floor":1},{"not_picked":["Rupture","Cleave"],"picked":"Headbutt","floor":2},{"not_picked":["Feel No Pain","Perfected Strike"],"picked":"Spot Weakness","floor":6},{"not_picked":["Heavy Blade","Armaments"],"picked":"Seeing Red","floor":11},{"not_picked":["Clash","Seeing Red"],"picked":"Uppercut","floor":14},{"not_picked":["Barricade","Juggernaut"],"picked":"Immolate","floor":16},{"not_picked":["Pommel Strike","Sword Boomerang+1"],"picked":"Wild Strike+1","floor":18},{"not_picked":["Rampage","Havoc"],"picked":"Seeing Red","floor":20},{"not_picked":["Wild Strike","Perfected Strike+1"],"picked":"Second Wind+1","floor":22},{"not_picked":["Headbutt","Wild Strike"],"picked":"Infernal Blade","floor":24},{"not_picked":["True Grit","Thunderclap","Sword Boomerang"],"picked":"SKIP","floor":27},{"not_picked":["Shrug It Off+1","Metallicize"],"picked":"Exhume","floor":28},{"not_picked":["Carnage","Corruption"],"picked":"Fiend Fire","floor":29},{"not_picked":["Perfected Strike","Headbutt","Iron Wave"],"picked":"SKIP","floor":31},{"not_picked":["Bludgeon","Limit Break"],"picked":"Fiend Fire","floor":33},{"not_picked":["Armaments+1","Hemokinesis+1"],"picked":"Pommel Strike+1","floor":35},{"not_picked":["True Grit","Spot Weakness+1"],"picked":"Uppercut+1","floor":37},{"not_picked":["Perfected Strike+1","Combust","Entrench"],"picked":"SKIP","floor":38},{"not_picked":["Sadistic Nature","HandOfGreed"],"picked":"Secret Technique","floor":39},{"not_picked":["Jack Of All Trades","Bandage Up"],"picked":"Mayhem","floor":39},{"not_picked":["Anger","Searing Blow","Wild Strike"],"picked":"SKIP","floor":40},{"not_picked":["Bloodletting","Flex"],"picked":"Evolve+1","floor":41},{"not_picked":["Iron Wave+1","Whirlwind+1","Flex"],"picked":"SKIP","floor":42},{"not_picked":["Thunderclap","Iron Wave+1"],"picked":"Feed","floor":45},{"not_picked":["Wild Strike","Power Through","Clothesline"],"picked":"SKIP","floor":48},{"not_picked":["Shockwave+1","Ghostly Armor+1"],"picked":"Flame Barrier+1","floor":54}],"player_experience":445902,"relics_obtained":[{"floor":6,"key":"Lantern"},{"floor":9,"key":"Red Skull"},{"floor":11,"key":"FossilizedHelix"},{"floor":13,"key":"Regal Pillow"},{"floor":24,"key":"Happy Flower"},{"floor":26,"key":"Whetstone"},{"floor":29,"key":"Bottled Lightning"},{"floor":40,"key":"Bag of Marbles"},{"floor":48,"key":"Darkstone Periapt"},{"floor":54,"key":"Magic Flower"}],"event_choices":[{"damage_healed":0,"gold_gain":175,"player_choice":"AGREE","damage_taken":0,"max_hp_gain":0,"max_hp_loss":0,"event_name":"Liars Game","floor":4,"gold_loss":0,"cards_obtained":["Doubt"]},{"damage_healed":0,"gold_gain":0,"player_choice":"Grow","damage_taken":0,"max_hp_gain":0,"max_hp_loss":0,"event_name":"Living Wall","floor":5,"gold_loss":0,"cards_upgraded":["True Grit"]},{"damage_healed":26,"gold_gain":0,"player_choice":"Banana","damage_taken":0,"max_hp_gain":0,"max_hp_loss":0,"event_name":"Big Fish","floor":12,"gold_loss":0},{"damage_healed":0,"gold_gain":0,"player_choice":"2 cards matched","damage_taken":0,"max_hp_gain":0,"max_hp_loss":0,"event_name":"Match and Keep!","floor":19,"gold_loss":0,"cards_obtained":["Clumsy","Discovery"]},{"cards_removed":["Rupture"],"damage_healed":0,"gold_gain":0,"player_choice":"Purged","damage_taken":0,"max_hp_gain":0,"max_hp_loss":0,"event_name":"Purifier","floor":36,"gold_loss":0},{"damage_healed":0,"gold_gain":0,"player_choice":"Memory 2","damage_taken":5,"max_hp_gain":0,"max_hp_loss":0,"event_name":"SensoryStone","floor":39,"gold_loss":0},{"damage_healed":0,"gold_gain":0,"cards_transformed":["Strike_R"],"player_choice":"Transformed","damage_taken":0,"max_hp_gain":0,"max_hp_loss":0,"event_name":"Transmorgrifier","floor":46,"gold_loss":0,"cards_obtained":["Uppercut"]}],"is_beta":false,"boss_relics":[{"not_picked":["Coffee Dripper","White Beast Statue"],"picked":"Ectoplasm"},{"not_picked":["Orrery","Cursed Key"],"picked":"Astrolabe"}],"items_purged_floors":[21],"is_endless":false,"potions_floor_spawned":[2,6,14,18,20,27,28,37,41,48],"killed_by":"The Heart","ascension_level":4}