{"path_per_floor":["M","?","M","M","M","E","R","E","T","M","$","M","M","?","R","B",null,"M","M","?","M","M","E","R","M","T"],"character_chosen":"IRONCLAD","items_purchased":["Master of Strategy"],"gold_per_floor":[116,116,133,149,167,197,197,223,223,243,55,67,82,82,82,187,217,235,255,255,271,290,325,325,336,336],"floor_reached":27,"campfire_rested":1,"playtime":3136,"current_hp_per_floor":[80,80,80,80,80,79,79,77,77,80,80,80,80,73,73,44,85,85,85,59,58,59,9,26,38,38],"items_purged":[],"gold":336,"play_id":"1e3bdca9-920e-4e8c-a1b2-454c030f735c","is_prod":false,"is_daily":false,"is_ascension_mode":false,"campfire_upgraded":2,"path_taken":["M","?","M","?","M","E","R","E","T","M","$","M","M","?","R","BOSS","M","M","?","?","M","E","R","M","T","E"],"build_version":"2018-01-25-PROD3","purchased_purges":0,"victory":false,"master_deck":["Defend_R","Defend_R","Defend_R","Defend_R+1","Bash","Corruption+1","Flame Barrier+1","Clash","Body Slam","Shrug It Off","Armaments+1","Reckless Charge","Flame Barrier","Master of Strategy","Armaments","Feel No Pain","Offering","Iron Wave","Warcry","Cleave","Bite_R","Bite_R","Bite_R","Bite_R","Bite_R","Sword Boomerang+1","Dual Wield+1","Seeing Red","Shrug It Off"],"max_hp_per_floor":[80,80,80,80,80,80,80,80,80,80,80,80,80,80,80,80,85,85,85,59,59,59,59,59,59,59],"relics":["Burning Blood","Paper Frog","War Paint","Frozen Eye","Tiny House","Sundial","Bag of Marbles"],"card_choices":[{"not_picked":["Corruption","Warcry"],"picked":"Flame Barrier"},{"not_picked":["Wild Strike","Headbutt"],"picked":"Clash"},{"not_picked":["Clash","Warcry"],"picked":"Body Slam"},{"not_picked":["Juggernaut","Blood for Blood"],"picked":"Shrug It Off"},{"not_picked":["Fiend Fire","Heavy Blade"],"picked":"Armaments"},{"not_picked":["Demon Form","Heavy Blade"],"picked":"Reckless Charge"},{"not_picked":["Cleave","Perfected Strike"],"picked":"Flame Barrier"},{"not_picked":["Pummel","Intimidate"],"picked":"Armaments"},{"not_picked":["Cleave","Body Slam"],"picked":"Feel No Pain"},{"not_picked":["Immolate","Brutality"],"picked":"Offering"},{"not_picked":["Reckless Charge","Twin Strike"],"picked":"Iron Wave"},{"not_picked":["Armaments","Whirlwind"],"picked":"Warcry"},{"not_picked":["Evolve","Anger"],"picked":"Cleave"},{"not_picked":["Reckless Charge","Fiend Fire"],"picked":"Sword Boomerang"},{"not_picked":["Clothesline","True Grit"],"picked":"Dual Wield"},{"not_picked":["Power Through","Flex"],"picked":"Seeing Red"},{"not_picked":["Headbutt","Thunderclap"],"picked":"Shrug It Off"}],"player_experience":58126,"potions_floor_usage":[16],"damage_taken":[{"damage":0,"enemies":"Cultist","floor":1,"turns":4},{"damage":2,"enemies":"Blue Slaver","floor":3,"turns":4},{"damage":0,"enemies":"Small Slimes","floor":4,"turns":3},{"damage":0,"enemies":"Looter","floor":5,"turns":3},{"damage":7,"enemies":"Gremlin Nob","floor":6,"turns":4},{"damage":8,"enemies":"Lagavulin","floor":8,"turns":5},{"damage":0,"enemies":"Exordium Wildlife","floor":10,"turns":4},{"damage":0,"enemies":"Large Slime","floor":12,"turns":2},{"damage":1,"enemies":"Red Slaver","floor":13,"turns":4},{"damage":35,"enemies":"Slime Boss","floor":16,"turns":10},{"damage":6,"enemies":"2 Thieves","floor":18,"turns":4},{"damage":4,"enemies":"Shell Parasite","floor":19,"turns":4},{"damage":9,"enemies":"Snake Plant","floor":21,"turns":3},{"damage":10,"enemies":"Centurion and Healer","floor":22,"turns":9},{"damage":75,"enemies":"Book of Stabbing","floor":23,"turns":9},{"damage":4,"enemies":"3 Cultists","floor":25,"turns":5},{"damage":57,"enemies":"Slavers","floor":27,"turns":3}],"event_choices":[{"event_name":"Bonfire Elementals","player_choice":"BASIC","floor":2,"damage_taken":0},{"event_name":"Golden Wing","player_choice":"Card Removal","floor":14,"damage_taken":0},{"event_name":"Vampires","player_choice":"Became a vampire","floor":20,"damage_taken":0}],"boss_relics":[{"not_picked":["Runic Cube","Velvet Choker"],"picked":"Tiny House"}],"potions_floor_spawned":[1,3,6,8,18,22,25],"seed_played":"7656827984698838182","killed_by":"Slavers","ascension_level":0,"is_trial":false}