{"gold_per_floor":[115,115,40,59,73,100,115,15,84,84,113,125,164,194,206,315,327,351,375,104,124,140,165,165,165,165,199,199],"floor_reached":28,"playtime":2303,"items_purged":["Defend_R","Strike_R","Strike_R"],"score":270,"play_id":"e20581d3-e66f-4a65-ab8e-c7f1f1590082","local_time":"20190622225721","is_ascension_mode":false,"campfire_choices":[{"floor":10,"key":"DIG"},{"floor":12,"key":"DIG"},{"floor":15,"key":"DIG"},{"floor":24,"key":"REST"}],"neow_cost":"NONE","seed_source_timestamp":5846379075068,"circlet_count":0,"master_deck":["Strike_R","Strike_R","Defend_R","Defend_R","Defend_R","Bash","Flame Barrier","Iron Wave","Body Slam","Dropkick","Pommel Strike","Shrug It Off","Cleave","Inflame","Exhume","Flex+1","Blood for Blood+1","Carnage","Enlightenment+1","Shockwave","Offering","Perfected Strike+1","Inflame+1"],"relics":["Burning Blood","Shovel","Gremlin Horn","MawBank","Pen Nib","Sundial","WingedGreaves","Black Star","Regal Pillow","Paper Frog","The Courier","Lantern","Frozen Egg 2"],"potions_floor_usage":[13,16,16,23,23,28,28],"damage_taken":[{"damage":1,"enemies":"Cultist","floor":1,"turns":3},{"damage":2,"enemies":"Small Slimes","floor":4,"turns":4},{"damage":6,"enemies":"2 Louse","floor":5,"turns":3},{"damage":24,"enemies":"3 Sentries","floor":6,"turns":11},{"damage":4,"enemies":"Blue Slaver","floor":7,"turns":4},{"damage":1,"enemies":"2 Fungi Beasts","floor":11,"turns":4},{"damage":27,"enemies":"Lagavulin","floor":13,"turns":9},{"damage":0,"enemies":"Large Slime","floor":14,"turns":4},{"damage":53,"enemies":"The Guardian","floor":16,"turns":10},{"damage":14,"enemies":"3 Byrds","floor":18,"turns":5},{"damage":10,"enemies":"Chosen","floor":19,"turns":4},{"damage":29,"enemies":"Snake Plant","floor":21,"turns":4},{"damage":10,"enemies":"Centurion and Healer","floor":22,"turns":5},{"damage":40,"enemies":"Slavers","floor":23,"turns":5},{"damage":42,"enemies":"Gremlin Leader","floor":27,"turns":4},{"damage":26,"enemies":"3 Cultists","floor":28,"turns":4}],"seed_played":"-935261286761132348","potions_obtained":[{"floor":1,"key":"EssenceOfSteel"},{"floor":6,"key":"SpeedPotion"},{"floor":7,"key":"FearPotion"},{"floor":13,"key":"Swift Potion"},{"floor":14,"key":"Weak Potion"},{"floor":19,"key":"SkillPotion"},{"floor":22,"key":"SteroidPotion"},{"floor":23,"key":"Strength Potion"},{"floor":27,"key":"Fruit Juice"}],"is_trial":false,"path_per_floor":["M","?","$","M","M","E","M","$","T","R","M","R","E","M","R","B",null,"M","M","$","M","M","E","R","?","T","E","M"],"character_chosen":"IRONCLAD","items_purchased":["Carnage","Enlightenment"],"campfire_rested":1,"item_purchase_floors":[20,20],"current_hp_per_floor":[88,88,88,88,88,70,72,72,72,72,77,77,56,62,62,15,88,80,76,76,53,49,15,56,56,56,20,0],"gold":199,"neow_bonus":"TEN_PERCENT_HP_BONUS","is_prod":false,"is_daily":false,"chose_seed":false,"campfire_upgraded":0,"win_rate":0.0,"timestamp":1561258641,"path_taken":["M","?","$","M","M","E","M","$","T","R","M","R","E","?","R","BOSS","M","M","$","M","?","E","R","?","T","E","M"],"build_version":"2019-01-23","purchased_purges":3,"victory":false,"max_hp_per_floor":[88,88,88,88,88,88,88,88,88,88,88,88,88,88,88,88,88,88,88,88,88,88,88,88,88,88,88,93],"card_choices":[{"not_picked":["Power Through","Metallicize"],"picked":"Flame Barrier","floor":1},{"not_picked":["Perfected Strike","Shrug It Off"],"picked":"Body Slam","floor":4},{"not_picked":["Shrug It Off","Uppercut"],"picked":"Dropkick","floor":5},{"not_picked":["Dropkick","Whirlwind"],"picked":"Pommel Strike","floor":6},{"not_picked":["Inflame","Combust"],"picked":"Shrug It Off","floor":7},{"not_picked":["Sword Boomerang","Fire Breathing","Clothesline"],"picked":"SKIP","floor":11},{"not_picked":["Bloodletting","Shockwave"],"picked":"Cleave","floor":13},{"not_picked":["Dropkick","Twin Strike"],"picked":"Inflame","floor":14},{"not_picked":["Brutality","Demon Form"],"picked":"Exhume","floor":16},{"not_picked":["True Grit","Thunderclap"],"picked":"Flex+1","floor":18},{"not_picked":["Twin Strike","Battle Trance+1"],"picked":"Blood for Blood+1","floor":19},{"not_picked":["Second Wind+1","Bloodletting+1"],"picked":"Shockwave","floor":21},{"not_picked":["Cleave","Pummel"],"picked":"Offering","floor":22},{"not_picked":["Intimidate","Searing Blow"],"picked":"Perfected Strike+1","floor":23},{"not_picked":["Intimidate","Warcry"],"picked":"Inflame","floor":27}],"player_experience":141912,"relics_obtained":[{"floor":6,"key":"Shovel"},{"floor":9,"key":"Gremlin Horn"},{"floor":10,"key":"MawBank"},{"floor":12,"key":"Pen Nib"},{"floor":13,"key":"Sundial"},{"floor":15,"key":"WingedGreaves"},{"floor":23,"key":"Regal Pillow"},{"floor":23,"key":"Paper Frog"},{"floor":26,"key":"The Courier"},{"floor":27,"key":"Lantern"},{"floor":27,"key":"Frozen Egg 2"}],"event_choices":[{"cards_removed":["Strike_R"],"damage_healed":0,"gold_gain":0,"player_choice":"Took Card","damage_taken":0,"max_hp_gain":0,"max_hp_loss":0,"event_name":"NoteForYourself","floor":2,"gold_loss":0,"cards_obtained":["Iron Wave"]},{"damage_healed":0,"gold_gain":0,"player_choice":"Forge","damage_taken":0,"max_hp_gain":0,"max_hp_loss":0,"event_name":"Accursed Blacksmith","floor":25,"gold_loss":0,"cards_upgraded":["Enlightenment"]}],"is_beta":false,"boss_relics":[{"not_picked":["Runic Pyramid","Eternal Feather"],"picked":"Black Star"}],"items_purged_floors":[3,8,20],"is_endless":false,"potions_floor_spawned":[1,6,7,13,14,19,22,23,27],"killed_by":"3 Cultists","ascension_level":0}