{"path_per_floor":["M","M","?","M","M","R","E","R","T","M","$","M","R","M","R","B",null,"M","?","M","M","?","R","M","M","T","$","M","R","M","M","R"],"character_chosen":"THE_SILENT","items_purchased":["Catalyst","Infinite Blades","Dagger Spray","Distraction","Flechettes","Riddle With Holes","Crippling Poison"],"gold_per_floor":[148,162,162,180,192,192,227,227,298,314,12,24,24,38,38,138,138,157,72,89,106,106,106,121,140,140,32,48,48,66,84,84],"floor_reached":33,"campfire_rested":7,"playtime":3244,"current_hp_per_floor":[68,67,67,53,33,55,37,59,59,54,54,43,65,55,75,17,75,43,43,23,14,14,36,34,36,36,36,23,45,33,26,48],"items_purged":[],"gold":84,"play_id":"2bfb9ae3-482e-457e-91cb-c45ae714d59c","is_prod":false,"is_daily":false,"is_ascension_mode":false,"campfire_upgraded":0,"path_taken":["M","M","?","M","M","R","E","R","T","M","?","?","R","M","R","BOSS","M","?","M","M","?","R","M","M","T","$","M","R","M","M","R","BOSS"],"build_version":"2018-02-01-PROD3","purchased_purges":0,"victory":false,"master_deck":["Defend_G","Defend_G","Defend_G","Defend_G","Defend_G","Strike_G","Strike_G","Strike_G","Strike_G","Strike_G","Survivor","Neutralize","Poisoned Stab","Endless Agony","Bane","Bullet Time","Poisoned Stab","Backstab","Flying Knee","Catalyst","Infinite Blades","Dagger Spray","Distraction","Flechettes","Bane","Crippling Poison","Envenom","Poisoned Stab+1","Dash","Slice","Endless Agony","Bane","Riddle With Holes","Crippling Poison","Endless Agony","Distraction","Acrobatics"],"max_hp_per_floor":[75,75,75,75,75,75,75,75,75,75,75,75,75,75,75,75,75,75,75,75,75,75,75,75,75,75,75,75,75,75,75,75],"relics":["Tiny House","Darkstone Periapt","Meat on the Bone","Velvet Choker","Pen Nib","Thread and Needle","Letter Opener"],"card_choices":[{"not_picked":["PiercingWail","Slice"],"picked":"Poisoned Stab"},{"not_picked":["PiercingWail","Prepared"],"picked":"Endless Agony"},{"not_picked":["Eviscerate","Slice"],"picked":"Bane"},{"not_picked":["Finisher","Flying Knee"],"picked":"Bullet Time"},{"not_picked":["Quick Slash","Backstab"],"picked":"Poisoned Stab"},{"not_picked":["Flechettes","Bane"],"picked":"Backstab"},{"not_picked":["Dagger Spray","Quick Slash"],"picked":"Flying Knee"},{"not_picked":["Sucker Punch","Dagger Throw"],"picked":"Bane"},{"not_picked":["Dodge and Roll","PiercingWail"],"picked":"Crippling Poison"},{"not_picked":["Corpse Explosion","Unload"],"picked":"Envenom"},{"not_picked":["Dagger Throw","Distraction"],"picked":"Poisoned Stab"},{"not_picked":["Outmaneuver","Calculated Gamble"],"picked":"Dash"},{"not_picked":["Backflip","Calculated Gamble"],"picked":"Slice"},{"not_picked":["Dagger Throw","All Out Attack"],"picked":"Endless Agony"},{"not_picked":["PiercingWail","Distraction"],"picked":"Bane"},{"not_picked":["Outmaneuver","Crippling Poison"],"picked":"Endless Agony"},{"not_picked":["Dodge and Roll","Deflect"],"picked":"Distraction"},{"not_picked":["Footwork","Dodge and Roll"],"picked":"Acrobatics"}],"player_experience":11028,"potions_floor_usage":[7,16,16,16,24,24,24,25,33],"damage_taken":[{"damage":7,"enemies":"2 Louse","floor":1,"turns":2},{"damage":1,"enemies":"Cultist","floor":2,"turns":4},{"damage":14,"enemies":"Blue Slaver","floor":4,"turns":3},{"damage":20,"enemies":"3 Louse","floor":5,"turns":3},{"damage":18,"enemies":"Gremlin Nob","floor":7,"turns":4},{"damage":5,"enemies":"Large Slime","floor":10,"turns":6},{"damage":23,"enemies":"Lots of Slimes","floor":12,"turns":4},{"damage":10,"enemies":"Looter","floor":14,"turns":2},{"damage":70,"enemies":"The Guardian","floor":16,"turns":10},{"damage":32,"enemies":"Chosen","floor":18,"turns":5},{"damage":32,"enemies":"3 Byrds","floor":20,"turns":6},{"damage":21,"enemies":"Snake Plant","floor":21,"turns":4},{"damage":14,"enemies":"Cultist and Chosen","floor":24,"turns":5},{"damage":10,"enemies":"Centurion and Healer","floor":25,"turns":6},{"damage":25,"enemies":"3 Cultists","floor":28,"turns":5},{"damage":24,"enemies":"Snake Plant","floor":30,"turns":4},{"damage":19,"enemies":"Centurion and Healer","floor":31,"turns":6},{"damage":80,"enemies":"Automaton","floor":33,"turns":6}],"event_choices":[{"event_name":"The Lab","player_choice":"Got Potions","floor":3,"damage_taken":0},{"event_name":"Addict","player_choice":"Obtained Relic","floor":19,"damage_taken":0},{"event_name":"The Mausoleum","player_choice":"Yes","floor":22,"damage_taken":0}],"boss_relics":[{"not_picked":["The Specimen","Astrolabe"],"picked":"Velvet Choker"}],"potions_floor_spawned":[2,7,12,20,24,31],"seed_played":"5570520178040358796","killed_by":"Automaton","ascension_level":0,"is_trial":false}