{"gold_per_floor":[113,127,53,72,85,85,96,114,190,190,208,226,226,241,241,369,369,369,369,105,45,45,45,45,45,45,45,45,45,45,45,45,45],"floor_reached":33,"playtime":4081,"items_purged":["Defend_R"],"score":290,"play_id":"204c2475-ee1c-49dd-9cc0-18b8df35b7de","local_time":"20190616080429","is_ascension_mode":false,"campfire_choices":[{"data":"Seeing Red","floor":6.0,"key":"SMITH"},{"floor":13.0,"key":"REST"},{"floor":15.0,"key":"REST"},{"data":"Brutality","floor":29,"key":"SMITH"},{"data":"Bash","floor":32,"key":"SMITH"}],"neow_cost":"NONE","seed_source_timestamp":0,"circlet_count":0,"master_deck":["Defend_R","Defend_R","Defend_R","Bash+1","Battle Trance","Seeing Red+1","Ghostly Armor","Flex","Demon Form","Brutality+1","Bite","Bite","Bite","Bite","Bite","Sever Soul","Dropkick+1","Rampage","Inflame","Rupture+1","Flex+1","Flex+1"],"special_seed":0,"relics":["Burning Blood","Paper Frog","Golden Idol","Ectoplasm","Happy Flower","Prayer Wheel","Pocketwatch","Blood Vial","Orichalcum"],"potions_floor_usage":[23,23,23,33],"damage_taken":[{"damage":1.0,"enemies":"Cultist","floor":1.0,"turns":3.0},{"damage":0.0,"enemies":"Small Slimes","floor":2.0,"turns":3.0},{"damage":2.0,"enemies":"Jaw Worm","floor":4.0,"turns":5.0},{"damage":6.0,"enemies":"Red Slaver","floor":5.0,"turns":5.0},{"damage":14.0,"enemies":"Exordium Thugs","floor":7.0,"turns":4.0},{"damage":31.0,"enemies":"Lots of Slimes","floor":8.0,"turns":6.0},{"damage":11.0,"enemies":"Large Slime","floor":11.0,"turns":7.0},{"damage":2.0,"enemies":"Looter","floor":12.0,"turns":5.0},{"damage":15.0,"enemies":"3 Louse","floor":14.0,"turns":5.0},{"damage":44.0,"enemies":"Hexaghost","floor":16.0,"turns":7.0},{"damage":6,"enemies":"Chosen","floor":18,"turns":6},{"damage":19,"enemies":"2 Thieves","floor":21,"turns":4},{"damage":33,"enemies":"Centurion and Healer","floor":22,"turns":5},{"damage":37,"enemies":"Book of Stabbing","floor":23,"turns":4},{"damage":21,"enemies":"3 Cultists","floor":24,"turns":4},{"damage":23,"enemies":"Chosen and Byrds","floor":28,"turns":5},{"damage":11,"enemies":"Cultist and Chosen","floor":31,"turns":4},{"damage":33,"enemies":"Champ","floor":33,"turns":4}],"seed_played":"3020208004848112343","potions_obtained":[{"floor":1.0,"key":"Poison Potion"},{"floor":8.0,"key":"LiquidBronze"},{"floor":11.0,"key":"Fire Potion"},{"floor":23,"key":"SteroidPotion"},{"floor":28,"key":"Swift Potion"}],"is_trial":false,"path_per_floor":["M","M","$","M","M","R","M","M","T","?","M","M","R","M","R","B",null,"M","?","$","M","M","E","M","?","T","$","M","R","T","M","R","B"],"character_chosen":"IRONCLAD","items_purchased":["Ghostly Armor","Sever Soul","Happy Flower"],"campfire_rested":2,"item_purchase_floors":[3,20,20],"current_hp_per_floor":[88,88,88,88,88,88,80,55,55,33,28,32,58,49,75,37,88,88,61,61,56,43,24,21,21,21,21,18,18,18,27,27,0],"gold":45,"neow_bonus":"TEN_PERCENT_HP_BONUS","is_prod":false,"is_daily":false,"chose_seed":false,"campfire_upgraded":3,"win_rate":0.0,"timestamp":1560686669,"path_taken":["M","M","$","M","M","R","M","?","T","?","M","M","R","M","R","BOSS","M","?","$","M","M","E","M","?","T","$","?","R","?","M","R","BOSS"],"build_version":"2019-01-23","purchased_purges":1,"victory":false,"max_hp_per_floor":[88,88,88,88,88,88,88,88,88,88,88,88,88,88,88,88,88,88,61,61,61,61,61,61,61,61,61,61,61,61,61,61,61],"card_choices":[{"not_picked":["Infernal Blade","Cleave"],"picked":"Battle Trance","floor":1.0},{"not_picked":["Perfected Strike","Warcry"],"picked":"Seeing Red","floor":2.0},{"not_picked":["Sword Boomerang","Intimidate","Twin Strike"],"picked":"SKIP","floor":4.0},{"not_picked":["True Grit","Ghostly Armor"],"picked":"Flex","floor":5.0},{"not_picked":["Pummel","True Grit"],"picked":"Demon Form","floor":7.0},{"not_picked":["Burning Pact","Uppercut","Heavy Blade"],"picked":"SKIP","floor":8.0},{"not_picked":["Shrug It Off","Clash","True Grit"],"picked":"SKIP","floor":11.0},{"not_picked":["Burning Pact","True Grit","Cleave"],"picked":"SKIP","floor":12.0},{"not_picked":["Heavy Blade","Barricade","Clash"],"picked":"SKIP","floor":14.0},{"not_picked":["Dark Embrace","Barricade"],"picked":"Brutality","floor":16.0},{"not_picked":["Iron Wave","Burning Pact","Pummel"],"picked":"SKIP","floor":18},{"not_picked":["Sword Boomerang","Iron Wave+1"],"picked":"Dropkick+1","floor":21},{"not_picked":["Uppercut","Sword Boomerang+1"],"picked":"Rampage","floor":22},{"not_picked":["Brutality","True Grit"],"picked":"Inflame","floor":23},{"not_picked":["Sword Boomerang+1","Power Through"],"picked":"Rupture+1","floor":24},{"not_picked":["Perfected Strike","Second Wind","Headbutt"],"picked":"SKIP","floor":24},{"not_picked":["Armaments+1","Ghostly Armor+1"],"picked":"Flex+1","floor":28},{"not_picked":["Shockwave","True Grit"],"picked":"Flex+1","floor":28},{"not_picked":["Heavy Blade","Feel No Pain+1","Anger"],"picked":"SKIP","floor":31},{"not_picked":["Disarm+1","Impervious","Body Slam+1"],"picked":"SKIP","floor":31}],"player_experience":45184,"relics_obtained":[{"floor":9.0,"key":"Paper Frog"},{"floor":23,"key":"Prayer Wheel"},{"floor":26,"key":"Blood Vial"},{"floor":30,"key":"Orichalcum"}],"event_choices":[{"damage_healed":0.0,"max_hp_gain":0.0,"max_hp_loss":0.0,"gold_gain":0.0,"event_name":"Golden Idol","player_choice":"Take Damage","floor":10.0,"gold_loss":0.0,"damage_taken":22.0,"relics_obtained":["Golden Idol"]},{"damage_healed":0,"gold_gain":0,"player_choice":"Became a vampire","damage_taken":0,"max_hp_gain":0,"max_hp_loss":27,"event_name":"Vampires","floor":19,"gold_loss":0,"cards_obtained":["Bite","Bite","Bite","Bite","Bite"]},{"damage_healed":0,"gold_gain":0,"player_choice":"Gave Potion","damage_taken":0,"relics_obtained":["Pocketwatch"],"max_hp_gain":0,"max_hp_loss":0,"event_name":"WeMeetAgain","floor":25,"gold_loss":0}],"is_beta":false,"boss_relics":[{"not_picked":["Coffee Dripper","Eternal Feather"],"picked":"Ectoplasm"}],"items_purged_floors":[20],"is_endless":false,"potions_floor_spawned":[1,8,11,12,18,23,28],"killed_by":"Champ","ascension_level":0}