{"gold_per_floor":[118,293,293,308,41,74,74,74,97,127,127,152,168,178,178,282,332,346,360,360,376,393,425,425],"floor_reached":24,"playtime":1183,"items_purged":["Regret"],"score":274,"play_id":"8e1367ce-25e5-4266-b45f-1e77d6540925","local_time":"20190123204621","is_ascension_mode":true,"campfire_choices":[{"data":"Doubt","floor":7,"key":"PURGE"},{"floor":11,"key":"REST"},{"data":"Infernal Blade","floor":15,"key":"SMITH"}],"neow_cost":"NONE","seed_source_timestamp":1127904649242622,"circlet_count":0,"master_deck":["Strike_R","Strike_R","Strike_R+1","Strike_R","Strike_R","Defend_R","Defend_R","Defend_R","Defend_R","Bash","Perfected Strike","Perfected Strike","Flex+1","Clothesline","Pummel","Rampage","Infernal Blade+1","Demon Form","Heavy Blade","Cleave+1","Inflame+1","Dark Embrace","Flame Barrier","Perfected Strike+1","Rage"],"relics":["Burning Blood","NeowsBlessing","Smiling Mask","Sling","Peace Pipe","Lantern","Kunai","Question Card","Tiny House","Gremlin Horn"],"potions_floor_usage":[16,22,23,23,23,23,23],"damage_taken":[{"damage":0,"enemies":"Small Slimes","floor":1,"turns":1},{"damage":0,"enemies":"2 Louse","floor":4,"turns":1},{"damage":0,"enemies":"Gremlin Nob","floor":6,"turns":1},{"damage":31,"enemies":"Lagavulin","floor":10,"turns":5},{"damage":26,"enemies":"Gremlin Nob","floor":12,"turns":4},{"damage":0,"enemies":"Cultist","floor":13,"turns":2},{"damage":10,"enemies":"Lots of Slimes","floor":14,"turns":4},{"damage":41,"enemies":"Hexaghost","floor":16,"turns":8},{"damage":25,"enemies":"Spheric Guardian","floor":18,"turns":4},{"damage":27,"enemies":"2 Thieves","floor":19,"turns":3},{"damage":15,"enemies":"3 Cultists","floor":21,"turns":4},{"damage":12,"enemies":"Cultist and Chosen","floor":22,"turns":6},{"damage":25,"enemies":"Gremlin Leader","floor":23,"turns":4},{"damage":14,"enemies":"Sentry and Sphere","floor":24,"turns":3}],"seed_played":"6748000661011528888","potions_obtained":[{"floor":1,"key":"LiquidBronze"},{"floor":4,"key":"GamblersBrew"},{"floor":14,"key":"SpeedPotion"},{"floor":16,"key":"Block Potion"},{"floor":19,"key":"EntropicBrew"},{"floor":22,"key":"Ancient Potion"}],"is_trial":false,"path_per_floor":["M","?","?","M","$","E","R","?","T","E","R","E","M","M","R","B",null,"M","M","?","M","M","E","M"],"character_chosen":"IRONCLAD","items_purchased":["Flex","Sling"],"campfire_rested":1,"item_purchase_floors":[5,5],"current_hp_per_floor":[80,80,80,80,80,80,80,80,80,55,79,59,65,61,61,26,85,66,45,45,36,30,11,0],"gold":425,"neow_bonus":"THREE_ENEMY_KILL","is_prod":false,"is_daily":false,"chose_seed":false,"campfire_upgraded":1,"win_rate":0,"timestamp":1548236781,"path_taken":["M","?","?","M","$","E","R","?","T","E","R","E","M","M","R","BOSS","M","M","?","?","M","E","M"],"build_version":"2019-01-17v2","purchased_purges":1,"victory":false,"max_hp_per_floor":[80,80,80,80,80,80,80,80,80,80,80,80,80,80,80,80,85,85,85,85,85,85,85,85],"card_choices":[{"not_picked":["Anger","Evolve"],"picked":"Perfected Strike","floor":1},{"not_picked":["Armaments","Shrug It Off"],"picked":"Perfected Strike","floor":4},{"not_picked":["Body Slam","Heavy Blade"],"picked":"Demon Form","floor":6},{"not_picked":["Headbutt","Flame Barrier"],"picked":"Clothesline","floor":10},{"not_picked":["Entrench","Limit Break"],"picked":"Pummel","floor":12},{"not_picked":["True Grit","Twin Strike","Uppercut"],"picked":"Rampage","floor":13},{"not_picked":["Pummel","Rampage","Bloodletting"],"picked":"Infernal Blade","floor":14},{"not_picked":["Dark Embrace","Berserk","Barricade"],"picked":"Demon Form","floor":16},{"not_picked":["Intimidate","Shockwave","Dropkick"],"picked":"Heavy Blade","floor":17},{"not_picked":["Evolve","True Grit","Thunderclap"],"picked":"Cleave+1","floor":18},{"not_picked":["Thunderclap+1","Feel No Pain","Metallicize"],"picked":"Inflame+1","floor":19},{"not_picked":["Corruption","Dropkick","Flex"],"picked":"Flame Barrier","floor":21},{"not_picked":["Flex+1","Carnage","Havoc"],"picked":"Perfected Strike+1","floor":22},{"not_picked":["Dark Embrace","Rampage+1","Burning Pact"],"picked":"Rage","floor":23}],"player_experience":96001,"relics_obtained":[{"floor":6,"key":"Peace Pipe"},{"floor":9,"key":"Lantern"},{"floor":10,"key":"Kunai"},{"floor":12,"key":"Question Card"},{"floor":23,"key":"Gremlin Horn"}],"event_choices":[{"damage_healed":0,"gold_gain":175,"player_choice":"AGREE","damage_taken":0,"max_hp_gain":0,"max_hp_loss":0,"event_name":"Liars Game","floor":2,"gold_loss":0,"cards_obtained":["Doubt"]},{"damage_healed":0,"gold_gain":0,"player_choice":"Box","damage_taken":0,"relics_obtained":["Smiling Mask"],"max_hp_gain":0,"max_hp_loss":0,"event_name":"Big Fish","floor":3,"gold_loss":0,"cards_obtained":["Regret"]},{"damage_healed":0,"gold_gain":0,"player_choice":"Forge","damage_taken":0,"max_hp_gain":0,"max_hp_loss":0,"event_name":"Accursed Blacksmith","floor":8,"gold_loss":0,"cards_upgraded":["Flex"]},{"damage_healed":0,"gold_gain":0,"cards_transformed":["Demon Form"],"player_choice":"Transformed","damage_taken":0,"max_hp_gain":0,"max_hp_loss":0,"event_name":"Transmorgrifier","floor":20,"gold_loss":0,"cards_obtained":["Dark Embrace"]}],"is_beta":false,"boss_relics":[{"not_picked":["Coffee Dripper","Runic Pyramid"],"picked":"Tiny House"}],"items_purged_floors":[5],"is_endless":false,"potions_floor_spawned":[1,4,14,16,19,22],"killed_by":"Sentry and Sphere","ascension_level":1}