{"gold_per_floor":[110,125,3,3,3,37,37,69,93,108,135,150,150,5,5,5],"floor_reached":16,"playtime":1204,"items_purged":["Strike_R"],"score":135,"play_id":"dea7b912-fb2e-4521-9a56-4883e185f5c0","local_time":"20190609181934","is_ascension_mode":true,"campfire_choices":[{"data":"Hemokinesis","floor":7,"key":"SMITH"},{"floor":13,"key":"REST"},{"data":"Barricade","floor":15,"key":"SMITH"}],"neow_cost":"NONE","seed_source_timestamp":112015618994606,"circlet_count":0,"master_deck":["Strike_R","Strike_R","Strike_R","Strike_R","Defend_R+1","Defend_R","Defend_R+1","Defend_R","Bash","Intimidate","Hemokinesis+1","Sword Boomerang","Bloodletting","Disarm+1","Battle Trance+1","Reaper","Infernal Blade+1","Barricade+1"],"relics":["Burning Blood","Boot","Paper Frog","Toxic Egg 2","Centennial Puzzle","Odd Mushroom"],"potions_floor_usage":[6,8,11,16,16],"damage_taken":[{"damage":11,"enemies":"Jaw Worm","floor":1,"turns":4},{"damage":1,"enemies":"Small Slimes","floor":2,"turns":4},{"damage":11,"enemies":"Gremlin Nob","floor":6,"turns":3},{"damage":27,"enemies":"Lagavulin","floor":8,"turns":5},{"damage":0,"enemies":"2 Louse","floor":10,"turns":3},{"damage":11,"enemies":"The Mushroom Lair","floor":11,"turns":3},{"damage":29,"enemies":"Exordium Thugs","floor":12,"turns":4},{"damage":52,"enemies":"Slime Boss","floor":16,"turns":5}],"seed_played":"-1997278923624229321","potions_obtained":[{"floor":0,"key":"Strength Potion"},{"floor":0,"key":"EssenceOfSteel"},{"floor":0,"key":"SkillPotion"},{"floor":1,"key":"AttackPotion"},{"floor":8,"key":"SneckoOil"},{"floor":10,"key":"Ancient Potion"},{"floor":11,"key":"SteroidPotion"}],"is_trial":false,"path_per_floor":["M","M","$","?","?","E","R","E","T","M","?","M","R","$","R","B"],"character_chosen":"IRONCLAD","items_purchased":["Sword Boomerang","Barricade"],"campfire_rested":1,"item_purchase_floors":[3,14],"current_hp_per_floor":[75,80,80,64,52,47,47,26,26,32,27,16,40,40,40,0],"gold":5,"neow_bonus":"THREE_SMALL_POTIONS","is_prod":false,"is_daily":false,"chose_seed":false,"campfire_upgraded":2,"win_rate":0,"timestamp":1560118774,"path_taken":["M","M","$","?","?","E","R","E","T","M","?","M","R","$","R","BOSS"],"build_version":"2019-01-23","purchased_purges":1,"victory":false,"max_hp_per_floor":[80,80,80,80,80,80,80,80,80,80,80,80,80,80,80,80],"card_choices":[{"not_picked":["Cleave","Dual Wield"],"picked":"Intimidate","floor":1},{"not_picked":["Shrug It Off","Demon Form"],"picked":"Hemokinesis","floor":2},{"not_picked":["Havoc","Anger"],"picked":"Bloodletting","floor":6},{"not_picked":["True Grit","Anger"],"picked":"Disarm","floor":8},{"not_picked":["Wild Strike","Fire Breathing"],"picked":"Battle Trance+1","floor":10},{"not_picked":["Perfected Strike","Thunderclap"],"picked":"Reaper","floor":11},{"not_picked":["Clothesline","Warcry+1"],"picked":"Infernal Blade+1","floor":12}],"player_experience":316090,"relics_obtained":[{"floor":6,"key":"Paper Frog"},{"floor":8,"key":"Toxic Egg 2"},{"floor":9,"key":"Centennial Puzzle"},{"floor":11,"key":"Odd Mushroom"}],"event_choices":[{"damage_healed":0,"gold_gain":0,"player_choice":"Entered Light","damage_taken":16,"max_hp_gain":0,"max_hp_loss":0,"event_name":"Shining Light","floor":4,"gold_loss":0,"cards_upgraded":["Defend_R","Defend_R"]},{"damage_healed":0,"gold_gain":0,"player_choice":"Success","damage_taken":12,"relics_obtained":["Boot"],"max_hp_gain":0,"max_hp_loss":0,"event_name":"Scrap Ooze","floor":5,"gold_loss":0},{"damage_healed":0,"gold_gain":0,"player_choice":"Fought Mushrooms","damage_taken":0,"max_hp_gain":0,"max_hp_loss":0,"event_name":"Mushrooms","floor":11,"gold_loss":0}],"is_beta":false,"boss_relics":[],"items_purged_floors":[3],"is_endless":false,"potions_floor_spawned":[1,8,10,11],"killed_by":"Slime Boss","ascension_level":5}