{"gold_per_floor":[111,121,121,137,137,137,172,172,172,202,127,127,144,159,159,256,256,269,9,9,9],"floor_reached":21,"playtime":840,"items_purged":["Strike_B"],"score":206,"play_id":"23ca2c8a-7c42-4af7-ba4b-3552e13a2759","local_time":"20190428183855","is_ascension_mode":true,"campfire_choices":[{"data":"Gash","floor":6,"key":"SMITH"},{"floor":8,"key":"REST"},{"floor":12,"key":"REST"},{"floor":15,"key":"REST"}],"neow_cost":"NONE","seed_source_timestamp":501265860524589,"circlet_count":0,"master_deck":["Strike_B","Strike_B","Defend_B","Defend_B","Defend_B","Zap","Dualcast","Gash+1","Sweeping Beam","Sweeping Beam","Gash","Echo Form"],"relics":["Cracked Core","NeowsBlessing","Shuriken","Question Card","Pocketwatch","Empty Cage","Pear"],"potions_floor_usage":[],"damage_taken":[{"damage":0,"enemies":"Cultist","floor":1,"turns":1},{"damage":0,"enemies":"Small Slimes","floor":2,"turns":1},{"damage":0,"enemies":"Jaw Worm","floor":4,"turns":1},{"damage":41,"enemies":"Lagavulin","floor":7,"turns":6},{"damage":43,"enemies":"3 Sentries","floor":10,"turns":9},{"damage":7,"enemies":"Looter","floor":13,"turns":3},{"damage":9,"enemies":"2 Fungi Beasts","floor":14,"turns":2},{"damage":8,"enemies":"Slime Boss","floor":16,"turns":8},{"damage":55,"enemies":"Shell Parasite","floor":18,"turns":5},{"damage":33,"enemies":"3 Byrds","floor":21,"turns":3}],"seed_played":"-6308536702453700995","potions_obtained":[{"floor":4,"key":"FearPotion"},{"floor":13,"key":"Strength Potion"},{"floor":16,"key":"Poison Potion"}],"is_trial":false,"path_per_floor":["M","M","?","M","?","R","E","R","T","E","$","R","M","M","R","B",null,"M","$","?","M"],"character_chosen":"DEFECT","items_purchased":["Pear"],"campfire_rested":3,"item_purchase_floors":[19],"current_hp_per_floor":[75,75,75,75,75,75,34,56,56,13,13,35,28,19,41,33,75,20,30,30,0],"gold":9,"neow_bonus":"THREE_ENEMY_KILL","is_prod":false,"is_daily":false,"chose_seed":false,"campfire_upgraded":1,"win_rate":0,"timestamp":1556440735,"path_taken":["M","?","?","M","?","R","E","R","T","E","?","R","M","M","R","BOSS","M","$","?","M"],"build_version":"2019-01-23","purchased_purges":1,"victory":false,"max_hp_per_floor":[75,75,75,75,75,75,75,75,75,75,75,75,75,75,75,75,75,75,85,85,85],"card_choices":[{"not_picked":["Go for the Eyes","Turbo","Compile Driver"],"picked":"SKIP","floor":1},{"not_picked":["Stack","White Noise","Reinforced Body"],"picked":"SKIP","floor":2},{"not_picked":["Redo","Stack"],"picked":"Gash","floor":4},{"not_picked":["Machine Learning","Barrage"],"picked":"Sweeping Beam","floor":7},{"not_picked":["Rebound","Chaos","Tempest"],"picked":"Sweeping Beam","floor":10},{"not_picked":["Beam Cell","Scrape","Leap"],"picked":"Gash","floor":13},{"not_picked":["Compile Driver","Glacier","Machine Learning","Rebound"],"picked":"SKIP","floor":14},{"not_picked":["Buffer","Thunder Strike","All For One"],"picked":"Echo Form","floor":16},{"not_picked":["Beam Cell+1","Rebound+1","Stack+1","Sweeping Beam"],"picked":"SKIP","floor":18}],"player_experience":340410,"relics_obtained":[{"floor":7,"key":"Shuriken"},{"floor":9,"key":"Question Card"},{"floor":10,"key":"Pocketwatch"}],"event_choices":[{"damage_healed":0,"gold_gain":0,"player_choice":"Leave","damage_taken":0,"max_hp_gain":0,"max_hp_loss":0,"event_name":"The Cleric","floor":3,"gold_loss":0},{"damage_healed":0,"gold_gain":0,"player_choice":"Ignored","damage_taken":0,"max_hp_gain":0,"max_hp_loss":0,"event_name":"Liars Game","floor":5,"gold_loss":0},{"damage_healed":0,"gold_gain":0,"player_choice":"Ignored","damage_taken":0,"max_hp_gain":0,"max_hp_loss":0,"event_name":"Vampires","floor":20,"gold_loss":0}],"is_beta":false,"boss_relics":[{"not_picked":["Runic Pyramid","FrozenCore"],"picked":"Empty Cage"}],"items_purged_floors":[11],"is_endless":false,"potions_floor_spawned":[4,13,16],"killed_by":"3 Byrds","ascension_level":2}