{"gold_per_floor":[366,21,32,44,58,58,93,103,129,129,129,129,162,173,173,173],"floor_reached":16,"playtime":534,"items_purged":["Normality"],"score":224,"play_id":"4cc2f822-67de-4ed7-9bc3-640e8b4515a4","local_time":"20190624114214","is_ascension_mode":true,"campfire_choices":[{"floor":6.0,"key":"REST"},{"floor":12.0,"key":"REST"},{"floor":15.0,"key":"REST"}],"neow_cost":"CURSE","seed_source_timestamp":1066219150492195,"circlet_count":0,"master_deck":["AscendersBane","Defend_G","Defend_G","Defend_G","Defend_G","Defend_G","Strike_G","Strike_G","Strike_G","Strike_G","Strike_G","Survivor","Neutralize","Noxious Fumes","Well Laid Plans","Dagger Spray","Masterful Stab","Noxious Fumes","Catalyst","Backflip","Corpse Explosion","Blade Dance"],"special_seed":0,"relics":["Ring of the Snake","Sling","Juzu Bracelet","Potion Belt","Vajra"],"potions_floor_usage":[],"damage_taken":[{"damage":7.0,"enemies":"Jaw Worm","floor":1.0,"turns":8.0},{"damage":17.0,"enemies":"2 Louse","floor":3.0,"turns":3.0},{"damage":4.0,"enemies":"Cultist","floor":4.0,"turns":5.0},{"damage":4.0,"enemies":"Blue Slaver","floor":5.0,"turns":4.0},{"damage":28.0,"enemies":"Gremlin Nob","floor":7.0,"turns":4.0},{"damage":10.0,"enemies":"Looter","floor":8.0,"turns":4.0},{"damage":20.0,"enemies":"Lagavulin","floor":13.0,"turns":5.0},{"damage":2.0,"enemies":"Exordium Wildlife","floor":14.0,"turns":3.0},{"damage":28,"enemies":"Slime Boss","floor":16,"turns":3}],"seed_played":"-6465644218701965725","potions_obtained":[{"floor":7.0,"key":"Fire Potion"},{"floor":8.0,"key":"Energy Potion"},{"floor":13.0,"key":"SkillPotion"}],"is_trial":false,"path_per_floor":["M","$","M","M","M","R","E","M","T","?","?","R","E","M","R","B"],"character_chosen":"THE_SILENT","items_purchased":["Sling","Well Laid Plans"],"campfire_rested":3,"item_purchase_floors":[2,2],"current_hp_per_floor":[52,52,35,31,27,46,18,8,8,8,8,27,7,5,24,0],"gold":173,"neow_bonus":"TWO_FIFTY_GOLD","is_prod":false,"is_daily":false,"chose_seed":false,"campfire_upgraded":0,"win_rate":0,"timestamp":1561390934,"path_taken":["M","$","M","M","M","R","E","M","T","?","?","R","E","M","R","BOSS"],"build_version":"2019-01-23","purchased_purges":1,"victory":false,"max_hp_per_floor":[66,66,66,66,66,66,66,66,66,66,66,66,66,66,66,66],"card_choices":[{"not_picked":["Escape Plan","Dagger Spray"],"picked":"Noxious Fumes","floor":1.0},{"not_picked":["Catalyst","Sucker Punch"],"picked":"Dagger Spray","floor":3.0},{"not_picked":["Deflect","Underhanded Strike"],"picked":"Masterful Stab","floor":4.0},{"not_picked":["Deflect","Masterful Stab"],"picked":"Noxious Fumes","floor":5.0},{"not_picked":["Finisher","Deadly Poison"],"picked":"Catalyst","floor":7.0},{"not_picked":["Expertise","Bane"],"picked":"Backflip","floor":8.0},{"not_picked":["Outmaneuver","Deadly Poison"],"picked":"Corpse Explosion","floor":13.0},{"not_picked":["Finisher","Caltrops"],"picked":"Blade Dance","floor":14.0}],"player_experience":889430,"relics_obtained":[{"floor":7.0,"key":"Juzu Bracelet"},{"floor":9.0,"key":"Potion Belt"},{"floor":13.0,"key":"Vajra"}],"event_choices":[{"damage_healed":0.0,"max_hp_gain":0.0,"max_hp_loss":0.0,"gold_gain":0.0,"event_name":"Dead Adventurer","player_choice":"Searched \u00270\u0027 times","floor":10.0,"gold_loss":0.0,"damage_taken":0.0},{"damage_healed":0.0,"max_hp_gain":0.0,"max_hp_loss":0.0,"gold_gain":0.0,"event_name":"Liars Game","player_choice":"Ignored","floor":11.0,"gold_loss":0.0,"damage_taken":0.0}],"is_beta":false,"boss_relics":[],"items_purged_floors":[2],"is_endless":false,"potions_floor_spawned":[7,8,13],"killed_by":"Slime Boss","ascension_level":20}