{"gold_per_floor":[117,117,82,5,24,24,53,69,69,69,79,105,122,133,133,133],"floor_reached":16,"playtime":538,"items_purged":[],"score":274,"play_id":"f332334b-09ab-4ab7-824e-e4c50d50e553","local_time":"20190624115908","is_ascension_mode":true,"campfire_choices":[{"data":"Neutralize","floor":6,"key":"SMITH"},{"floor":15,"key":"REST"}],"neow_cost":"NONE","seed_source_timestamp":1067361625354379,"circlet_count":0,"master_deck":["AscendersBane","Defend_G","Defend_G","Defend_G","Defend_G","Defend_G+1","Strike_G","Strike_G","Strike_G","Strike_G","Strike_G+1","Survivor","Neutralize+1","Quick Slash","Well Laid Plans","PiercingWail","Bullet Time","Neutralize","Burst","Dagger Spray","Footwork"],"relics":["Ring of the Snake","NeowsBlessing","Sundial","Singing Bowl","Meat on the Bone"],"potions_floor_usage":[11,12,16,16],"damage_taken":[{"damage":0,"enemies":"2 Louse","floor":1,"turns":1},{"damage":0,"enemies":"Jaw Worm","floor":5,"turns":1},{"damage":0,"enemies":"3 Sentries","floor":7,"turns":1},{"damage":0,"enemies":"Small Slimes","floor":8,"turns":3},{"damage":12,"enemies":"Exordium Thugs","floor":11,"turns":6},{"damage":25,"enemies":"Lagavulin","floor":12,"turns":8},{"damage":8,"enemies":"Looter","floor":13,"turns":4},{"damage":14,"enemies":"Exordium Wildlife","floor":14,"turns":3},{"damage":50,"enemies":"Hexaghost","floor":16,"turns":14}],"seed_played":"-564275464772572701","potions_obtained":[{"floor":5,"key":"Block Potion"},{"floor":8,"key":"FearPotion"},{"floor":13,"key":"LiquidBronze"},{"floor":14,"key":"EssenceOfSteel"}],"is_trial":false,"path_per_floor":["M","?","?","$","M","R","E","M","T","?","M","E","M","M","R","B"],"character_chosen":"THE_SILENT","items_purchased":["Well Laid Plans"],"campfire_rested":1,"item_purchase_floors":[4],"current_hp_per_floor":[59,39,55,55,55,55,55,55,55,55,45,20,24,22,42,0],"gold":133,"neow_bonus":"THREE_ENEMY_KILL","is_prod":false,"is_daily":false,"chose_seed":false,"campfire_upgraded":1,"win_rate":0,"timestamp":1561391948,"path_taken":["M","?","?","?","M","R","E","M","T","?","M","E","M","?","R","BOSS"],"build_version":"2019-01-23","purchased_purges":0,"victory":false,"max_hp_per_floor":[66,66,66,66,66,66,66,66,66,66,68,68,68,68,68,68],"card_choices":[{"not_picked":["Bane","Acrobatics"],"picked":"Quick Slash","floor":1},{"not_picked":["Slice","Sucker Punch"],"picked":"PiercingWail","floor":5},{"not_picked":["Concentrate","Dodge and Roll","Underhanded Strike"],"picked":"SKIP","floor":7},{"not_picked":["Deadly Poison","Accuracy"],"picked":"Bullet Time","floor":8},{"not_picked":["Flying Knee","Deflect","Dodge and Roll"],"picked":"Singing Bowl","floor":11},{"not_picked":["Escape Plan","Slice"],"picked":"Burst","floor":12},{"not_picked":["Underhanded Strike","Accuracy"],"picked":"Dagger Spray","floor":13},{"not_picked":["Expertise","Flechettes"],"picked":"Footwork","floor":14}],"player_experience":890276,"relics_obtained":[{"floor":7,"key":"Sundial"},{"floor":9,"key":"Singing Bowl"},{"floor":12,"key":"Meat on the Bone"}],"event_choices":[{"damage_healed":0,"gold_gain":0,"player_choice":"Entered Light","damage_taken":20,"max_hp_gain":0,"max_hp_loss":0,"event_name":"Shining Light","floor":2,"gold_loss":0,"cards_upgraded":["Defend_G","Strike_G"]},{"damage_healed":16,"gold_gain":0,"player_choice":"Healed","damage_taken":0,"max_hp_gain":0,"max_hp_loss":0,"event_name":"The Cleric","floor":3,"gold_loss":35},{"damage_healed":0,"gold_gain":0,"player_choice":"1 cards matched","damage_taken":0,"max_hp_gain":0,"max_hp_loss":0,"event_name":"Match and Keep!","floor":10,"gold_loss":0,"cards_obtained":["Neutralize"]}],"is_beta":false,"boss_relics":[],"items_purged_floors":[],"is_endless":false,"potions_floor_spawned":[5,8,13,14],"killed_by":"Hexaghost","ascension_level":20}