{"gold_per_floor":[116,191,191,204,38,68,68,95,141,157,15,15,48,68,68,173,173,191,207,226,226,46,46,81,81,104,114,114,114,130,130,130,235,235,248,248,248,268,134,166,166,192,192,192,224,224,224,250,250,250],"floor_reached":51,"playtime":4708,"items_purged":["Strike_B","Strike_B"],"score":1069,"play_id":"0a42fe51-26a4-4650-8bf8-a7351b86c71f","local_time":"20190613030412","is_ascension_mode":true,"campfire_choices":[{"data":"Cold Snap","floor":7.0,"key":"SMITH"},{"floor":12.0,"key":"REST"},{"data":"Fission","floor":15.0,"key":"SMITH"},{"data":"Sunder","floor":23,"key":"SMITH"},{"floor":28,"key":"REST"},{"floor":32,"key":"REST"},{"data":"Buffer","floor":41,"key":"SMITH"},{"floor":44,"key":"REST"},{"data":"Reinforced Body","floor":47,"key":"SMITH"},{"floor":49,"key":"REST"}],"neow_cost":"NONE","seed_source_timestamp":0,"circlet_count":0,"master_deck":["Strike_B","Defend_B","Defend_B","Defend_B","Defend_B","Zap","Dualcast","Steam","Chill","Cold Snap+1","Fission+1","Doom and Gloom","Cold Snap","Buffer+1","FTL","Compile Driver+1","Stack+1","Sunder+1","Melter","White Noise","Echo Form","Tempest+1","Reinforced Body+1","Sweeping Beam","Ball Lightning+1","Machine Learning"],"special_seed":0,"relics":["Cracked Core","NeowsBlessing","Tiny Chest","Strawberry","DataDisk","Juzu Bracelet","Regal Pillow","Sozu","Enchiridion","FossilizedHelix","Letter Opener","Lantern","Nuclear Battery","Blue Candle","Bronze Scales","Gremlin Horn","Smiling Mask","Orichalcum","Blood Vial"],"potions_floor_usage":[50],"damage_taken":[{"damage":0.0,"enemies":"Jaw Worm","floor":1.0,"turns":1.0},{"damage":0.0,"enemies":"Cultist","floor":4.0,"turns":1.0},{"damage":0.0,"enemies":"3 Sentries","floor":6.0,"turns":1.0},{"damage":27.0,"enemies":"Lagavulin","floor":8.0,"turns":7.0},{"damage":0.0,"enemies":"2 Louse","floor":10.0,"turns":3.0},{"damage":10.0,"enemies":"Gremlin Nob","floor":13.0,"turns":4.0},{"damage":0.0,"enemies":"Exordium Wildlife","floor":14.0,"turns":3.0},{"damage":5.0,"enemies":"Slime Boss","floor":16.0,"turns":6.0},{"damage":8,"enemies":"3 Byrds","floor":18,"turns":4},{"damage":7,"enemies":"2 Thieves","floor":19,"turns":4},{"damage":0,"enemies":"Snecko","floor":20,"turns":4},{"damage":29,"enemies":"Book of Stabbing","floor":24,"turns":6},{"damage":0,"enemies":"Centurion and Healer","floor":27,"turns":3},{"damage":10,"enemies":"Shelled Parasite and Fungi","floor":30,"turns":2},{"damage":18,"enemies":"Automaton","floor":33,"turns":9},{"damage":11,"enemies":"3 Shapes","floor":35,"turns":5},{"damage":18,"enemies":"3 Darklings","floor":38,"turns":3},{"damage":0,"enemies":"Reptomancer","floor":40,"turns":6},{"damage":19,"enemies":"Nemesis","floor":42,"turns":11},{"damage":9,"enemies":"Reptomancer","floor":45,"turns":5},{"damage":0,"enemies":"Giant Head","floor":48,"turns":8},{"damage":14,"enemies":"Time Eater","floor":50,"turns":9}],"seed_played":"809726969185457870","potions_obtained":[{"floor":4.0,"key":"SpeedPotion"},{"floor":8.0,"key":"Strength Potion"},{"floor":13.0,"key":"AttackPotion"}],"is_trial":false,"path_per_floor":["M","?","?","M","$","E","R","E","T","M","$","R","E","M","R","B",null,"M","M","M","?","$","R","E","T","T","M","R","?","M","?","R","B",null,"M","?","?","M","$","E","R","E","T","R","E","T","R","E","R","B",null],"character_chosen":"DEFECT","items_purchased":["Cold Snap","Tiny Chest","Doom and Gloom","Sunder","Reinforced Body","Sweeping Beam"],"campfire_rested":5,"item_purchase_floors":[5,5,11,22,39,39],"current_hp_per_floor":[68,57,50,50,50,57,57,30,30,30,30,54,44,44,44,39,71,63,56,56,40,40,40,11,11,11,11,50,42,32,32,71,53,75,64,64,64,46,46,46,46,27,27,66,57,57,57,57,82,68],"gold":250,"neow_bonus":"THREE_ENEMY_KILL","is_prod":false,"is_daily":false,"chose_seed":false,"campfire_upgraded":5,"win_rate":0,"timestamp":1560409452,"path_taken":["M","?","?","?","$","E","R","E","T","M","$","R","E","M","R","BOSS","M","M","M","?","$","R","E","?","T","M","R","?","M","?","R","BOSS","M","?","?","M","?","E","R","E","T","R","E","?","R","E","R","BOSS"],"build_version":"2019-01-23","purchased_purges":2,"victory":true,"max_hp_per_floor":[75,75,75,75,75,82,82,82,82,82,82,82,82,82,82,82,82,82,82,82,82,82,82,82,82,82,82,82,82,82,82,82,82,82,82,82,82,82,82,82,82,82,82,82,82,82,82,82,82,82],"card_choices":[{"not_picked":["Streamline","Beam Cell"],"picked":"Steam","floor":1.0},{"not_picked":["Redo","Conserve Battery"],"picked":"Chill","floor":4.0},{"not_picked":["Leap","Chill","Aggregate"],"picked":"SKIP","floor":6.0},{"not_picked":["Stack","Reprogram","Beam Cell"],"picked":"SKIP","floor":8.0},{"not_picked":["Hologram","Force Field"],"picked":"Fission","floor":10.0},{"not_picked":["Reinforced Body","Steam","Heatsinks"],"picked":"SKIP","floor":13.0},{"not_picked":["Melter","Skim"],"picked":"Cold Snap","floor":14.0},{"not_picked":["Core Surge","Multi-Cast"],"picked":"Buffer","floor":16.0},{"not_picked":["Cold Snap","Sweeping Beam"],"picked":"FTL","floor":18},{"not_picked":["Hologram","Doom and Gloom+1"],"picked":"Compile Driver+1","floor":19},{"not_picked":["Barrage+1","Cold Snap+1"],"picked":"Stack+1","floor":20},{"not_picked":["Streamline","Stack+1"],"picked":"Melter","floor":24},{"not_picked":["Turbo","Beam Cell","Compile Driver"],"picked":"SKIP","floor":27},{"not_picked":["Leap+1","Hello World"],"picked":"White Noise","floor":30},{"not_picked":["Amplify","Hyperbeam"],"picked":"Echo Form","floor":33},{"not_picked":["Sweeping Beam","Turbo+1"],"picked":"Tempest+1","floor":35},{"not_picked":["Force Field+1","Barrage","Stack"],"picked":"SKIP","floor":38},{"not_picked":["Compile Driver","Stack+1","Chaos"],"picked":"SKIP","floor":40},{"not_picked":["Cold Snap+1","Sweeping Beam+1"],"picked":"Ball Lightning+1","floor":42},{"not_picked":["Creative AI","Auto Shields+1"],"picked":"Machine Learning","floor":45},{"not_picked":["Steam+1","Hello World+1","Gash+1"],"picked":"SKIP","floor":48}],"player_experience":333465,"relics_obtained":[{"floor":6.0,"key":"Strawberry"},{"floor":8.0,"key":"DataDisk"},{"floor":9.0,"key":"Juzu Bracelet"},{"floor":13.0,"key":"Regal Pillow"},{"floor":21,"key":"Enchiridion"},{"floor":24,"key":"FossilizedHelix"},{"floor":25,"key":"Letter Opener"},{"floor":26,"key":"Lantern"},{"floor":40,"key":"Blue Candle"},{"floor":42,"key":"Bronze Scales"},{"floor":43,"key":"Gremlin Horn"},{"floor":45,"key":"Smiling Mask"},{"floor":46,"key":"Orichalcum"},{"floor":48,"key":"Blood Vial"}],"event_choices":[{"damage_healed":0.0,"max_hp_gain":0.0,"max_hp_loss":0.0,"gold_gain":75.0,"event_name":"World of Goop","player_choice":"Gather Gold","floor":2.0,"gold_loss":0.0,"damage_taken":11.0},{"damage_healed":0.0,"max_hp_gain":0.0,"max_hp_loss":0.0,"gold_gain":0.0,"event_name":"Wheel of Change","player_choice":"Damaged","floor":3.0,"gold_loss":0.0,"damage_taken":7.0},{"damage_healed":0,"gold_gain":0,"player_choice":"Obtained Book","damage_taken":16,"max_hp_gain":0,"max_hp_loss":0,"event_name":"Cursed Tome","floor":21,"gold_loss":0},{"damage_healed":0,"gold_gain":0,"player_choice":"","damage_taken":8,"max_hp_gain":0,"max_hp_loss":0,"event_name":"Knowing Skull","floor":29,"potions_obtained":[],"gold_loss":0,"cards_obtained":[]},{"damage_healed":0,"gold_gain":0,"player_choice":"Ignored","damage_taken":0,"max_hp_gain":0,"max_hp_loss":0,"event_name":"Vampires","floor":31,"gold_loss":0},{"cards_removed":["Strike_B"],"damage_healed":0,"gold_gain":0,"player_choice":"Offered Basic","damage_taken":0,"max_hp_gain":0,"max_hp_loss":0,"event_name":"Bonfire Elementals","floor":36,"gold_loss":0},{"damage_healed":0,"gold_gain":0,"player_choice":"Bought 0 Potions","damage_taken":0,"max_hp_gain":0,"max_hp_loss":0,"event_name":"The Woman in Blue","floor":37,"gold_loss":0}],"is_beta":false,"boss_relics":[{"not_picked":["Black Star","White Beast Statue"],"picked":"Sozu"},{"not_picked":["Tiny House","Snecko Eye"],"picked":"Nuclear Battery"}],"items_purged_floors":[11,22],"is_endless":false,"potions_floor_spawned":[4,8,13,14,18,19,20,30,35,38,42,45],"ascension_level":6}