{"gold_per_floor":[115,40,55,55,55,83,83,111,136,148,160,187,219,243,255,267],"floor_reached":16,"playtime":495,"items_purged":[],"score":171,"play_id":"f84ef511-b115-4ef5-94a1-b08310225af7","local_time":"20190623125645","is_ascension_mode":true,"campfire_choices":[{"data":"Flame Barrier","floor":7,"key":"SMITH"},{"floor":15,"key":"REST"}],"neow_cost":"NONE","seed_source_timestamp":847878253238173,"circlet_count":0,"master_deck":["AscendersBane","Strike_R","Strike_R","Strike_R","Strike_R","Strike_R","Defend_R","Defend_R","Defend_R+1","Defend_R","Bash+1","Twin Strike","Flame Barrier+1","Twin Strike","Warcry+1","Headbutt","Thunderclap","Rage","Heavy Blade"],"relics":["Burning Blood","Centennial Puzzle","Bronze Scales","War Paint","MawBank","Potion Belt"],"potions_floor_usage":[],"damage_taken":[{"damage":6,"enemies":"Cultist","floor":1,"turns":3},{"damage":8,"enemies":"2 Louse","floor":3,"turns":2},{"damage":26,"enemies":"Gremlin Nob","floor":6,"turns":5},{"damage":30,"enemies":"3 Sentries","floor":8,"turns":10},{"damage":0,"enemies":"Small Slimes","floor":12,"turns":3},{"damage":11,"enemies":"Looter","floor":13,"turns":2},{"damage":7,"enemies":"Exordium Wildlife","floor":14,"turns":3},{"damage":51,"enemies":"The Guardian","floor":16,"turns":6}],"seed_played":"885016648001126802","potions_obtained":[{"floor":8,"key":"Ancient Potion"},{"floor":14,"key":"Fire Potion"}],"is_trial":false,"path_per_floor":["M","$","M","?","$","E","R","E","T","?","T","M","M","M","R","B"],"character_chosen":"IRONCLAD","items_purchased":["Flame Barrier"],"campfire_rested":1,"item_purchase_floors":[2],"current_hp_per_floor":[72,72,70,70,70,50,50,26,26,26,26,32,27,26,50,0],"gold":267,"neow_bonus":"RANDOM_COMMON_RELIC","is_prod":false,"is_daily":false,"chose_seed":false,"campfire_upgraded":1,"win_rate":0,"timestamp":1561258605,"path_taken":["M","?","?","?","$","E","R","E","T","?","?","M","?","M","R","BOSS"],"build_version":"2019-01-23","purchased_purges":0,"victory":false,"max_hp_per_floor":[80,80,80,80,80,80,80,80,80,80,80,80,80,80,80,80],"card_choices":[{"not_picked":["Uppercut","Reckless Charge"],"picked":"Twin Strike","floor":1},{"not_picked":["Sentinel","Rage"],"picked":"Twin Strike","floor":3},{"not_picked":["Twin Strike","Sword Boomerang"],"picked":"Warcry","floor":6},{"not_picked":["Havoc","Twin Strike"],"picked":"Headbutt","floor":8},{"not_picked":["Brutality","Body Slam"],"picked":"Thunderclap","floor":12},{"not_picked":["Flame Barrier","Twin Strike"],"picked":"Rage","floor":13},{"not_picked":["Body Slam","Reckless Charge"],"picked":"Heavy Blade","floor":14}],"player_experience":490414,"relics_obtained":[{"floor":6,"key":"Bronze Scales"},{"floor":8,"key":"War Paint"},{"floor":9,"key":"MawBank"},{"floor":11,"key":"Potion Belt"}],"event_choices":[{"damage_healed":0,"gold_gain":0,"player_choice":"Grow","damage_taken":0,"max_hp_gain":0,"max_hp_loss":0,"event_name":"Living Wall","floor":4,"gold_loss":0,"cards_upgraded":["Bash"]},{"damage_healed":0,"gold_gain":0,"player_choice":"Ignored","damage_taken":0,"max_hp_gain":0,"max_hp_loss":0,"event_name":"Shining Light","floor":10,"gold_loss":0}],"is_beta":false,"boss_relics":[],"items_purged_floors":[],"is_endless":false,"potions_floor_spawned":[8,14],"killed_by":"The Guardian","ascension_level":11}