{"gold_per_floor":[109,109,11,22,32,32,65,75,75,75,75,101,120,132,132,230,230,243,263,278,278,292,324,343,343,415,415,189,289,324,338,338,434,434,448,325,345,360,376,376,376],"floor_reached":41,"playtime":2539,"items_purged":["Strike_R","Strike_R"],"score":614,"play_id":"fef0351e-6ce5-4451-ab11-ba148bf3c6eb","local_time":"20190617081139","is_ascension_mode":true,"campfire_choices":[{"data":"Armaments","floor":6.0,"key":"SMITH"},{"data":"Carnage","floor":11.0,"key":"SMITH"},{"data":"Fiend Fire","floor":15.0,"key":"SMITH"},{"floor":25.0,"key":"REST"},{"data":"Flame Barrier","floor":27.0,"key":"SMITH"},{"floor":32.0,"key":"REST"},{"data":"Immolate","floor":40,"key":"SMITH"}],"neow_cost":"NONE","seed_source_timestamp":0,"circlet_count":0,"master_deck":["Strike_R","Strike_R","Defend_R","Defend_R","Defend_R","Defend_R","Bash+1","Anger","Sword Boomerang","Headbutt","Armaments+1","Twin Strike","Carnage+1","Combust+1","Fiend Fire+1","Ghostly Armor","Immolate","Flame Barrier+1","Flame Barrier","Immolate+1","Battle Trance+1","Feel No Pain+1","Evolve+1","Reaper+1","Battle Trance","Iron Wave+1","Flame Barrier+1"],"special_seed":0,"relics":["Burning Blood","Bottled Flame","Frozen Egg 2","Bag of Marbles","Velvet Choker","Dream Catcher","Molten Egg 2","Ancient Tea Set","Vajra","Busted Crown"],"potions_floor_usage":[33,39],"damage_taken":[{"damage":1.0,"enemies":"Cultist","floor":1.0,"turns":3.0},{"damage":7.0,"enemies":"Jaw Worm","floor":4.0,"turns":2.0},{"damage":0.0,"enemies":"2 Louse","floor":5.0,"turns":2.0},{"damage":25.0,"enemies":"3 Sentries","floor":7.0,"turns":5.0},{"damage":15.0,"enemies":"Lots of Slimes","floor":8.0,"turns":4.0},{"damage":0.0,"enemies":"Gremlin Nob","floor":12.0,"turns":2.0},{"damage":2.0,"enemies":"3 Louse","floor":13.0,"turns":3.0},{"damage":1.0,"enemies":"Exordium Thugs","floor":14.0,"turns":3.0},{"damage":44.0,"enemies":"The Guardian","floor":16.0,"turns":10.0},{"damage":7.0,"enemies":"3 Byrds","floor":18.0,"turns":3.0},{"damage":0.0,"enemies":"Spheric Guardian","floor":19.0,"turns":2.0},{"damage":28.0,"enemies":"Shelled Parasite and Fungi","floor":20.0,"turns":4.0},{"damage":12.0,"enemies":"Cultist and Chosen","floor":22.0,"turns":3.0},{"damage":53.0,"enemies":"Gremlin Leader","floor":23.0,"turns":6.0},{"damage":14.0,"enemies":"Centurion and Healer","floor":24.0,"turns":2.0},{"damage":18.0,"enemies":"Book of Stabbing","floor":30.0,"turns":4.0},{"damage":3.0,"enemies":"Snake Plant","floor":31.0,"turns":2.0},{"damage":49,"enemies":"Collector","floor":33,"turns":6},{"damage":1,"enemies":"Orb Walker","floor":35,"turns":2},{"damage":24,"enemies":"3 Darklings","floor":37,"turns":4},{"damage":19,"enemies":"4 Shapes","floor":38,"turns":3},{"damage":20,"enemies":"Transient","floor":39,"turns":5},{"damage":152,"enemies":"Giant Head","floor":41,"turns":8}],"seed_played":"8373312185255300675","potions_obtained":[{"floor":4.0,"key":"Fire Potion"},{"floor":12.0,"key":"BloodPotion"},{"floor":14.0,"key":"SpeedPotion"},{"floor":18.0,"key":"Strength Potion"},{"floor":31.0,"key":"FearPotion"},{"floor":35,"key":"Ancient Potion"},{"floor":37,"key":"AttackPotion"},{"floor":39,"key":"FairyPotion"}],"is_trial":false,"path_per_floor":["M","?","$","M","M","R","E","M","T","$","R","E","M","M","R","B",null,"M","M","M","?","M","E","M","R","T","R","$","?","E","M","R","B",null,"M","$","M","M","M","R","E"],"character_chosen":"IRONCLAD","items_purchased":["Headbutt","Ancient Tea Set","Feel No Pain+1","Iron Wave+1"],"campfire_rested":2,"item_purchase_floors":[3,28,28,36],"current_hp_per_floor":[77,77,77,76,80,80,61,52,52,52,52,58,62,67,67,29,67,66,72,50,76,70,23,23,47,47,47,47,47,35,38,62,19,65,70,70,62,61,56,56,0],"gold":376,"neow_bonus":"UPGRADE_CARD","is_prod":false,"is_daily":false,"chose_seed":false,"campfire_upgraded":5,"win_rate":0,"timestamp":1560773499,"path_taken":["M","?","?","M","M","R","E","M","T","$","R","E","?","M","R","BOSS","M","M","M","?","M","E","M","R","T","R","?","?","E","M","R","BOSS","M","$","?","M","M","R","E"],"build_version":"2019-01-23","purchased_purges":2,"victory":false,"max_hp_per_floor":[80,80,80,80,80,80,80,80,80,80,80,80,80,80,80,80,80,80,80,80,80,80,80,80,80,80,80,80,80,80,80,80,80,80,80,80,80,80,80,80,80],"card_choices":[{"not_picked":["Bloodletting","Wild Strike"],"picked":"Anger","floor":1.0},{"not_picked":["Perfected Strike","Flame Barrier"],"picked":"Armaments","floor":4.0},{"not_picked":["Clash","Cleave"],"picked":"Twin Strike","floor":5.0},{"not_picked":["Anger","Rage"],"picked":"Carnage","floor":7.0},{"not_picked":["Sword Boomerang","Wild Strike","Clash"],"picked":"SKIP","floor":8.0},{"not_picked":["Clash","Rupture+1"],"picked":"Combust+1","floor":12.0},{"not_picked":["Iron Wave","Body Slam"],"picked":"Fiend Fire","floor":13.0},{"not_picked":["Dropkick","Flex"],"picked":"Ghostly Armor","floor":14.0},{"not_picked":["Exhume","Dark Embrace+1"],"picked":"Immolate","floor":16.0},{"not_picked":["Whirlwind","Rampage","Second Wind+1"],"picked":"SKIP","floor":18.0},{"not_picked":["Power Through","Anger","Twin Strike"],"picked":"SKIP","floor":19.0},{"not_picked":["Armaments","Whirlwind"],"picked":"Flame Barrier","floor":20.0},{"not_picked":["Headbutt","Clothesline"],"picked":"Flame Barrier","floor":22.0},{"not_picked":["Exhume","Perfected Strike"],"picked":"Immolate","floor":23.0},{"not_picked":["Ghostly Armor","Armaments"],"picked":"Battle Trance+1","floor":24.0},{"not_picked":["Wild Strike+1","Perfected Strike+1"],"picked":"Evolve+1","floor":30.0},{"not_picked":["Infernal Blade","Second Wind","Dropkick+1"],"picked":"SKIP","floor":31.0},{"not_picked":["Exhume","Juggernaut+1"],"picked":"Reaper+1","floor":33},{"not_picked":[],"picked":"Battle Trance","floor":35},{"not_picked":[],"picked":"Flame Barrier+1","floor":37},{"not_picked":["Reckless Charge+1"],"picked":"SKIP","floor":38},{"not_picked":["Clash+1"],"picked":"SKIP","floor":39}],"player_experience":352443,"relics_obtained":[{"floor":7.0,"key":"Bottled Flame"},{"floor":9.0,"key":"Frozen Egg 2"},{"floor":12.0,"key":"Bag of Marbles"},{"floor":23.0,"key":"Dream Catcher"},{"floor":26.0,"key":"Molten Egg 2"},{"floor":30.0,"key":"Vajra"}],"event_choices":[{"damage_healed":0.0,"max_hp_gain":0.0,"max_hp_loss":0.0,"gold_gain":0.0,"cards_transformed":["Strike_R"],"event_name":"Transmorgrifier","player_choice":"Transformed","floor":2.0,"gold_loss":0.0,"damage_taken":0.0,"cards_obtained":["Sword Boomerang"]},{"damage_healed":26.0,"max_hp_gain":0.0,"max_hp_loss":0.0,"gold_gain":0.0,"event_name":"The Library","player_choice":"Heal","floor":21.0,"gold_loss":0.0,"damage_taken":0.0},{"damage_healed":0.0,"max_hp_gain":0.0,"max_hp_loss":0.0,"gold_gain":100.0,"event_name":"Golden Shrine","player_choice":"Pray","floor":29.0,"gold_loss":0.0,"damage_taken":0.0}],"is_beta":false,"boss_relics":[{"not_picked":["Black Blood","Orrery"],"picked":"Velvet Choker"},{"not_picked":["Pandora\u0027s Box","Tiny House"],"picked":"Busted Crown"}],"items_purged_floors":[3,36],"is_endless":false,"potions_floor_spawned":[4,12,14,18,20,23,31,35,37,39],"killed_by":"Giant Head","ascension_level":6}