{"gold_per_floor":[112,124,56,67,85,118,144,444,444,459,469,469,486,497,497,497],"floor_reached":16,"playtime":545,"items_purged":[],"score":127,"play_id":"fdb28e83-69bb-4434-918b-6159fa6adbaa","local_time":"20190610172817","is_ascension_mode":true,"campfire_choices":[{"floor":15,"key":"REST"}],"neow_cost":"NONE","seed_source_timestamp":1979434492964854,"circlet_count":0,"master_deck":["Strike_B","Strike_B","Strike_B","Strike_B","Defend_B","Defend_B","Defend_B","Defend_B","Zap","Dualcast","Cold Snap","Melter","Streamline","Sweeping Beam","Sunder+1","Rebound","Capacitor","Defragment","Conserve Battery","Blizzard+1","Sweeping Beam+1","Compile Driver+1"],"relics":["Cracked Core","Happy Flower","PreservedInsect","Odd Mushroom","Old Coin","Molten Egg 2"],"potions_floor_usage":[6,6,16],"damage_taken":[{"damage":1,"enemies":"Cultist","floor":1,"turns":3},{"damage":2,"enemies":"Jaw Worm","floor":2,"turns":3},{"damage":0,"enemies":"2 Louse","floor":4,"turns":1},{"damage":9,"enemies":"Looter","floor":5,"turns":3},{"damage":8,"enemies":"Gremlin Nob","floor":6,"turns":3},{"damage":2,"enemies":"The Mushroom Lair","floor":7,"turns":2},{"damage":8,"enemies":"Red Slaver","floor":10,"turns":4},{"damage":22,"enemies":"Large Slime","floor":11,"turns":4},{"damage":5,"enemies":"Looter","floor":13,"turns":3},{"damage":1,"enemies":"2 Fungi Beasts","floor":14,"turns":2},{"damage":37,"enemies":"The Guardian","floor":16,"turns":5}],"seed_played":"4827500716294344221","potions_obtained":[{"floor":2,"key":"Block Potion"},{"floor":4,"key":"PowerPotion"},{"floor":11,"key":"AttackPotion"},{"floor":14,"key":"SmokeBomb"}],"is_trial":false,"path_per_floor":["M","M","$","M","M","E","?","?","T","M","M","?","M","M","R","B"],"character_chosen":"DEFECT","items_purchased":["Streamline","Sweeping Beam"],"campfire_rested":1,"item_purchase_floors":[3,3],"current_hp_per_floor":[74,72,72,72,63,55,53,50,50,42,20,20,15,14,36,0],"gold":497,"neow_bonus":"RANDOM_COMMON_RELIC","is_prod":false,"is_daily":false,"chose_seed":false,"campfire_upgraded":0,"win_rate":0,"timestamp":1560151697,"path_taken":["M","?","?","M","M","E","?","?","T","M","M","?","M","M","R","BOSS"],"build_version":"2019-01-23","purchased_purges":0,"victory":false,"max_hp_per_floor":[75,75,75,75,75,75,75,75,75,75,75,75,75,75,75,75],"card_choices":[{"not_picked":["Rebound","Ball Lightning"],"picked":"Cold Snap","floor":1},{"not_picked":["Compile Driver","Barrage"],"picked":"Melter","floor":2},{"not_picked":["Hologram","Go for the Eyes"],"picked":"Sunder","floor":4},{"not_picked":["Leap","Turbo"],"picked":"Rebound","floor":5},{"not_picked":["Self Repair","Fusion"],"picked":"Capacitor","floor":6},{"not_picked":["Steam","Scrape"],"picked":"Defragment","floor":7},{"not_picked":["Stack","Turbo"],"picked":"Conserve Battery","floor":10},{"not_picked":["Storm","Barrage+1"],"picked":"Blizzard+1","floor":11},{"not_picked":["Go for the Eyes+1","BootSequence"],"picked":"Sweeping Beam+1","floor":13},{"not_picked":["Coolheaded","Hyperbeam+1"],"picked":"Compile Driver+1","floor":14}],"player_experience":453737,"relics_obtained":[{"floor":6,"key":"PreservedInsect"},{"floor":7,"key":"Odd Mushroom"},{"floor":9,"key":"Molten Egg 2"}],"event_choices":[{"damage_healed":0,"gold_gain":0,"player_choice":"Fought Mushrooms","damage_taken":0,"max_hp_gain":0,"max_hp_loss":0,"event_name":"Mushrooms","floor":7,"gold_loss":0},{"damage_healed":0,"gold_gain":0,"player_choice":"Success","damage_taken":3,"relics_obtained":["Old Coin"],"max_hp_gain":0,"max_hp_loss":0,"event_name":"Scrap Ooze","floor":8,"gold_loss":0},{"damage_healed":0,"gold_gain":0,"player_choice":"Grow","damage_taken":0,"max_hp_gain":0,"max_hp_loss":0,"event_name":"Living Wall","floor":12,"gold_loss":0,"cards_upgraded":["Sunder"]}],"is_beta":false,"boss_relics":[],"items_purged_floors":[],"is_endless":false,"potions_floor_spawned":[2,4,11,14],"killed_by":"The Guardian","ascension_level":4}