{"gold_per_floor":[114,114,139,160,179,213,213,213,213,213,247,265,8,15,15,110,110,135,114,127,127,24,24,24],"floor_reached":24,"playtime":1533,"items_purged":["Strike_G"],"score":402,"play_id":"27fa08bb-2e24-4d95-86a7-cffa577ee69d","local_time":"20190622003612","is_ascension_mode":true,"campfire_choices":[{"floor":8.0,"key":"REST"},{"floor":10.0,"key":"REST"},{"floor":15.0,"key":"REST"},{"floor":23.0,"key":"REST"}],"neow_cost":"NONE","seed_source_timestamp":852421724122028,"circlet_count":0,"master_deck":["AscendersBane","Defend_G","Defend_G","Defend_G","Defend_G","Defend_G","Strike_G","Strike_G","Strike_G","Strike_G","Survivor","Neutralize","All Out Attack","Skewer","Leg Sweep+1","Poisoned Stab","Dash","Apotheosis","Noxious Fumes","Deadly Poison","Wraith Form v2","Noxious Fumes","Deadly Poison"],"special_seed":0,"relics":["Ring of the Snake","Snake Skull","Golden Idol","Oddly Smooth Stone","Orichalcum","Unceasing Top","StoneCalendar","Velvet Choker"],"potions_floor_usage":[],"damage_taken":[{"damage":2.0,"enemies":"2 Louse","floor":1.0,"turns":4.0},{"damage":1.0,"enemies":"Jaw Worm","floor":4.0,"turns":5.0},{"damage":0.0,"enemies":"Cultist","floor":5.0,"turns":3.0},{"damage":49.0,"enemies":"Lagavulin","floor":6.0,"turns":8.0},{"damage":25.0,"enemies":"3 Sentries","floor":11.0,"turns":9.0},{"damage":0.0,"enemies":"2 Fungi Beasts","floor":12.0,"turns":2.0},{"damage":11.0,"enemies":"Exordium Thugs","floor":14.0,"turns":5.0},{"damage":19.0,"enemies":"The Guardian","floor":16.0,"turns":9.0},{"damage":16.0,"enemies":"Spheric Guardian","floor":18.0,"turns":7.0},{"damage":1.0,"enemies":"2 Thieves","floor":19.0,"turns":4.0},{"damage":24.0,"enemies":"Shelled Parasite and Fungi","floor":20.0,"turns":7.0},{"damage":47,"enemies":"Gremlin Leader","floor":24,"turns":4}],"seed_played":"7680501057973756793","potions_obtained":[{"floor":4.0,"key":"FearPotion"},{"floor":5.0,"key":"FearPotion"},{"floor":12.0,"key":"Strength Potion"},{"floor":19.0,"key":"Regen Potion"}],"is_trial":false,"path_per_floor":["M","?","T","M","M","E","?","R","T","R","E","M","$","M","R","B",null,"M","M","M","?","$","R","E"],"character_chosen":"THE_SILENT","items_purchased":["Apotheosis","Noxious Fumes","Deadly Poison"],"campfire_rested":4,"item_purchase_floors":[13,13,22],"current_hp_per_floor":[57,57,57,56,56,7,7,25,25,43,18,18,18,7,25,6,47,31,30,21,21,21,39,0],"gold":24,"neow_bonus":"RANDOM_COMMON_RELIC","is_prod":false,"is_daily":false,"chose_seed":false,"campfire_upgraded":0,"win_rate":0,"timestamp":1561178172,"path_taken":["M","?","?","?","M","E","?","R","T","R","E","M","?","M","R","BOSS","M","?","M","?","$","R","E"],"build_version":"2019-01-23","purchased_purges":1,"victory":false,"max_hp_per_floor":[66,60,60,60,60,60,60,60,60,60,60,60,60,60,60,60,60,60,60,60,60,60,60,60],"card_choices":[{"not_picked":["Deflect","Choke"],"picked":"All Out Attack","floor":1.0},{"not_picked":["Backflip","Accuracy"],"picked":"Skewer","floor":4.0},{"not_picked":["Dagger Throw","Bane"],"picked":"Leg Sweep","floor":5.0},{"not_picked":["Dodge and Roll","Envenom"],"picked":"Poisoned Stab","floor":6.0},{"not_picked":["Dodge and Roll","Tools of the Trade","Slice"],"picked":"SKIP","floor":11.0},{"not_picked":["Deflect","Dagger Spray"],"picked":"Dash","floor":12.0},{"not_picked":["Distraction","Backstab"],"picked":"Deadly Poison","floor":14.0},{"not_picked":["Venomology","Bullet Time"],"picked":"Wraith Form v2","floor":16.0},{"not_picked":["Acrobatics","Prepared","Finisher"],"picked":"SKIP","floor":18.0},{"not_picked":["Accuracy","Cloak And Dagger"],"picked":"Noxious Fumes","floor":19.0},{"not_picked":["Flying Knee","Dagger Spray","Blade Dance+1"],"picked":"SKIP","floor":20.0}],"player_experience":856400,"relics_obtained":[{"floor":3.0,"key":"Oddly Smooth Stone"},{"floor":6.0,"key":"Orichalcum"},{"floor":9.0,"key":"Unceasing Top"},{"floor":11.0,"key":"StoneCalendar"}],"event_choices":[{"damage_healed":0.0,"max_hp_gain":0.0,"max_hp_loss":6.0,"gold_gain":0.0,"event_name":"Golden Idol","player_choice":"Lose Max HP","floor":2.0,"gold_loss":0.0,"damage_taken":0.0,"relics_obtained":["Golden Idol"]},{"damage_healed":0.0,"max_hp_gain":0.0,"max_hp_loss":0.0,"gold_gain":0.0,"event_name":"Living Wall","player_choice":"Grow","floor":7.0,"gold_loss":0.0,"damage_taken":0.0,"cards_upgraded":["Leg Sweep"]}],"is_beta":false,"boss_relics":[{"not_picked":["Snecko Eye","Ectoplasm"],"picked":"Velvet Choker"}],"items_purged_floors":[22],"is_endless":false,"potions_floor_spawned":[4,5,12,19],"killed_by":"Gremlin Leader","ascension_level":19}