{"gold_per_floor":[114,127,127,143,157,157,183,203,203,71,36,36,36,50,50,155,155,168,168,168,138,102,102,102,102,128,128],"floor_reached":27,"playtime":1137,"items_purged":[],"score":253,"play_id":"24fe991b-07d0-4a45-8574-a66fed2b3ea4","local_time":"20190624005642","is_ascension_mode":true,"campfire_choices":[{"floor":6,"key":"REST"},{"floor":12,"key":"DIG"},{"floor":15,"key":"REST"},{"floor":23,"key":"REST"},{"floor":25,"key":"DIG"}],"neow_cost":"NONE","seed_source_timestamp":90354692044400,"circlet_count":0,"master_deck":["Strike_R+1","Strike_R+1","Strike_R+1","Strike_R+1","Strike_R+1","Defend_R+1","Defend_R+1","Defend_R+1","Defend_R+1","Infernal Blade+1","Evolve","Iron Wave","Blood for Blood","Armaments+1","Impervious","Shrug It Off","Bludgeon","Pummel+1","Dark Embrace+1","Clothesline+1","Shockwave+1","Ghostly Armor+1","Uppercut","Whirlwind"],"relics":["Burning Blood","Bag of Preparation","Bag of Marbles","Shovel","Prayer Wheel","Astrolabe","MutagenicStrength","Dead Branch","Red Skull"],"potions_floor_usage":[7,16],"damage_taken":[{"damage":0,"enemies":"2 Louse","floor":1,"turns":5},{"damage":1,"enemies":"Cultist","floor":2,"turns":3},{"damage":15,"enemies":"Small Slimes","floor":4,"turns":3},{"damage":18,"enemies":"3 Louse","floor":5,"turns":5},{"damage":74,"enemies":"Lagavulin","floor":7,"turns":10},{"damage":6,"enemies":"Looter","floor":8,"turns":2},{"damage":0,"enemies":"Red Slaver","floor":14,"turns":1},{"damage":62,"enemies":"Slime Boss","floor":16,"turns":10},{"damage":20,"enemies":"3 Byrds","floor":18,"turns":6},{"damage":41,"enemies":"2 Thieves","floor":21,"turns":5},{"damage":59,"enemies":"Centurion and Healer","floor":27,"turns":8}],"seed_played":"-1837387114851694857","potions_obtained":[{"floor":4,"key":"SteroidPotion"},{"floor":14,"key":"Regen Potion"},{"floor":16,"key":"SneckoOil"},{"floor":21,"key":"Strength Potion"}],"is_trial":false,"path_per_floor":["M","M","?","M","M","R","E","M","T","$","?","R","?","M","R","B",null,"M","?","?","M","$","R","?","R","T","M"],"character_chosen":"IRONCLAD","items_purchased":["Impervious","Shrug It Off","Whirlwind"],"campfire_rested":3,"item_purchase_floors":[10,10,22],"current_hp_per_floor":[80,80,80,71,59,80,12,12,12,12,32,32,32,38,62,21,80,66,66,66,31,31,55,55,55,55,0],"gold":128,"neow_bonus":"RANDOM_COMMON_RELIC","is_prod":false,"is_daily":false,"chose_seed":false,"campfire_upgraded":0,"win_rate":0,"timestamp":1561301802,"path_taken":["M","M","?","M","?","R","E","M","T","$","?","R","?","M","R","BOSS","M","?","?","M","$","R","?","R","T","M"],"build_version":"2019-01-23","purchased_purges":0,"victory":false,"max_hp_per_floor":[80,80,80,80,80,80,80,80,80,80,80,80,80,80,80,80,80,80,80,80,80,80,80,80,80,80,80],"card_choices":[{"not_picked":["Wild Strike","Searing Blow","Hemokinesis"],"picked":"SKIP","floor":1},{"not_picked":["Feel No Pain","Warcry"],"picked":"Infernal Blade","floor":2},{"not_picked":["Sword Boomerang","Clothesline"],"picked":"Evolve","floor":4},{"not_picked":["Burning Pact","Rupture"],"picked":"Iron Wave","floor":5},{"not_picked":["Disarm","Shrug It Off"],"picked":"Blood for Blood","floor":7},{"not_picked":["Clash","Warcry"],"picked":"Armaments","floor":8},{"not_picked":["Perfected Strike","Clash"],"picked":"Shrug It Off","floor":14},{"not_picked":["Intimidate","Wild Strike"],"picked":"True Grit","floor":14},{"not_picked":["Exhume","Fiend Fire"],"picked":"Bludgeon","floor":16},{"not_picked":["Twin Strike+1","Fire Breathing"],"picked":"Shockwave+1","floor":18},{"not_picked":["Anger","Sword Boomerang","Dark Embrace"],"picked":"SKIP","floor":18},{"not_picked":["Wild Strike","Hemokinesis+1"],"picked":"Ghostly Armor+1","floor":21},{"not_picked":["Twin Strike","Iron Wave"],"picked":"Uppercut","floor":21}],"player_experience":149863,"relics_obtained":[{"floor":7,"key":"Bag of Marbles"},{"floor":9,"key":"Shovel"},{"floor":12,"key":"Prayer Wheel"},{"floor":25,"key":"Dead Branch"},{"floor":26,"key":"Red Skull"}],"event_choices":[{"damage_healed":0,"gold_gain":0,"player_choice":"Upgraded","damage_taken":0,"max_hp_gain":0,"max_hp_loss":0,"event_name":"Upgrade Shrine","floor":3,"gold_loss":0,"cards_upgraded":["Infernal Blade"]},{"damage_healed":20,"gold_gain":0,"player_choice":"Healed","damage_taken":0,"max_hp_gain":0,"max_hp_loss":0,"event_name":"The Cleric","floor":11,"gold_loss":35},{"damage_healed":0,"gold_gain":0,"player_choice":"Grow","damage_taken":0,"max_hp_gain":0,"max_hp_loss":0,"event_name":"Living Wall","floor":13,"gold_loss":0,"cards_upgraded":["Armaments"]},{"damage_healed":0,"gold_gain":0,"player_choice":"Ignored","damage_taken":0,"max_hp_gain":0,"max_hp_loss":0,"event_name":"Ghosts","floor":19,"gold_loss":0},{"damage_healed":0,"gold_gain":0,"player_choice":"Simplicity","damage_taken":0,"max_hp_gain":0,"max_hp_loss":0,"event_name":"Back to Basics","floor":20,"gold_loss":0,"cards_upgraded":["Strike_R","Strike_R","Strike_R","Strike_R","Strike_R","Defend_R","Defend_R","Defend_R","Defend_R"]},{"damage_healed":0,"gold_gain":0,"player_choice":"Inject Mutagens","damage_taken":0,"relics_obtained":["MutagenicStrength"],"max_hp_gain":0,"max_hp_loss":0,"event_name":"Drug Dealer","floor":24,"gold_loss":0}],"is_beta":false,"boss_relics":[{"not_picked":["Eternal Feather","Busted Crown"],"picked":"Astrolabe"}],"items_purged_floors":[],"is_endless":false,"potions_floor_spawned":[4,14,16,21],"killed_by":"Centurion and Healer","ascension_level":4}