{"gold_per_floor":[109,109,124,49,65,65,92,92,92,92,108,118,151,226,226,326,326,338,437,457,39,56,56],"floor_reached":23,"playtime":1418,"items_purged":[],"score":266,"play_id":"f82d8c18-7964-493c-a9aa-e0fb5af4fed4","local_time":"20190530232704","is_ascension_mode":true,"campfire_choices":[{"data":"Bludgeon","floor":6,"key":"SMITH"},{"data":"Corruption","floor":10,"key":"SMITH"},{"floor":15,"key":"REST"}],"neow_cost":"NONE","seed_source_timestamp":6424191717291,"circlet_count":0,"master_deck":["Bash+1","Bludgeon+1","Spot Weakness","Twin Strike","Corruption+1","Combust","Heavy Blade","Demon Form","Feel No Pain","Armaments","Combust","Fiend Fire","Sever Soul","Second Wind","Rupture","Juggernaut","Iron Wave+1","Shockwave","Reaper","Limit Break","Armaments","Shrug It Off+1"],"relics":["Burning Blood","Bottled Lightning","Shuriken","Pear","Pandora\u0027s Box","PreservedInsect"],"potions_floor_usage":[16,23,23,23,23,23,23],"damage_taken":[{"damage":7,"enemies":"Jaw Worm","floor":1,"turns":3},{"damage":0,"enemies":"2 Louse","floor":3,"turns":2},{"damage":6,"enemies":"Small Slimes","floor":5,"turns":2},{"damage":25,"enemies":"3 Sentries","floor":7,"turns":5},{"damage":9,"enemies":"Exordium Wildlife","floor":11,"turns":4},{"damage":11,"enemies":"Looter","floor":12,"turns":2},{"damage":8,"enemies":"Gremlin Nob","floor":13,"turns":3},{"damage":66,"enemies":"The Guardian","floor":16,"turns":10},{"damage":35,"enemies":"Shell Parasite","floor":18,"turns":4},{"damage":7,"enemies":"Chosen","floor":20,"turns":3},{"damage":31,"enemies":"Snake Plant","floor":22,"turns":3},{"damage":46,"enemies":"Book of Stabbing","floor":23,"turns":4}],"seed_played":"1588106491975193682","potions_obtained":[{"floor":7,"key":"BloodPotion"},{"floor":11,"key":"EntropicBrew"},{"floor":12,"key":"Dexterity Potion"},{"floor":18,"key":"Ancient Potion"}],"is_trial":false,"path_per_floor":["M","?","M","$","M","R","E","?","T","R","M","M","E","?","R","B",null,"M","?","M","$","M","E"],"character_chosen":"IRONCLAD","items_purchased":["Spot Weakness","PreservedInsect","Reaper","Limit Break","Armaments"],"campfire_rested":1,"item_purchase_floors":[4,21,21,21,21],"current_hp_per_floor":[87,69,75,75,75,75,56,49,49,49,46,41,49,38,67,16,98,69,69,68,68,43,0],"gold":56,"neow_bonus":"TEN_PERCENT_HP_BONUS","is_prod":false,"is_daily":false,"chose_seed":false,"campfire_upgraded":2,"win_rate":0,"timestamp":1559273224,"path_taken":["M","?","M","$","M","R","E","?","T","R","M","M","E","?","R","BOSS","M","?","M","$","M","E"],"build_version":"2019-01-23","purchased_purges":0,"victory":false,"max_hp_per_floor":[88,88,88,88,88,88,88,88,88,88,88,88,98,98,98,98,98,98,98,98,98,98,98],"card_choices":[{"not_picked":["Warcry","Havoc","Heavy Blade"],"picked":"SKIP","floor":1},{"not_picked":["Clothesline","Twin Strike"],"picked":"Bludgeon","floor":3},{"not_picked":["Metallicize","Perfected Strike"],"picked":"Twin Strike","floor":5},{"not_picked":["Thunderclap","Body Slam"],"picked":"Corruption","floor":7},{"not_picked":["Fire Breathing","Body Slam","Warcry"],"picked":"SKIP","floor":11},{"not_picked":["Metallicize","Hemokinesis"],"picked":"Combust","floor":12},{"not_picked":["Clash","Warcry"],"picked":"Heavy Blade","floor":13},{"not_picked":["Berserk","Double Tap"],"picked":"Demon Form","floor":16},{"not_picked":["Pommel Strike","Anger"],"picked":"Iron Wave+1","floor":18},{"not_picked":["Bloodletting","Thunderclap"],"picked":"Shockwave","floor":20},{"not_picked":["Headbutt","Sentinel"],"picked":"Shrug It Off+1","floor":22}],"player_experience":272844,"relics_obtained":[{"floor":7,"key":"Bottled Lightning"},{"floor":9,"key":"Shuriken"},{"floor":13,"key":"Pear"}],"event_choices":[{"damage_healed":0,"gold_gain":0,"player_choice":"Entered Light","damage_taken":18,"max_hp_gain":0,"max_hp_loss":0,"event_name":"Shining Light","floor":2,"gold_loss":0,"cards_upgraded":["Bash","Strike_R"]},{"cards_removed":["Strike_R"],"damage_healed":0,"gold_gain":0,"player_choice":"Card Removal","damage_taken":7,"max_hp_gain":0,"max_hp_loss":0,"event_name":"Golden Wing","floor":8,"gold_loss":0},{"damage_healed":0,"gold_gain":75,"player_choice":"Gather Gold","damage_taken":11,"max_hp_gain":0,"max_hp_loss":0,"event_name":"World of Goop","floor":14,"gold_loss":0},{"damage_healed":0,"gold_gain":99,"player_choice":"Stole From Cult","damage_taken":0,"max_hp_gain":0,"max_hp_loss":0,"event_name":"Nest","floor":19,"gold_loss":0}],"is_beta":false,"boss_relics":[{"not_picked":["Ectoplasm","Empty Cage"],"picked":"Pandora\u0027s Box"}],"items_purged_floors":[],"is_endless":false,"potions_floor_spawned":[7,11,12,18,22],"killed_by":"Book of Stabbing","ascension_level":4}