{"gold_per_floor":[117,117,192,192,209,209,220,252,252,271,26,26,42,71,71,71],"floor_reached":16,"playtime":704,"items_purged":[],"score":121,"play_id":"8351f9ca-6496-4d7f-a83d-dfc4774f296a","local_time":"20190418173521","is_ascension_mode":true,"campfire_choices":[{"floor":6,"key":"REST"},{"floor":12,"key":"REST"},{"floor":15,"key":"REST"}],"neow_cost":"NONE","seed_source_timestamp":685044273344410,"circlet_count":0,"master_deck":["Strike_B+1","Strike_B","Defend_B","Defend_B","Defend_B+1","Zap","Dualcast","Core Surge+1","Melter+1","Storm+1","Decay","Auto Shields","Defragment","Melter+1","Conserve Battery"],"relics":["Astrolabe","Torii","Mummified Hand","Molten Egg 2","Bag of Marbles"],"potions_floor_usage":[16,16],"damage_taken":[{"damage":12,"enemies":"Jaw Worm","floor":1,"turns":2},{"damage":6,"enemies":"Small Slimes","floor":5,"turns":3},{"damage":6,"enemies":"Cultist","floor":7,"turns":3},{"damage":42,"enemies":"Gremlin Nob","floor":8,"turns":5},{"damage":2,"enemies":"2 Fungi Beasts","floor":10,"turns":3},{"damage":15,"enemies":"Exordium Thugs","floor":13,"turns":5},{"damage":8,"enemies":"3 Sentries","floor":14,"turns":6},{"damage":26,"enemies":"Slime Boss","floor":16,"turns":8}],"seed_played":"-4317956920598602741","potions_obtained":[{"floor":5,"key":"Poison Potion"},{"floor":10,"key":"FearPotion"}],"is_trial":false,"path_per_floor":["M","?","?","?","M","R","M","E","T","M","$","R","M","E","R","B"],"character_chosen":"DEFECT","items_purchased":["Molten Egg 2"],"campfire_rested":3,"item_purchase_floors":[11],"current_hp_per_floor":[63,48,37,37,31,53,47,5,5,3,3,25,10,2,24,0],"gold":71,"neow_bonus":"BOSS_RELIC","is_prod":false,"is_daily":false,"chose_seed":false,"campfire_upgraded":0,"win_rate":0,"timestamp":1555572921,"path_taken":["M","?","?","?","M","R","?","E","T","M","$","R","M","E","R","BOSS"],"build_version":"2019-01-23","purchased_purges":0,"victory":false,"max_hp_per_floor":[75,75,75,75,75,75,75,75,75,75,75,75,75,75,75,75],"card_choices":[{"not_picked":["Stack","Compile Driver","Gash"],"picked":"SKIP","floor":1},{"not_picked":["Sunder","Gash"],"picked":"Auto Shields","floor":5},{"not_picked":["Reprogram","Coolheaded","Storm"],"picked":"SKIP","floor":7},{"not_picked":["Blizzard","Barrage","Compile Driver"],"picked":"SKIP","floor":8},{"not_picked":["Streamline","Force Field"],"picked":"Defragment","floor":10},{"not_picked":["Streamline+1","Blizzard+1"],"picked":"Melter+1","floor":13},{"not_picked":["Glacier","Lockon+1"],"picked":"Conserve Battery","floor":14}],"player_experience":326192,"relics_obtained":[{"floor":8,"key":"Torii"},{"floor":9,"key":"Mummified Hand"},{"floor":14,"key":"Bag of Marbles"}],"event_choices":[{"damage_healed":0,"gold_gain":0,"player_choice":"Entered Light","damage_taken":15,"max_hp_gain":0,"max_hp_loss":0,"event_name":"Shining Light","floor":2,"gold_loss":0,"cards_upgraded":["Strike_B","Defend_B"]},{"damage_healed":0,"gold_gain":75,"player_choice":"Gather Gold","damage_taken":11,"max_hp_gain":0,"max_hp_loss":0,"event_name":"World of Goop","floor":3,"gold_loss":0},{"damage_healed":0,"gold_gain":0,"player_choice":"Cursed","damage_taken":0,"max_hp_gain":0,"max_hp_loss":0,"event_name":"Wheel of Change","floor":4,"gold_loss":0,"cards_obtained":["Decay"]}],"is_beta":false,"boss_relics":[],"items_purged_floors":[],"is_endless":false,"potions_floor_spawned":[5,10],"killed_by":"Slime Boss","ascension_level":2}