{"gold_per_floor":[118,138,151,161,176,176,208,227,250,250,266,283,298,298,298,394,394,406,423,6,6,17,32,32,50,50,66,66,66,98,98],"floor_reached":31,"playtime":2002,"items_purged":["Pain"],"score":295,"play_id":"52314188-fc94-4f17-b160-7a6a2d45582b","local_time":"20190112180528","is_ascension_mode":false,"campfire_choices":[{"data":"Venomology","floor":6,"key":"SMITH"},{"floor":15,"key":"REST"},{"data":"After Image","floor":24,"key":"SMITH"},{"data":"Normality","floor":28,"key":"PURGE"}],"neow_cost":"NONE","seed_source_timestamp":167005604853805,"circlet_count":0,"master_deck":["Defend_G+1","Defend_G+1","Defend_G+1","Defend_G+1","Defend_G+1","Strike_G+1","Strike_G+1","Strike_G+1","Strike_G+1","Strike_G+1","Survivor","Neutralize","Backstab","Blade Dance","Venomology+1","Flying Knee","Deadly Poison","Dodge and Roll","Unload","Slice","Dodge and Roll","Footwork","Forethought","Dagger Spray","After Image+1","Bouncing Flask","Deflect","The Bomb","Backstab","Bouncing Flask+1","Die Die Die","Catalyst+1","Noxious Fumes+1"],"relics":["Ring of the Snake","Peace Pipe","Strawberry","WarpedTongs","Cursed Key","Pen Nib","Anchor","Red Mask"],"potions_floor_usage":[4,7,7,7,7,16,16,16,19,23,23,23,23,25,27,30,31,31,31],"damage_taken":[{"damage":0,"enemies":"Cultist","floor":1,"turns":4},{"damage":7,"enemies":"Small Slimes","floor":2,"turns":3},{"damage":0,"enemies":"2 Louse","floor":3,"turns":2},{"damage":0,"enemies":"Gremlin Gang","floor":4,"turns":3},{"damage":13,"enemies":"2 Fungi Beasts","floor":5,"turns":3},{"damage":21,"enemies":"Gremlin Nob","floor":7,"turns":4},{"damage":11,"enemies":"Blue Slaver","floor":8,"turns":4},{"damage":12,"enemies":"Gremlin Gang","floor":11,"turns":5},{"damage":21,"enemies":"Large Slime","floor":12,"turns":5},{"damage":2,"enemies":"Exordium Wildlife","floor":13,"turns":2},{"damage":6,"enemies":"Hexaghost","floor":16,"turns":9},{"damage":18,"enemies":"Chosen","floor":18,"turns":5},{"damage":10,"enemies":"Shell Parasite","floor":19,"turns":4},{"damage":5,"enemies":"Snake Plant","floor":22,"turns":3},{"damage":18,"enemies":"Chosen and Byrds","floor":23,"turns":5},{"damage":7,"enemies":"Cultist and Chosen","floor":25,"turns":5},{"damage":16,"enemies":"Snecko","floor":27,"turns":4},{"damage":22,"enemies":"Masked Bandits","floor":30,"turns":4},{"damage":8,"enemies":"Book of Stabbing","floor":31,"turns":2}],"seed_played":"2156846491984725632","potions_obtained":[{"floor":3,"key":"Regen Potion"},{"floor":5,"key":"EssenceOfSteel"},{"floor":12,"key":"SpeedPotion"},{"floor":13,"key":"Strength Potion"},{"floor":16,"key":"EntropicBrew"},{"floor":30,"key":"Dexterity Potion"}],"is_trial":false,"path_per_floor":["M","M","M","M","M","R","E","M","T","?","M","M","M","?","R","B",null,"M","M","$","?","M","M","R","M","T","M","R","?","?","E"],"character_chosen":"THE_SILENT","items_purchased":["The Bomb","Pen Nib"],"campfire_rested":1,"item_purchase_floors":[20,20],"current_hp_per_floor":[77,70,70,70,57,57,48,37,44,44,32,11,9,9,34,28,84,66,56,56,56,51,45,45,38,38,22,22,22,8,0],"gold":98,"neow_bonus":"TEN_PERCENT_HP_BONUS","is_prod":false,"is_daily":false,"chose_seed":false,"campfire_upgraded":2,"win_rate":0.0,"timestamp":1547276728,"path_taken":["M","M","?","M","M","R","E","M","T","?","?","M","M","?","R","BOSS","M","?","$","?","M","M","R","M","T","M","R","?","?","E"],"build_version":"2019-01-10","purchased_purges":1,"victory":false,"max_hp_per_floor":[77,77,77,77,77,77,77,77,84,84,84,84,84,84,84,84,84,84,84,84,84,84,84,84,84,84,84,84,84,84,84],"card_choices":[{"not_picked":["Underhanded Strike","Deflect"],"picked":"Backstab","floor":1},{"not_picked":["Calculated Gamble","Dagger Throw"],"picked":"Blade Dance","floor":2},{"not_picked":["Endless Agony","Well Laid Plans"],"picked":"Venomology","floor":3},{"not_picked":["PiercingWail","Escape Plan"],"picked":"Flying Knee","floor":4},{"not_picked":["Backflip","Skewer"],"picked":"Deadly Poison","floor":5},{"not_picked":["Deadly Poison","Sucker Punch"],"picked":"Dodge and Roll","floor":7},{"not_picked":["Calculated Gamble","PiercingWail"],"picked":"Unload","floor":8},{"not_picked":["Leg Sweep","Dagger Throw"],"picked":"Slice","floor":11},{"not_picked":["Reflex","Choke"],"picked":"Dodge and Roll","floor":12},{"not_picked":["Skewer","Eviscerate"],"picked":"Footwork","floor":13},{"not_picked":["A Thousand Cuts","Burst"],"picked":"After Image","floor":16},{"not_picked":["Bane","Deflect"],"picked":"Bouncing Flask","floor":18},{"not_picked":["Expertise","Masterful Stab"],"picked":"Deflect","floor":19},{"not_picked":["Backflip","Deflect+1"],"picked":"Backstab","floor":22},{"not_picked":["Acrobatics+1","Dagger Throw"],"picked":"Bouncing Flask+1","floor":23},{"not_picked":["Acrobatics","Deflect"],"picked":"Die Die Die","floor":25},{"not_picked":["Deflect","Sucker Punch"],"picked":"Catalyst+1","floor":27},{"not_picked":["Calculated Gamble","Expertise+1"],"picked":"Noxious Fumes+1","floor":30}],"player_experience":19586,"relics_obtained":[{"floor":7,"key":"Peace Pipe"},{"floor":9,"key":"Strawberry"},{"floor":26,"key":"Anchor"},{"floor":30,"key":"Red Mask"}],"event_choices":[{"damage_healed":0,"gold_gain":0,"player_choice":"Rummage","damage_taken":0,"relics_obtained":["WarpedTongs"],"max_hp_gain":0,"max_hp_loss":0,"event_name":"Accursed Blacksmith","floor":10,"gold_loss":0,"cards_obtained":["Pain"]},{"damage_healed":0,"gold_gain":0,"player_choice":"2 cards matched","damage_taken":0,"max_hp_gain":0,"max_hp_loss":0,"event_name":"Match and Keep!","floor":14,"gold_loss":0,"cards_obtained":["Forethought","Dagger Spray"]},{"damage_healed":0,"gold_gain":0,"player_choice":"Simplicity","damage_taken":0,"max_hp_gain":0,"max_hp_loss":0,"event_name":"Back to Basics","floor":21,"gold_loss":0,"cards_upgraded":["Defend_G","Defend_G","Defend_G","Defend_G","Defend_G","Strike_G","Strike_G","Strike_G","Strike_G","Strike_G"]},{"damage_healed":0,"gold_gain":0,"player_choice":"Fought Bandits","damage_taken":0,"max_hp_gain":0,"max_hp_loss":0,"event_name":"Masked Bandits","floor":30,"gold_loss":0}],"is_beta":false,"boss_relics":[{"not_picked":["Ectoplasm","Coffee Dripper"],"picked":"Cursed Key"}],"items_purged_floors":[20],"is_endless":false,"potions_floor_spawned":[3,5,12,13,16,19,27,30],"killed_by":"Book of Stabbing","ascension_level":0}