{"gold_per_floor":[364,364,28,28,28,28,40,40,88,88,100,100,171,192,192,320,320,345,345,345,345,11,11],"floor_reached":23,"playtime":681,"items_purged":[],"score":296,"play_id":"9ccc9a59-517f-4fc0-96b7-41b6fcb22999","local_time":"20190623164417","is_ascension_mode":true,"campfire_choices":[{"floor":6,"key":"DIG"},{"data":"Bash","floor":8,"key":"SMITH"},{"floor":10,"key":"DIG"},{"floor":15,"key":"DIG"}],"neow_cost":"CURSE","seed_source_timestamp":861342430144331,"circlet_count":0,"master_deck":["AscendersBane","Defend_R","Defend_R","Defend_R","Defend_R","Bash+1","Cleave","Inflame","Feel No Pain","Pommel Strike","Uppercut","Metallicize","Reaper","Whirlwind+1","Bite","Bite","Bite","Bite","Bite"],"relics":["Burning Blood","Shovel","Ginger","Juzu Bracelet","Singing Bowl","Golden Idol","Nunchaku","Pear","Fusion Hammer","Prayer Wheel","Nilry\u0027s Codex","Magic Flower"],"potions_floor_usage":[13,16,16,23],"damage_taken":[{"damage":6,"enemies":"2 Louse","floor":1,"turns":3},{"damage":9,"enemies":"Small Slimes","floor":7,"turns":3},{"damage":2,"enemies":"Jaw Worm","floor":11,"turns":3},{"damage":16,"enemies":"3 Sentries","floor":13,"turns":5},{"damage":9,"enemies":"Blue Slaver","floor":14,"turns":3},{"damage":53,"enemies":"The Guardian","floor":16,"turns":11},{"damage":60,"enemies":"3 Byrds","floor":18,"turns":6},{"damage":27,"enemies":"Book of Stabbing","floor":23,"turns":4}],"seed_played":"4900270197824988541","potions_obtained":[{"floor":1,"key":"AttackPotion"},{"floor":7,"key":"AttackPotion"},{"floor":13,"key":"Poison Potion"}],"is_trial":false,"path_per_floor":["M","?","$","?","$","R","M","R","T","R","M","?","?","M","R","B",null,"M","?","?","?","$","E"],"character_chosen":"IRONCLAD","items_purchased":["Shovel","Inflame","Block Potion","Magic Flower"],"campfire_rested":0,"item_purchase_floors":[3,3,22,22],"current_hp_per_floor":[72,72,72,72,72,72,69,69,69,69,73,73,63,60,70,23,69,26,26,10,10,10,0],"gold":11,"neow_bonus":"TWO_FIFTY_GOLD","is_prod":false,"is_daily":false,"chose_seed":false,"campfire_upgraded":1,"win_rate":0,"timestamp":1561272257,"path_taken":["M","?","$","?","$","R","M","R","T","R","M","?","?","M","R","BOSS","M","?","?","?","$","E"],"build_version":"2019-01-23","purchased_purges":0,"victory":false,"max_hp_per_floor":[80,80,80,80,80,80,80,80,80,80,80,74,74,74,84,84,84,84,84,84,58,58,58],"card_choices":[{"not_picked":["Hemokinesis","Carnage"],"picked":"Cleave","floor":1},{"not_picked":["Inflame","Iron Wave"],"picked":"Feel No Pain","floor":7},{"not_picked":["True Grit","Perfected Strike"],"picked":"Pommel Strike","floor":11},{"not_picked":["Dropkick","Wild Strike"],"picked":"Uppercut","floor":13},{"not_picked":["Shrug It Off","Heavy Blade"],"picked":"Metallicize","floor":14},{"not_picked":["Double Tap","Bludgeon"],"picked":"Reaper","floor":16},{"not_picked":["Metallicize","Heavy Blade"],"picked":"Whirlwind+1","floor":18}],"player_experience":496136,"relics_obtained":[{"floor":6,"key":"Ginger"},{"floor":9,"key":"Juzu Bracelet"},{"floor":10,"key":"Singing Bowl"},{"floor":13,"key":"Nunchaku"},{"floor":15,"key":"Pear"},{"floor":19,"key":"Prayer Wheel"},{"floor":20,"key":"Nilry\u0027s Codex"}],"event_choices":[{"cards_removed":["Regret"],"damage_healed":0,"gold_gain":0,"player_choice":"Forget","damage_taken":0,"max_hp_gain":0,"max_hp_loss":0,"event_name":"Living Wall","floor":2,"gold_loss":0},{"damage_healed":0,"gold_gain":0,"player_choice":"Ignored","damage_taken":0,"max_hp_gain":0,"max_hp_loss":0,"event_name":"Golden Wing","floor":4,"gold_loss":0},{"damage_healed":0,"gold_gain":0,"player_choice":"Lose Max HP","damage_taken":0,"relics_obtained":["Golden Idol"],"max_hp_gain":0,"max_hp_loss":6,"event_name":"Golden Idol","floor":12,"gold_loss":0},{"damage_healed":0,"gold_gain":0,"player_choice":"Searched \u00271\u0027 times","damage_taken":0,"max_hp_gain":0,"max_hp_loss":0,"event_name":"Dead Adventurer","floor":13,"gold_loss":0},{"damage_healed":0,"gold_gain":0,"player_choice":"Relic","damage_taken":0,"max_hp_gain":0,"max_hp_loss":0,"event_name":"Wheel of Change","floor":19,"gold_loss":0},{"damage_healed":0,"gold_gain":0,"player_choice":"Obtained Book","damage_taken":16,"max_hp_gain":0,"max_hp_loss":0,"event_name":"Cursed Tome","floor":20,"gold_loss":0},{"damage_healed":0,"gold_gain":0,"player_choice":"Became a vampire","damage_taken":0,"max_hp_gain":0,"max_hp_loss":26,"event_name":"Vampires","floor":21,"gold_loss":0,"cards_obtained":["Bite","Bite","Bite","Bite","Bite"]}],"is_beta":false,"boss_relics":[{"not_picked":["Runic Cube","Ectoplasm"],"picked":"Fusion Hammer"}],"items_purged_floors":[],"is_endless":false,"potions_floor_spawned":[1,7,13],"killed_by":"Book of Stabbing","ascension_level":11}