{"path_per_floor":["M","M","M","M","$","M","M","M","T","?","?","$","R","M","R","B",null,"M","$","M","M","M","R","M","R","T"],"character_chosen":"THE_SILENT","items_purchased":["Catalyst","Backstab","Cloak And Dagger"],"gold_per_floor":[114,127,144,158,46,66,77,87,87,87,114,39,39,54,54,156,156,174,20,30,41,54,54,69,69,69],"floor_reached":27,"campfire_rested":4,"playtime":2260,"current_hp_per_floor":[70,70,70,66,66,59,52,52,52,57,41,41,63,52,74,42,89,75,75,56,24,44,70,14,40,40],"items_purged":["Strike_G","Decay"],"gold":69,"play_id":"75e955dc-181e-4641-a87f-c81c0570f1c0","is_prod":false,"is_daily":false,"is_ascension_mode":false,"campfire_upgraded":0,"path_taken":["M","M","M","M","$","M","M","M","T","?","?","$","R","M","R","BOSS","M","$","M","M","M","R","M","R","T","E"],"build_version":"2018-02-01-PROD3","purchased_purges":2,"victory":false,"master_deck":["Defend_G","Defend_G","Defend_G","Defend_G","Defend_G","Strike_G","Strike_G","Strike_G","Strike_G","Survivor","Neutralize","Dash","Noxious Fumes","Deadly Poison","Blade Dance","Catalyst","Backstab","Poisoned Stab","Dagger Spray","Deadly Poison","Blade Dance","Unload","Adrenaline","Doubt","Clumsy","Accuracy+1","Cloak And Dagger","Deadly Poison+1","Backflip","Finisher+1","Backflip+1"],"max_hp_per_floor":[70,70,70,70,70,70,70,70,70,75,75,75,75,75,75,75,89,89,89,89,89,89,89,89,89,89],"relics":["Lizard Tail","Calipers","Odd Mushroom","Calling Bell","Ornamental Fan","Shuriken","Mango","Molten Egg 2"],"card_choices":[{"not_picked":["Dagger Spray","Caltrops"],"picked":"Dash"},{"not_picked":["Footwork","Slice"],"picked":"Noxious Fumes"},{"not_picked":["Finisher","Flying Knee"],"picked":"Deadly Poison"},{"not_picked":["Deadly Poison","Reflex"],"picked":"Blade Dance"},{"not_picked":["Sucker Punch","Bane"],"picked":"Poisoned Stab"},{"not_picked":["Acrobatics","Backflip"],"picked":"Dagger Spray"},{"not_picked":["Outmaneuver","Flying Knee"],"picked":"Deadly Poison"},{"not_picked":["Catalyst","Leg Sweep"],"picked":"Blade Dance"},{"not_picked":["Well Laid Plans","Bane"],"picked":"Unload"},{"not_picked":["Burst","A Thousand Cuts"],"picked":"Adrenaline"},{"not_picked":["Footwork","Outmaneuver"],"picked":"Accuracy"},{"not_picked":["Predator","Dodge and Roll"],"picked":"Deadly Poison"},{"not_picked":["Reflex","Underhanded Strike"],"picked":"Backflip"},{"not_picked":["Distraction","Prepared"],"picked":"Finisher"},{"not_picked":["Adrenaline","Deflect"],"picked":"Backflip"}],"player_experience":63410,"potions_floor_usage":[16,16,16],"damage_taken":[{"damage":0,"enemies":"Jaw Worm","floor":1,"turns":6},{"damage":0,"enemies":"Small Slimes","floor":2,"turns":5},{"damage":0,"enemies":"2 Louse","floor":3,"turns":3},{"damage":4,"enemies":"2 Fungi Beasts","floor":4,"turns":4},{"damage":7,"enemies":"Exordium Thugs","floor":6,"turns":6},{"damage":7,"enemies":"Large Slime","floor":7,"turns":6},{"damage":0,"enemies":"3 Louse","floor":8,"turns":4},{"damage":16,"enemies":"The Mushroom Lair","floor":11,"turns":5},{"damage":11,"enemies":"Exordium Wildlife","floor":14,"turns":4},{"damage":32,"enemies":"Slime Boss","floor":16,"turns":9},{"damage":14,"enemies":"Spheric Guardian","floor":18,"turns":5},{"damage":19,"enemies":"2 Thieves","floor":20,"turns":4},{"damage":32,"enemies":"3 Cultists","floor":21,"turns":6},{"damage":24,"enemies":"Cultist and Chosen","floor":22,"turns":7},{"damage":56,"enemies":"Slaver and Parasite","floor":24,"turns":5},{"damage":46,"enemies":"Gremlin Leader","floor":27,"turns":2}],"event_choices":[{"event_name":"Big Fish","player_choice":"Donut","floor":10,"damage_taken":0},{"event_name":"Mushrooms","player_choice":"Fought Mushrooms","floor":11,"damage_taken":0}],"boss_relics":[{"not_picked":["Ectoplasm","Cursed Key"],"picked":"Calling Bell"}],"potions_floor_spawned":[1,3,6,7,11,14,21,24],"seed_played":"4515576876206330990","killed_by":"Gremlin Leader","ascension_level":0,"is_trial":false}