{"gold_per_floor":[109,122,135,210,210,237,237,266,292,292,64,77,90,107,107,107],"floor_reached":16,"playtime":1039,"items_purged":[],"score":123,"play_id":"a3e66943-61d1-4c19-b293-07c10f52bea8","local_time":"20190418195324","is_ascension_mode":true,"campfire_choices":[{"floor":7,"key":"REST"},{"floor":10,"key":"REST"},{"floor":15,"key":"REST"}],"neow_cost":"NONE","seed_source_timestamp":692991897463736,"circlet_count":0,"master_deck":["Defend_G","Defend_G","Defend_G","Defend_G","Defend_G","Strike_G","Strike_G","Strike_G","Strike_G","Strike_G","Survivor","Neutralize","Deadly Poison","Terror","Catalyst","Adrenaline","Infinite Blades","Cloak And Dagger"],"relics":["Ring of the Snake","NeowsBlessing","Strawberry","Centennial Puzzle","Oddly Smooth Stone"],"potions_floor_usage":[6,8],"damage_taken":[{"damage":0,"enemies":"Cultist","floor":1,"turns":1},{"damage":0,"enemies":"2 Louse","floor":2,"turns":1},{"damage":0,"enemies":"Jaw Worm","floor":3,"turns":1},{"damage":47,"enemies":"Gremlin Nob","floor":6,"turns":6},{"damage":32,"enemies":"3 Sentries","floor":8,"turns":9},{"damage":20,"enemies":"Exordium Wildlife","floor":12,"turns":5},{"damage":12,"enemies":"Large Slime","floor":13,"turns":5},{"damage":0,"enemies":"3 Louse","floor":14,"turns":4},{"damage":51,"enemies":"Slime Boss","floor":16,"turns":7}],"seed_played":"-7787434975333425709","potions_obtained":[{"floor":1,"key":"FearPotion"},{"floor":2,"key":"Energy Potion"},{"floor":6,"key":"SkillPotion"},{"floor":13,"key":"Regen Potion"}],"is_trial":false,"path_per_floor":["M","M","M","?","?","E","R","E","T","R","$","M","M","M","R","B"],"character_chosen":"THE_SILENT","items_purchased":["Adrenaline","Infinite Blades"],"campfire_rested":3,"item_purchase_floors":[11,11],"current_hp_per_floor":[70,70,70,59,70,30,53,21,21,44,44,24,12,12,35,0],"gold":107,"neow_bonus":"THREE_ENEMY_KILL","is_prod":false,"is_daily":false,"chose_seed":false,"campfire_upgraded":0,"win_rate":0,"timestamp":1555581204,"path_taken":["M","?","?","?","?","E","R","E","T","R","?","M","?","M","R","BOSS"],"build_version":"2019-01-23","purchased_purges":0,"victory":false,"max_hp_per_floor":[70,70,70,70,70,77,77,77,77,77,77,77,77,77,77,77],"card_choices":[{"not_picked":["Tactician","Escape Plan","Flying Knee"],"picked":"SKIP","floor":1},{"not_picked":["Blur","Dodge and Roll"],"picked":"Deadly Poison","floor":2},{"not_picked":["Blur","Bane"],"picked":"Terror","floor":3},{"not_picked":["Dagger Throw","Endless Agony","Sucker Punch"],"picked":"SKIP","floor":6},{"not_picked":["Acrobatics","Backstab"],"picked":"Catalyst","floor":8},{"not_picked":["Poisoned Stab","Deadly Poison"],"picked":"Cloak And Dagger","floor":12},{"not_picked":["Skewer","PiercingWail","Dagger Spray"],"picked":"SKIP","floor":13},{"not_picked":["Concentrate","Dagger Spray","Tactician"],"picked":"SKIP","floor":14}],"player_experience":333769,"relics_obtained":[{"floor":6,"key":"Strawberry"},{"floor":8,"key":"Centennial Puzzle"},{"floor":9,"key":"Oddly Smooth Stone"}],"event_choices":[{"damage_healed":0,"gold_gain":75,"player_choice":"Gather Gold","damage_taken":11,"max_hp_gain":0,"max_hp_loss":0,"event_name":"World of Goop","floor":4,"gold_loss":0},{"damage_healed":23,"gold_gain":0,"player_choice":"Banana","damage_taken":0,"max_hp_gain":0,"max_hp_loss":0,"event_name":"Big Fish","floor":5,"gold_loss":0}],"is_beta":false,"boss_relics":[],"items_purged_floors":[],"is_endless":false,"potions_floor_spawned":[1,2,6,13],"killed_by":"Slime Boss","ascension_level":2}