{"gold_per_floor":[118,137,137,137,153,153,165,165,190,208,221,221,232,244,244,339,339,350,110,137,154,154,154,164,164,210,222,234,446,469,498,510,522],"floor_reached":33,"playtime":2501,"items_purged":[],"score":291,"play_id":"3bb1ff95-231b-4b54-8c0d-e32de9ae8420","local_time":"20190503065030","is_ascension_mode":false,"campfire_choices":[{"data":"Crippling Poison","floor":6,"key":"SMITH"},{"data":"Neutralize","floor":8,"key":"SMITH"},{"data":"Night Terror","floor":12,"key":"SMITH"},{"data":"Footwork","floor":15,"key":"SMITH"},{"floor":23,"key":"REST"},{"data":"Catalyst","floor":25,"key":"SMITH"},{"floor":32,"key":"REST"}],"neow_cost":"NONE","seed_source_timestamp":182640943220081,"circlet_count":0,"master_deck":["Survivor","Neutralize+1","Dodge and Roll","Dagger Spray","Crippling Poison+1","Deadly Poison","Night Terror+1","Backflip","Predator","Footwork+1","Burst","Grand Finale","Flechettes","Underhanded Strike","Blade Dance","Backflip","Deflect","Tactician","Quick Slash","Die Die Die","Catalyst+1","Slice","Outmaneuver+1","Backflip+1","All Out Attack+1","PiercingWail"],"relics":["Ring of the Snake","Orichalcum","Pandora\u0027s Box","Pear","Red Mask","Boot","MawBank","Sundial","Molten Egg 2"],"potions_floor_usage":[16,16,16,16,33,33,33],"damage_taken":[{"damage":0,"enemies":"Small Slimes","floor":1,"turns":3},{"damage":0,"enemies":"2 Louse","floor":2,"turns":4},{"damage":0,"enemies":"Jaw Worm","floor":5,"turns":5},{"damage":0,"enemies":"Looter","floor":7,"turns":4},{"damage":5,"enemies":"2 Fungi Beasts","floor":10,"turns":3},{"damage":3,"enemies":"Blue Slaver","floor":11,"turns":5},{"damage":0,"enemies":"Looter","floor":13,"turns":4},{"damage":2,"enemies":"2 Fungi Beasts","floor":14,"turns":4},{"damage":21,"enemies":"Slime Boss","floor":16,"turns":11},{"damage":20,"enemies":"2 Thieves","floor":18,"turns":4},{"damage":32,"enemies":"Masked Bandits","floor":20,"turns":5},{"damage":0,"enemies":"3 Byrds","floor":21,"turns":4},{"damage":11,"enemies":"Cultist and Chosen","floor":24,"turns":6},{"damage":13,"enemies":"Shelled Parasite and Fungi","floor":30,"turns":5},{"damage":20,"enemies":"Snake Plant","floor":31,"turns":5},{"damage":44,"enemies":"Champ","floor":33,"turns":13}],"seed_played":"-328397237725076787","potions_obtained":[{"floor":2,"key":"EssenceOfSteel"},{"floor":10,"key":"Poison Potion"},{"floor":14,"key":"EntropicBrew"},{"floor":16,"key":"Ancient Potion"},{"floor":20,"key":"AttackPotion"},{"floor":24,"key":"Explosive Potion"},{"floor":30,"key":"Fire Potion"}],"is_trial":false,"path_per_floor":["M","M","?","?","M","R","M","R","T","M","M","R","M","M","R","B",null,"M","$","?","M","?","R","M","R","T","T","T","?","M","M","R","B"],"character_chosen":"THE_SILENT","items_purchased":["Pear"],"campfire_rested":2,"item_purchase_floors":[19],"current_hp_per_floor":[77,77,70,70,70,70,70,70,70,65,62,62,62,60,60,39,77,57,67,35,35,35,61,50,50,50,50,50,50,37,17,43,0],"gold":522,"neow_bonus":"TEN_PERCENT_HP_BONUS","is_prod":false,"is_daily":false,"chose_seed":false,"campfire_upgraded":5,"win_rate":0.0,"timestamp":1556880630,"path_taken":["M","M","?","?","M","R","M","R","T","M","M","R","M","?","R","BOSS","M","$","?","M","?","R","M","R","T","?","?","?","?","M","R","BOSS"],"build_version":"2019-01-23","purchased_purges":0,"victory":false,"max_hp_per_floor":[77,77,77,77,77,77,77,77,77,77,77,77,77,77,77,77,77,77,87,87,87,87,87,87,87,87,87,87,87,87,87,87,87],"card_choices":[{"not_picked":["Bane","All Out Attack"],"picked":"Dodge and Roll","floor":1},{"not_picked":["Backflip","Deflect"],"picked":"Dagger Spray","floor":2},{"not_picked":["Dodge and Roll","Flying Knee"],"picked":"Crippling Poison","floor":5},{"not_picked":["Underhanded Strike","Prepared"],"picked":"Deadly Poison","floor":7},{"not_picked":["Finisher","Cloak And Dagger"],"picked":"Night Terror","floor":10},{"not_picked":["Acrobatics","Underhanded Strike"],"picked":"Backflip","floor":11},{"not_picked":["Underhanded Strike","Sucker Punch"],"picked":"Predator","floor":13},{"not_picked":["Reflex","Accuracy"],"picked":"Footwork","floor":14},{"not_picked":["Malaise","Phantasmal Killer"],"picked":"Burst","floor":16},{"not_picked":["Underhanded Strike+1","Bouncing Flask+1"],"picked":"Catalyst","floor":18},{"not_picked":["Dodge and Roll+1","Backflip"],"picked":"Slice","floor":20},{"not_picked":["Bane","Tactician"],"picked":"Outmaneuver+1","floor":21},{"not_picked":["Quick Slash","Deflect"],"picked":"Backflip+1","floor":24},{"not_picked":["Skewer+1","Grand Finale+1"],"picked":"All Out Attack+1","floor":30},{"not_picked":["Underhanded Strike+1","Dagger Spray+1"],"picked":"PiercingWail","floor":31}],"player_experience":136386,"relics_obtained":[{"floor":9,"key":"Orichalcum"},{"floor":20,"key":"Red Mask"},{"floor":26,"key":"MawBank"},{"floor":27,"key":"Sundial"},{"floor":28,"key":"Molten Egg 2"}],"event_choices":[{"cards_removed":["Strike_G"],"damage_healed":0,"gold_gain":0,"player_choice":"Card Removal","damage_taken":7,"max_hp_gain":0,"max_hp_loss":0,"event_name":"Golden Wing","floor":3,"gold_loss":0},{"damage_healed":0,"gold_gain":0,"player_choice":"Ignored","damage_taken":0,"max_hp_gain":0,"max_hp_loss":0,"event_name":"Shining Light","floor":4,"gold_loss":0},{"damage_healed":0,"gold_gain":0,"player_choice":"Fought Bandits","damage_taken":0,"max_hp_gain":0,"max_hp_loss":0,"event_name":"Masked Bandits","floor":20,"gold_loss":0},{"damage_healed":0,"gold_gain":0,"player_choice":"Opened","damage_taken":0,"relics_obtained":["Boot"],"max_hp_gain":0,"max_hp_loss":0,"event_name":"The Mausoleum","floor":22,"gold_loss":0},{"damage_healed":0,"gold_gain":200,"player_choice":"Gold","damage_taken":0,"max_hp_gain":0,"max_hp_loss":0,"event_name":"Wheel of Change","floor":29,"gold_loss":0}],"is_beta":false,"boss_relics":[{"not_picked":["White Beast Statue","Busted Crown"],"picked":"Pandora\u0027s Box"}],"items_purged_floors":[],"is_endless":false,"potions_floor_spawned":[2,10,14,16,20,24,30,31],"killed_by":"Champ","ascension_level":0}