{"gold_per_floor":[218,56,56,66,85,85,117,117,117,66,66,81,81,98,98,175,175,192,35,47,66,116,116,149,165,188,208,208,208,224,239,239,239],"floor_reached":33,"playtime":1054,"items_purged":[],"score":538,"play_id":"c6c764d7-d9f1-44a5-abe2-2e134b74d110","local_time":"20190623225807","is_ascension_mode":true,"campfire_choices":[{"data":"Glacier","floor":6,"key":"SMITH"},{"floor":8,"key":"REST"},{"data":"Electrodynamics","floor":13,"key":"SMITH"},{"data":"Dualcast","floor":15,"key":"SMITH"},{"floor":23,"key":"REST"},{"floor":29,"key":"REST"},{"floor":32,"key":"REST"}],"neow_cost":"NONE","seed_source_timestamp":144252361311000,"circlet_count":0,"master_deck":["AscendersBane","Strike_B","Strike_B","Defend_B","Defend_B","Defend_B","Zap","Dualcast+1","Glacier+1","Electrodynamics+1","Ball Lightning","Cold Snap","Core Surge","Fission+1","All For One+1","Undo+1","Gash","Go for the Eyes","Undo+1","All For One","Cold Snap","White Noise","Defragment"],"relics":["Cracked Core","Ancient Tea Set","Darkstone Periapt","Question Card","Astrolabe","DataDisk","Singing Bowl","Vajra","Centennial Puzzle"],"potions_floor_usage":[7,16,16,18,27,33,33],"damage_taken":[{"damage":9,"enemies":"Jaw Worm","floor":1,"turns":4},{"damage":0,"enemies":"Small Slimes","floor":4,"turns":3},{"damage":0,"enemies":"Cultist","floor":5,"turns":4},{"damage":24,"enemies":"Gremlin Nob","floor":7,"turns":4},{"damage":8,"enemies":"Large Slime","floor":12,"turns":5},{"damage":4,"enemies":"Red Slaver","floor":14,"turns":2},{"damage":37,"enemies":"Hexaghost","floor":16,"turns":9},{"damage":20,"enemies":"2 Thieves","floor":18,"turns":3},{"damage":0,"enemies":"Chosen","floor":20,"turns":3},{"damage":11,"enemies":"Sentry and Sphere","floor":21,"turns":4},{"damage":10,"enemies":"Gremlin Leader","floor":24,"turns":5},{"damage":0,"enemies":"Centurion and Healer","floor":25,"turns":4},{"damage":26,"enemies":"Shelled Parasite and Fungi","floor":27,"turns":5},{"damage":3,"enemies":"Snake Plant","floor":30,"turns":3},{"damage":11,"enemies":"Centurion and Healer","floor":31,"turns":6},{"damage":54,"enemies":"Automaton","floor":33,"turns":6}],"seed_played":"-5050048469028381405","potions_obtained":[{"floor":1,"key":"AttackPotion"},{"floor":5,"key":"Ancient Potion"},{"floor":7,"key":"PowerPotion"},{"floor":16,"key":"AttackPotion"},{"floor":18,"key":"Explosive Potion"},{"floor":27,"key":"FocusPotion"},{"floor":30,"key":"PowerPotion"}],"is_trial":false,"path_per_floor":["M","$","?","M","M","R","E","R","T","?","?","M","R","M","R","B",null,"M","$","M","M","?","R","E","M","T","M","?","R","M","M","R","B"],"character_chosen":"DEFECT","items_purchased":["Ancient Tea Set","DataDisk"],"campfire_rested":4,"item_purchase_floors":[2,19],"current_hp_per_floor":[55,55,60,60,60,60,36,58,58,58,58,50,50,46,46,9,59,39,39,39,28,28,50,40,40,40,14,14,36,35,24,47,0],"gold":239,"neow_bonus":"HUNDRED_GOLD","is_prod":false,"is_daily":false,"chose_seed":false,"campfire_upgraded":3,"win_rate":0,"timestamp":1561301887,"path_taken":["M","$","?","M","M","R","E","R","T","?","?","M","R","M","R","BOSS","M","$","M","M","?","R","E","M","T","M","?","R","?","M","R","BOSS"],"build_version":"2019-01-23","purchased_purges":0,"victory":false,"max_hp_per_floor":[71,71,76,76,76,76,76,76,76,76,76,76,76,76,76,76,76,76,76,76,76,76,76,76,76,76,76,76,76,78,78,78,78],"card_choices":[{"not_picked":["Stack","Darkness"],"picked":"Glacier","floor":1},{"not_picked":["Redo","Leap","Force Field"],"picked":"SKIP","floor":4},{"not_picked":["Doom and Gloom","Compile Driver"],"picked":"Electrodynamics","floor":5},{"not_picked":["Conserve Battery","Sweeping Beam","Fusion"],"picked":"SKIP","floor":7},{"not_picked":["Steam","Conserve Battery","Turbo"],"picked":"Ball Lightning","floor":12},{"not_picked":["Compile Driver","Consume","Sweeping Beam"],"picked":"Cold Snap","floor":14},{"not_picked":["Meteor Strike","Amplify","Hyperbeam"],"picked":"Core Surge","floor":16},{"not_picked":["Conserve Battery","Beam Cell+1","Sweeping Beam"],"picked":"Gash","floor":18},{"not_picked":["Compile Driver","Scrape","Static Discharge"],"picked":"Go for the Eyes","floor":20},{"not_picked":["Darkness","Sweeping Beam","Turbo"],"picked":"Undo+1","floor":21},{"not_picked":["Gash","Conserve Battery","Core Surge"],"picked":"All For One","floor":24},{"not_picked":["Double Energy","Heatsinks","Redo"],"picked":"Cold Snap","floor":25},{"not_picked":["Undo","Ball Lightning","Reinforced Body"],"picked":"White Noise","floor":27},{"not_picked":["Redo","Rebound","Turbo+1","Storm"],"picked":"Singing Bowl","floor":30},{"not_picked":["Turbo","Stack","Thunder Strike"],"picked":"Defragment","floor":31}],"player_experience":728987,"relics_obtained":[{"floor":7,"key":"Darkstone Periapt"},{"floor":9,"key":"Question Card"},{"floor":24,"key":"Singing Bowl"},{"floor":26,"key":"Vajra"},{"floor":28,"key":"Centennial Puzzle"}],"event_choices":[{"damage_healed":0,"gold_gain":0,"player_choice":"Donut","damage_taken":0,"max_hp_gain":5,"max_hp_loss":0,"event_name":"Big Fish","floor":3,"gold_loss":0},{"damage_healed":0,"gold_gain":0,"player_choice":"Left Gold","damage_taken":0,"max_hp_gain":0,"max_hp_loss":0,"event_name":"World of Goop","floor":10,"gold_loss":51},{"damage_healed":0,"gold_gain":0,"player_choice":"Ignored","damage_taken":0,"max_hp_gain":0,"max_hp_loss":0,"event_name":"Golden Idol","floor":11,"gold_loss":0},{"damage_healed":0,"gold_gain":50,"player_choice":"Stole From Cult","damage_taken":0,"max_hp_gain":0,"max_hp_loss":0,"event_name":"Nest","floor":22,"gold_loss":0},{"damage_healed":0,"gold_gain":0,"player_choice":"Relic","damage_taken":0,"max_hp_gain":0,"max_hp_loss":0,"event_name":"Wheel of Change","floor":28,"gold_loss":0}],"is_beta":false,"boss_relics":[{"not_picked":["Black Star","Busted Crown"],"picked":"Astrolabe"}],"items_purged_floors":[],"is_endless":false,"potions_floor_spawned":[1,5,7,14,16,18,27,30],"killed_by":"Automaton","ascension_level":20}