{"gold_per_floor":[217,233,19,119,82,108,21,33,33,33,33,47,47,47,47,47],"floor_reached":16,"playtime":505,"items_purged":[],"score":152,"play_id":"34298b2f-8523-4c46-a87e-b5234b4cd2b5","local_time":"20190623124820","is_ascension_mode":true,"campfire_choices":[{"data":"Bash","floor":11,"key":"SMITH"},{"data":"Transmutation","floor":15,"key":"SMITH"}],"neow_cost":"NONE","seed_source_timestamp":847363468652793,"circlet_count":0,"master_deck":["AscendersBane","Strike_R","Strike_R","Strike_R","Strike_R","Strike_R","Defend_R","Defend_R","Defend_R","Defend_R","Bash+1","True Grit","Battle Trance","Transmutation+1","Whirlwind","Inflame","Seeing Red","Flame Barrier","Shrug It Off"],"relics":["Burning Blood","Potion Belt","Charon\u0027s Ashes","Matryoshka","Lantern","Anchor"],"potions_floor_usage":[16],"damage_taken":[{"damage":2,"enemies":"2 Louse","floor":1,"turns":3},{"damage":11,"enemies":"Cultist","floor":2,"turns":4},{"damage":30,"enemies":"Lagavulin","floor":6,"turns":7},{"damage":18,"enemies":"Jaw Worm","floor":8,"turns":4},{"damage":0,"enemies":"Lots of Slimes","floor":12,"turns":1},{"damage":44,"enemies":"Hexaghost","floor":16,"turns":16}],"seed_played":"5667674941837341952","potions_obtained":[{"floor":1,"key":"Energy Potion"}],"is_trial":false,"path_per_floor":["M","M","$","?","$","E","?","M","T","?","R","M","T","$","R","B"],"character_chosen":"IRONCLAD","items_purchased":["Transmutation","Whirlwind","Inflame"],"campfire_rested":0,"item_purchase_floors":[3,3,5],"current_hp_per_floor":[76,71,71,71,71,47,47,35,35,35,35,41,41,41,41,0],"gold":47,"neow_bonus":"HUNDRED_GOLD","is_prod":false,"is_daily":false,"chose_seed":false,"campfire_upgraded":2,"win_rate":0,"timestamp":1561258100,"path_taken":["M","M","$","?","?","E","?","?","T","?","R","M","?","?","R","BOSS"],"build_version":"2019-01-23","purchased_purges":0,"victory":false,"max_hp_per_floor":[80,80,80,80,80,80,80,80,80,80,80,80,80,80,80,80],"card_choices":[{"not_picked":["Entrench","Clash"],"picked":"True Grit","floor":1},{"not_picked":["Pommel Strike","Sword Boomerang"],"picked":"Battle Trance","floor":2},{"not_picked":["Dropkick","Battle Trance"],"picked":"Seeing Red","floor":6},{"not_picked":["Entrench","Dropkick"],"picked":"Flame Barrier","floor":8},{"not_picked":["Inflame","Fire Breathing"],"picked":"Shrug It Off","floor":12}],"player_experience":489909,"relics_obtained":[{"floor":6,"key":"Potion Belt"},{"floor":9,"key":"Matryoshka"},{"floor":13,"key":"Lantern"},{"floor":13,"key":"Anchor"}],"event_choices":[{"damage_healed":0,"gold_gain":100,"player_choice":"Pray","damage_taken":0,"max_hp_gain":0,"max_hp_loss":0,"event_name":"Golden Shrine","floor":4,"gold_loss":0},{"damage_healed":0,"gold_gain":0,"player_choice":"Paid Gold","damage_taken":0,"relics_obtained":["Charon\u0027s Ashes"],"max_hp_gain":0,"max_hp_loss":0,"event_name":"WeMeetAgain","floor":7,"gold_loss":87},{"damage_healed":0,"gold_gain":0,"player_choice":"Ignored","damage_taken":0,"max_hp_gain":0,"max_hp_loss":0,"event_name":"Golden Wing","floor":10,"gold_loss":0}],"is_beta":false,"boss_relics":[],"items_purged_floors":[],"is_endless":false,"potions_floor_spawned":[1],"killed_by":"Hexaghost","ascension_level":11}