{"path_per_floor":["M","M","M","?","M","R","E","M","T","$","M","T","R","?","R","B",null,"M","M","$","?","M","R","?","E","T","R","M","M","M"],"character_chosen":"IRONCLAD","items_purchased":["Headbutt","Twin Strike","Swift Strike"],"gold_per_floor":[111,131,149,149,169,169,204,218,268,92,104,131,131,81,81,186,186,200,220,14,14,31,31,31,63,63,63,75,92,112],"floor_reached":31,"campfire_rested":2,"playtime":2566,"current_hp_per_floor":[79,80,78,62,47,71,50,64,64,64,69,69,69,69,69,22,80,77,80,80,80,69,69,69,53,53,77,68,41,26],"items_purged":["Strike_R","Strike_R"],"gold":112,"score":259,"play_id":"b3956a2d-ce14-4905-8d9a-8cfe5923883d","is_prod":false,"is_daily":false,"is_ascension_mode":false,"campfire_upgraded":3,"path_taken":["M","M","M","?","M","R","E","M","T","$","M","?","R","?","R","BOSS","M","M","$","?","M","R","?","E","T","R","M","M","?","M"],"build_version":"2018-02-08-PROD1","purchased_purges":2,"victory":false,"master_deck":["Strike_R","Strike_R+1","Defend_R","Defend_R","Defend_R","Defend_R+1","Bash","Shrug It Off","Blood for Blood","Infernal Blade","Armaments","Searing Blow+2","Cleave","Headbutt","Twin Strike","Warcry","Feed+1","Cleave+1","Swift Strike","Infernal Blade","Flex","Shrug It Off+1","Clash","Thunderclap+1"],"max_hp_per_floor":[80,80,80,80,80,80,80,80,80,80,80,80,80,80,80,80,80,80,80,80,80,80,80,80,80,80,80,80,84,88],"relics":["Burning Blood","Bottled Flame","Ancient Tea Set","Prayer Wheel","Mark of Pain","Frozen Egg 2","Bird Faced Urn"],"card_choices":[{"not_picked":["Hemokinesis","Clash"],"picked":"Shrug It Off"},{"not_picked":["Seeing Red","Feel No Pain"],"picked":"Blood for Blood"},{"not_picked":["Body Slam","Flex"],"picked":"Infernal Blade"},{"not_picked":["Clothesline","Heavy Blade"],"picked":"Armaments"},{"not_picked":["Sword Boomerang","Warcry"],"picked":"Searing Blow"},{"not_picked":["Warcry","Sever Soul"],"picked":"Cleave"},{"not_picked":["True Grit","Power Through"],"picked":"Warcry"},{"not_picked":["Dark Embrace","Bludgeon"],"picked":"Feed"},{"not_picked":["Shrug It Off","Thunderclap"],"picked":"Cleave"},{"not_picked":["Infernal Blade","Heavy Blade"],"picked":"Flex"},{"not_picked":["Armaments","Feel No Pain"],"picked":"Shrug It Off"},{"not_picked":["Iron Wave","Shrug It Off"],"picked":"Clash"},{"not_picked":["Rupture","Sever Soul"],"picked":"Thunderclap"}],"player_experience":105517,"potions_floor_usage":[16,29],"damage_taken":[{"damage":7.0,"enemies":"Cultist","floor":1.0,"turns":6.0},{"damage":2.0,"enemies":"Small Slimes","floor":2.0,"turns":5.0},{"damage":8.0,"enemies":"2 Louse","floor":3.0,"turns":2.0},{"damage":21.0,"enemies":"Exordium Thugs","floor":5.0,"turns":6.0},{"damage":27.0,"enemies":"3 Sentries","floor":7.0,"turns":9.0},{"damage":1,"enemies":"3 Louse","floor":8,"turns":6},{"damage":1,"enemies":"2 Fungi Beasts","floor":11,"turns":3},{"damage":53,"enemies":"Slime Boss","floor":16,"turns":11},{"damage":9,"enemies":"2 Thieves","floor":18,"turns":4},{"damage":0,"enemies":"Chosen","floor":19,"turns":3},{"damage":17,"enemies":"Centurion and Healer","floor":22,"turns":6},{"damage":22,"enemies":"Gremlin Leader","floor":25,"turns":8},{"damage":15,"enemies":"Snake Plant","floor":28,"turns":3},{"damage":37,"enemies":"Chosen and Byrds","floor":29,"turns":7},{"damage":29,"enemies":"Snecko","floor":30,"turns":5},{"damage":26,"enemies":"Snake Plant","floor":31,"turns":3}],"event_choices":[{"event_name":"Shining Light","player_choice":"Entered Light","floor":4.0,"damage_taken":0.0},{"event_name":"The Cleric","player_choice":"Card Removal","floor":14,"damage_taken":0},{"event_name":"The Library","player_choice":"Read","floor":21,"damage_taken":0},{"event_name":"Drug Dealer","player_choice":"Ignored","floor":24,"damage_taken":0}],"boss_relics":[{"not_picked":["Runic Dome","Runic Cube"],"picked":"Mark of Pain"}],"potions_floor_spawned":[2,3,11,16,19,28],"seed_played":"-6035362209594501200","killed_by":"Snake Plant","ascension_level":0,"is_trial":false}