{"gold_per_floor":[112,112,125,145,161,196,196,231,231,256,268,299,309,326,326,430,430,444,200,299,315,9,37,37],"floor_reached":24,"playtime":1749,"items_purged":[],"score":260,"play_id":"c41d688b-dd99-4f8b-8f36-46c151c83653","local_time":"20190330155411","is_ascension_mode":true,"campfire_choices":[{"floor":7,"key":"REST"},{"floor":15,"key":"REST"}],"neow_cost":"NONE","seed_source_timestamp":765885579443028,"circlet_count":0,"master_deck":["Strike_B","Strike_B","Strike_B","Strike_B","Defend_B","Defend_B","Defend_B","Defend_B","Zap","Dualcast","Sweeping Beam","Conserve Battery","Buffer","Streamline","Sunder","Glacier","Genetic Algorithm","Multi-Cast","White Noise+1","Ball Lightning+1"],"relics":["Fusion Hammer","Centennial Puzzle","Happy Flower","Boot","Letter Opener","Vajra","Sozu","Molten Egg 2","Prayer Wheel","Gremlin Horn"],"potions_floor_usage":[6,6,23],"damage_taken":[{"damage":1,"enemies":"Jaw Worm","floor":1,"turns":4},{"damage":0,"enemies":"2 Louse","floor":3,"turns":2},{"damage":0,"enemies":"Small Slimes","floor":4,"turns":3},{"damage":0,"enemies":"Looter","floor":5,"turns":3},{"damage":26,"enemies":"Lagavulin","floor":6,"turns":7},{"damage":19,"enemies":"Gremlin Nob","floor":8,"turns":5},{"damage":26,"enemies":"Lagavulin","floor":10,"turns":10},{"damage":0,"enemies":"Blue Slaver","floor":11,"turns":3},{"damage":2,"enemies":"3 Sentries","floor":12,"turns":3},{"damage":0,"enemies":"Lots of Slimes","floor":13,"turns":3},{"damage":0,"enemies":"Looter","floor":14,"turns":3},{"damage":28,"enemies":"The Guardian","floor":16,"turns":11},{"damage":14,"enemies":"2 Thieves","floor":18,"turns":5},{"damage":10,"enemies":"Chosen","floor":21,"turns":3},{"damage":46,"enemies":"Gremlin Leader","floor":23,"turns":9},{"damage":7,"enemies":"Colosseum Slavers","floor":24,"turns":1}],"seed_played":"2676176351907701366","potions_obtained":[{"floor":1,"key":"Weak Potion"},{"floor":4,"key":"Swift Potion"},{"floor":10,"key":"EssenceOfSteel"},{"floor":12,"key":"Ancient Potion"},{"floor":13,"key":"SpeedPotion"}],"is_trial":false,"path_per_floor":["M","?","M","M","M","E","R","E","T","E","M","E","M","M","R","B",null,"M","$","?","M","$","E","?"],"character_chosen":"DEFECT","items_purchased":["Molten Egg 2","Prayer Wheel"],"campfire_rested":2,"item_purchase_floors":[19,22],"current_hp_per_floor":[74,74,74,74,74,48,70,51,51,25,25,23,23,23,45,17,75,61,61,61,51,51,5,0],"gold":37,"neow_bonus":"BOSS_RELIC","is_prod":false,"is_daily":false,"chose_seed":false,"campfire_upgraded":0,"win_rate":0,"timestamp":1553921651,"path_taken":["M","?","M","M","M","E","R","E","T","E","M","E","M","M","R","BOSS","M","$","?","M","$","E","?"],"build_version":"2019-01-23","purchased_purges":0,"victory":false,"max_hp_per_floor":[75,75,75,75,75,75,75,75,75,75,75,75,75,75,75,75,75,75,75,75,75,75,75,75],"card_choices":[{"not_picked":["Loop","Go for the Eyes"],"picked":"Sweeping Beam","floor":1},{"not_picked":["Cold Snap","Rebound"],"picked":"Conserve Battery","floor":3},{"not_picked":["Doom and Gloom","Reprogram","Scrape"],"picked":"SKIP","floor":4},{"not_picked":["Turbo","Stack","FTL"],"picked":"SKIP","floor":5},{"not_picked":["Steam","Reboot"],"picked":"Buffer","floor":6},{"not_picked":["Cold Snap","Turbo","Steam"],"picked":"SKIP","floor":8},{"not_picked":["Multi-Cast","Hello World"],"picked":"Streamline","floor":10},{"not_picked":["Stack","Turbo"],"picked":"Sunder","floor":11},{"not_picked":["Sweeping Beam","Gash","Chaos"],"picked":"SKIP","floor":12},{"not_picked":["Coolheaded","Chill"],"picked":"Glacier","floor":13},{"not_picked":["Streamline","Hologram"],"picked":"Genetic Algorithm","floor":14},{"not_picked":["Fission","Seek"],"picked":"Multi-Cast","floor":16},{"not_picked":["Stack+1","Leap","Barrage"],"picked":"SKIP","floor":18},{"not_picked":["Doom and Gloom+1","Loop"],"picked":"White Noise+1","floor":21},{"not_picked":["Coolheaded","Hologram"],"picked":"Ball Lightning+1","floor":23}],"player_experience":292021,"relics_obtained":[{"floor":6,"key":"Centennial Puzzle"},{"floor":8,"key":"Happy Flower"},{"floor":9,"key":"Boot"},{"floor":10,"key":"Letter Opener"},{"floor":12,"key":"Vajra"},{"floor":23,"key":"Gremlin Horn"}],"event_choices":[{"damage_healed":0,"gold_gain":0,"player_choice":"Ignored","damage_taken":0,"max_hp_gain":0,"max_hp_loss":0,"event_name":"Shining Light","floor":2,"gold_loss":0},{"damage_healed":0,"gold_gain":99,"player_choice":"Stole From Cult","damage_taken":0,"max_hp_gain":0,"max_hp_loss":0,"event_name":"Nest","floor":20,"gold_loss":0},{"damage_healed":0,"gold_gain":0,"player_choice":"Fight","damage_taken":0,"max_hp_gain":0,"max_hp_loss":0,"event_name":"Colosseum","floor":24,"gold_loss":0}],"is_beta":false,"boss_relics":[{"not_picked":["Black Star","Lizard Tail"],"picked":"Sozu"}],"items_purged_floors":[],"is_endless":false,"potions_floor_spawned":[1,4,10,12,13,14,21],"killed_by":"Colosseum Slavers","ascension_level":1}