{"gold_per_floor":[113,132,182,192,63,63,77,410,490,490,523,26,26,60,60,133,183,195,214,234,19,69,69,69],"floor_reached":24,"playtime":1180,"items_purged":["Strike_G"],"score":428,"play_id":"b37a474e-6a16-472f-8e0c-d0f31571d5e1","local_time":"20190624121908","is_ascension_mode":true,"campfire_choices":[{"data":"Neutralize","floor":6,"key":"SMITH"},{"floor":10,"key":"REST"},{"floor":13,"key":"REST"},{"floor":15,"key":"REST"},{"floor":23,"key":"REST"}],"neow_cost":"NONE","seed_source_timestamp":1067906966933172,"circlet_count":0,"master_deck":["AscendersBane","Defend_G","Defend_G","Defend_G","Defend_G","Defend_G","Strike_G","Strike_G","Strike_G","Strike_G","Survivor","Neutralize+1","Dagger Throw","Well Laid Plans","Dagger Throw","Cloak And Dagger","Predator","Bouncing Flask","Apotheosis","Blade Dance","Deadly Poison","Corpse Explosion+1","Dash","Well Laid Plans+1","Noxious Fumes","Master of Strategy"],"special_seed":0,"relics":["Ring of the Snake","Old Coin","Kunai","Snake Skull","Ornamental Fan","Centennial Puzzle","Tiny House","Lantern"],"potions_floor_usage":[8,8,24,24],"damage_taken":[{"damage":0.0,"enemies":"2 Louse","floor":1.0,"turns":3.0},{"damage":1.0,"enemies":"Cultist","floor":2.0,"turns":4.0},{"damage":0,"enemies":"Jaw Worm","floor":4,"turns":4},{"damage":4,"enemies":"3 Louse","floor":7,"turns":5},{"damage":10,"enemies":"3 Sentries","floor":8,"turns":7},{"damage":31,"enemies":"Lagavulin","floor":11,"turns":7},{"damage":8,"enemies":"3 Sentries","floor":14,"turns":9},{"damage":16,"enemies":"Hexaghost","floor":16,"turns":7},{"damage":8,"enemies":"Chosen","floor":18,"turns":4},{"damage":21,"enemies":"2 Thieves","floor":19,"turns":4},{"damage":34,"enemies":"Centurion and Healer","floor":20,"turns":6},{"damage":24,"enemies":"Gremlin Leader","floor":24,"turns":5}],"seed_played":"335666578262478269","potions_obtained":[{"floor":2.0,"key":"Explosive Potion"},{"floor":14,"key":"Explosive Potion"},{"floor":17,"key":"Fire Potion"},{"floor":20,"key":"SkillPotion"}],"is_trial":false,"path_per_floor":["M","M","?","M","$","R","M","E","T","R","E","$","R","E","R","B",null,"M","M","M","$","T","R","E"],"character_chosen":"THE_SILENT","items_purchased":["PowerPotion","Ornamental Fan","Apotheosis","Blade Dance","Master of Strategy"],"campfire_rested":4,"item_purchase_floors":[5,12,12,12,21],"current_hp_per_floor":[59,58,52,52,52,52,48,38,38,57,26,26,45,37,56,40,65,57,36,2,2,2,23,0],"gold":69,"neow_bonus":"THREE_CARDS","is_prod":false,"is_daily":false,"chose_seed":false,"campfire_upgraded":1,"win_rate":0,"timestamp":1561393148,"path_taken":["M","M","?","?","$","R","M","E","T","R","E","$","R","E","R","BOSS","M","?","?","?","?","R","E"],"build_version":"2019-01-23","purchased_purges":1,"victory":false,"max_hp_per_floor":[66,66,66,66,66,66,66,66,66,66,66,66,66,66,66,66,71,71,71,71,71,71,71,71],"card_choices":[{"not_picked":["Endless Agony","Backflip"],"picked":"Dagger Throw","floor":0.0},{"not_picked":["Blade Dance","Backflip"],"picked":"Well Laid Plans","floor":1.0},{"not_picked":["Riddle With Holes","Slice"],"picked":"Dagger Throw","floor":2.0},{"not_picked":["Setup","Deflect","Slice"],"picked":"SKIP","floor":4},{"not_picked":["Outmaneuver","Flying Knee"],"picked":"Cloak And Dagger","floor":7},{"not_picked":["Prepared","Bullet Time"],"picked":"Predator","floor":8},{"not_picked":["Poisoned Stab","Heel Hook"],"picked":"Bouncing Flask","floor":11},{"not_picked":["Blade Dance","Reflex"],"picked":"Deadly Poison","floor":14},{"not_picked":["Die Die Die","Night Terror"],"picked":"Corpse Explosion","floor":16},{"not_picked":["Prepared","Distraction"],"picked":"Dash","floor":17},{"not_picked":["Quick Slash","Dash"],"picked":"Well Laid Plans+1","floor":18},{"not_picked":["Choke+1","Calculated Gamble","Dagger Throw"],"picked":"SKIP","floor":19},{"not_picked":["Quick Slash","Cloak And Dagger"],"picked":"Noxious Fumes","floor":20}],"player_experience":890814,"relics_obtained":[{"floor":8,"key":"Old Coin"},{"floor":9,"key":"Kunai"},{"floor":11,"key":"Snake Skull"},{"floor":14,"key":"Centennial Puzzle"},{"floor":22,"key":"Lantern"}],"event_choices":[{"damage_healed":0,"gold_gain":50,"player_choice":"Touch","damage_taken":6,"max_hp_gain":0,"max_hp_loss":0,"event_name":"FaceTrader","floor":3,"gold_loss":0}],"is_beta":false,"boss_relics":[{"not_picked":["Busted Crown","Empty Cage"],"picked":"Tiny House"}],"items_purged_floors":[5],"is_endless":false,"potions_floor_spawned":[2,7,14,20],"killed_by":"Gremlin Leader","ascension_level":20}