{"gold_per_floor":[117,117,117,67,67,100,100,125,170,205,205,221,231,231,231,310,310,324,334,72,72],"floor_reached":21,"playtime":628,"items_purged":[],"score":490,"play_id":"4029777a-25ae-49cd-b7ea-619cc905c1f8","local_time":"20190624235724","is_ascension_mode":true,"campfire_choices":[{"data":"Dualcast","floor":7.0,"key":"SMITH"},{"floor":11.0,"key":"REST"},{"floor":15.0,"key":"REST"}],"neow_cost":"NONE","seed_source_timestamp":234622349099700,"circlet_count":0,"master_deck":["AscendersBane","Strike_B","Strike_B","Strike_B","Strike_B","Defend_B+1","Defend_B+1","Defend_B","Defend_B+1","Zap","Dualcast+1","Rainbow","Coolheaded+1","Genetic Algorithm","Hologram","Undo","Reboot","Hologram"],"special_seed":0,"relics":["Cracked Core","NeowsBlessing","Bag of Marbles","Art of War","War Paint","Pear","CultistMask","Snecko Eye","Mummified Hand"],"potions_floor_usage":[],"damage_taken":[{"damage":0.0,"enemies":"2 Louse","floor":1.0,"turns":1.0},{"damage":0.0,"enemies":"3 Sentries","floor":6.0,"turns":1.0},{"damage":0.0,"enemies":"Lagavulin","floor":8.0,"turns":1.0},{"damage":34.0,"enemies":"3 Sentries","floor":10.0,"turns":10.0},{"damage":0.0,"enemies":"Jaw Worm","floor":12.0,"turns":4.0},{"damage":4.0,"enemies":"Small Slimes","floor":13.0,"turns":3.0},{"damage":52.0,"enemies":"Slime Boss","floor":16.0,"turns":11.0},{"damage":13,"enemies":"Spheric Guardian","floor":18,"turns":7},{"damage":25,"enemies":"Shell Parasite","floor":19,"turns":7},{"damage":35,"enemies":"Cultist and Chosen","floor":21,"turns":3}],"seed_played":"-8189921703447783870","potions_obtained":[{"floor":10.0,"key":"Strength Potion"},{"floor":12.0,"key":"SmokeBomb"},{"floor":16.0,"key":"FearPotion"},{"floor":19,"key":"Ancient Potion"}],"is_trial":false,"path_per_floor":["M","?","$","?","$","E","R","E","T","E","R","M","M","?","R","B",null,"M","M","$","M"],"character_chosen":"DEFECT","items_purchased":["Mummified Hand"],"campfire_rested":2,"item_purchase_floors":[20],"current_hp_per_floor":[64,43,43,43,43,43,43,43,43,19,43,43,39,39,63,11,64,51,26,26,0],"gold":72,"neow_bonus":"THREE_ENEMY_KILL","is_prod":false,"is_daily":false,"chose_seed":false,"campfire_upgraded":1,"win_rate":0,"timestamp":1561391844,"path_taken":["M","?","$","?","?","E","R","E","T","E","R","M","M","?","R","BOSS","M","M","$","M"],"build_version":"2019-01-23","purchased_purges":0,"victory":false,"max_hp_per_floor":[71,71,71,71,71,71,71,71,71,81,81,81,81,81,81,81,81,81,81,81,81],"card_choices":[{"not_picked":["Conserve Battery","Aggregate","Storm"],"picked":"SKIP","floor":1.0},{"not_picked":["Tempest","Double Energy"],"picked":"Rainbow","floor":6.0},{"not_picked":["Blizzard","Compile Driver"],"picked":"Coolheaded","floor":8.0},{"not_picked":["Compile Driver","FTL"],"picked":"Genetic Algorithm","floor":10.0},{"not_picked":["Steam","Rip and Tear"],"picked":"Hologram","floor":12.0},{"not_picked":["Force Field","Recycle"],"picked":"Undo","floor":13.0},{"not_picked":["Hyperbeam","Fission"],"picked":"Reboot","floor":16.0},{"not_picked":["Sweeping Beam","Redo","Beam Cell+1"],"picked":"SKIP","floor":18},{"not_picked":["Steam","Ball Lightning"],"picked":"Hologram","floor":19}],"player_experience":730289,"relics_obtained":[{"floor":6.0,"key":"Bag of Marbles"},{"floor":8.0,"key":"Art of War"},{"floor":9.0,"key":"War Paint"},{"floor":10.0,"key":"Pear"}],"event_choices":[{"damage_healed":0.0,"max_hp_gain":0.0,"max_hp_loss":0.0,"gold_gain":0.0,"event_name":"Shining Light","player_choice":"Entered Light","floor":2.0,"gold_loss":0.0,"damage_taken":21.0,"cards_upgraded":["Defend_B","Defend_B"]},{"damage_healed":0.0,"max_hp_gain":0.0,"max_hp_loss":0.0,"gold_gain":0.0,"event_name":"World of Goop","player_choice":"Left Gold","floor":4.0,"gold_loss":50.0,"damage_taken":0.0},{"damage_healed":0.0,"max_hp_gain":0.0,"max_hp_loss":0.0,"gold_gain":0.0,"event_name":"FaceTrader","player_choice":"Trade","floor":14.0,"gold_loss":0.0,"damage_taken":0.0,"relics_obtained":["CultistMask"]}],"is_beta":false,"boss_relics":[{"not_picked":["Busted Crown","Tiny House"],"picked":"Snecko Eye"}],"items_purged_floors":[],"is_endless":false,"potions_floor_spawned":[10,12,16,19],"killed_by":"Cultist and Chosen","ascension_level":20}