{"gold_per_floor":[113,133,148,160,16,50,50,82,105,116,116,150,15,15,15,15],"floor_reached":16,"playtime":996,"items_purged":["Strike_G"],"score":144,"play_id":"0b12b3b5-2ace-4527-a2c1-bfbaeb3821bd","local_time":"20190606004826","is_ascension_mode":true,"campfire_choices":[{"floor":7,"key":"REST"},{"floor":11,"key":"REST"},{"floor":15,"key":"REST"}],"neow_cost":"NONE","seed_source_timestamp":76364774995725,"circlet_count":0,"master_deck":["Defend_G","Defend_G","Defend_G","Defend_G","Defend_G","Strike_G","Strike_G","Strike_G","Strike_G","Survivor","Neutralize","Dagger Spray","After Image","Bane","Footwork","Backflip","Flying Knee","Venomology"],"relics":["Ring of the Snake","Snake Skull","Juzu Bracelet","Potion Belt","Blood Vial","Bag of Preparation"],"potions_floor_usage":[8,16,16,16],"damage_taken":[{"damage":2,"enemies":"Cultist","floor":1,"turns":4},{"damage":2,"enemies":"Small Slimes","floor":2,"turns":4},{"damage":8,"enemies":"Jaw Worm","floor":3,"turns":6},{"damage":9,"enemies":"Exordium Wildlife","floor":4,"turns":8},{"damage":30,"enemies":"3 Sentries","floor":6,"turns":12},{"damage":33,"enemies":"Lagavulin","floor":8,"turns":11},{"damage":0,"enemies":"Red Slaver","floor":10,"turns":6},{"damage":26,"enemies":"Gremlin Nob","floor":12,"turns":5},{"damage":38,"enemies":"Slime Boss","floor":16,"turns":12}],"seed_played":"7993199182689101274","potions_obtained":[{"floor":1,"key":"Block Potion"},{"floor":4,"key":"Dexterity Potion"},{"floor":12,"key":"Block Potion"},{"floor":14,"key":"GamblersBrew"},{"floor":14,"key":"GamblersBrew"},{"floor":14,"key":"Block Potion"}],"is_trial":false,"path_per_floor":["M","M","M","M","$","E","R","E","T","M","R","E","$","?","R","B"],"character_chosen":"THE_SILENT","items_purchased":["Footwork","Venomology"],"campfire_rested":3,"item_purchase_floors":[5,13],"current_hp_per_floor":[68,66,58,49,49,19,40,7,7,9,30,6,6,6,27,0],"gold":15,"neow_bonus":"RANDOM_COMMON_RELIC","is_prod":false,"is_daily":false,"chose_seed":false,"campfire_upgraded":0,"win_rate":0,"timestamp":1559796506,"path_taken":["M","M","M","?","?","E","R","E","T","M","R","E","$","?","R","BOSS"],"build_version":"2019-01-23","purchased_purges":1,"victory":false,"max_hp_per_floor":[70,70,70,70,70,70,70,70,70,70,70,70,70,70,70,70],"card_choices":[{"not_picked":["Eviscerate","Escape Plan","Outmaneuver"],"picked":"SKIP","floor":1},{"not_picked":["Blade Dance","Sucker Punch"],"picked":"Dagger Spray","floor":2},{"not_picked":["Outmaneuver","Dodge and Roll"],"picked":"After Image","floor":3},{"not_picked":["Leg Sweep","Slice"],"picked":"Bane","floor":4},{"not_picked":["Bane","Dagger Throw","Cloak And Dagger"],"picked":"SKIP","floor":6},{"not_picked":["Acrobatics","Outmaneuver"],"picked":"Backflip","floor":8},{"not_picked":["Prepared","Dagger Spray"],"picked":"Flying Knee","floor":10},{"not_picked":["Cloak And Dagger","Underhanded Strike","Calculated Gamble"],"picked":"SKIP","floor":12}],"player_experience":306771,"relics_obtained":[{"floor":6,"key":"Juzu Bracelet"},{"floor":8,"key":"Potion Belt"},{"floor":9,"key":"Blood Vial"},{"floor":12,"key":"Bag of Preparation"}],"event_choices":[{"damage_healed":0,"gold_gain":0,"player_choice":"Got Potions","damage_taken":0,"max_hp_gain":0,"max_hp_loss":0,"event_name":"Lab","floor":14,"gold_loss":0}],"is_beta":false,"boss_relics":[],"items_purged_floors":[5],"is_endless":false,"potions_floor_spawned":[1,4,12],"killed_by":"Slime Boss","ascension_level":4}