{"gold_per_floor":[119,119,119,133,143,143,169,169],"floor_reached":8,"playtime":575,"items_purged":[],"score":89,"play_id":"91d67d13-33d7-4f2f-ad01-97131b643f0e","local_time":"20190303114115","is_ascension_mode":true,"campfire_choices":[{"data":"Sword Boomerang","floor":6.0,"key":"SMITH"}],"neow_cost":"NONE","seed_source_timestamp":0,"circlet_count":0,"master_deck":["Strike_R","Strike_R","Strike_R","Strike_R","Strike_R","Defend_R","Defend_R","Defend_R","Defend_R","Bash+1","Regret","Sword Boomerang+1"],"special_seed":0,"relics":["Burning Blood","NeowsBlessing","Strawberry","Pear"],"potions_floor_usage":[],"damage_taken":[{"damage":0.0,"enemies":"Cultist","floor":1.0,"turns":1.0},{"damage":0.0,"enemies":"2 Louse","floor":4.0,"turns":1.0},{"damage":0.0,"enemies":"Small Slimes","floor":5.0,"turns":1.0},{"damage":61,"enemies":"Lagavulin","floor":7,"turns":7},{"damage":48,"enemies":"Exordium Wildlife","floor":8,"turns":4}],"seed_played":"-5408232198121979540","potions_obtained":[{"floor":5.0,"key":"Explosive Potion"},{"floor":7,"key":"SkillPotion"}],"is_trial":false,"path_per_floor":["M","?","?","M","M","R","E","M"],"character_chosen":"IRONCLAD","items_purchased":[],"campfire_rested":0,"item_purchase_floors":[],"current_hp_per_floor":[80,87,87,87,87,87,42,0],"gold":169,"neow_bonus":"THREE_ENEMY_KILL","is_prod":false,"is_daily":false,"chose_seed":false,"campfire_upgraded":1,"win_rate":0,"timestamp":1551573675,"path_taken":["M","?","?","?","M","R","E","M"],"build_version":"2019-01-23","purchased_purges":0,"victory":false,"max_hp_per_floor":[80,87,87,87,87,87,97,97],"card_choices":[{"not_picked":["Heavy Blade","Evolve","Havoc"],"picked":"SKIP","floor":1.0},{"not_picked":["Clothesline","Flex","Blood for Blood"],"picked":"SKIP","floor":4.0},{"not_picked":["Warcry","True Grit"],"picked":"Sword Boomerang","floor":5.0},{"not_picked":["Dark Embrace","Twin Strike","Clash"],"picked":"SKIP","floor":7}],"player_experience":210548,"relics_obtained":[{"floor":7,"key":"Pear"}],"event_choices":[{"damage_healed":0.0,"max_hp_gain":0.0,"max_hp_loss":0.0,"gold_gain":0.0,"event_name":"Big Fish","player_choice":"Box","floor":2.0,"gold_loss":0.0,"damage_taken":0.0,"relics_obtained":["Strawberry"],"cards_obtained":["Regret"]},{"damage_healed":0.0,"max_hp_gain":0.0,"max_hp_loss":0.0,"gold_gain":0.0,"event_name":"Accursed Blacksmith","player_choice":"Forge","floor":3.0,"gold_loss":0.0,"damage_taken":0.0,"cards_upgraded":["Bash"]}],"is_beta":false,"boss_relics":[],"items_purged_floors":[],"is_endless":false,"potions_floor_spawned":[5,7],"killed_by":"Exordium Wildlife","ascension_level":3}