{"gold_per_floor":[119,119,133,54,74,100,110,125,171,196,208,320,366,393,405,522,534,558,570,582,594,590,602,640,670,709,721,733,745,757],"floor_reached":30,"playtime":1485,"items_purged":[],"score":299,"play_id":"93872caf-eec2-46b0-9c89-dfea49d684ed","local_time":"20190603014528","is_ascension_mode":true,"campfire_choices":[{"floor":11,"key":"REST"},{"floor":15,"key":"REST"},{"data":"Defragment","floor":23,"key":"SMITH"},{"floor":27,"key":"REST"},{"floor":29,"key":"REST"}],"neow_cost":"NONE","seed_source_timestamp":49655457467082,"circlet_count":0,"master_deck":["Strike_B+1","Strike_B+1","Strike_B+1","Defend_B+1","Defend_B+1","Defend_B+1","Defend_B+1","Zap","Dualcast","Ball Lightning","Sweeping Beam","FTL","Leap","Seek","Rebound","Conserve Battery","Buffer","Buffer","Glacier","Defragment+1","Coolheaded+1"],"relics":["Cracked Core","NeowsBlessing","MawBank","Bottled Flame","Nuclear Battery","Nloth\u0027s Gift","Boot","Bag of Preparation"],"potions_floor_usage":[16,24,24],"damage_taken":[{"damage":0,"enemies":"Small Slimes","floor":1,"turns":1},{"damage":0,"enemies":"Cultist","floor":3,"turns":1},{"damage":0,"enemies":"2 Louse","floor":5,"turns":1},{"damage":27,"enemies":"3 Sentries","floor":6,"turns":8},{"damage":13,"enemies":"Large Slime","floor":7,"turns":4},{"damage":0,"enemies":"2 Fungi Beasts","floor":8,"turns":2},{"damage":10,"enemies":"Lots of Slimes","floor":10,"turns":2},{"damage":20,"enemies":"Lagavulin","floor":13,"turns":4},{"damage":4,"enemies":"Looter","floor":14,"turns":2},{"damage":19,"enemies":"The Guardian","floor":16,"turns":9},{"damage":7,"enemies":"Chosen","floor":18,"turns":4},{"damage":6,"enemies":"2 Thieves","floor":22,"turns":4},{"damage":36,"enemies":"Slavers","floor":24,"turns":7},{"damage":6,"enemies":"3 Cultists","floor":25,"turns":6},{"damage":59,"enemies":"Gremlin Leader","floor":30,"turns":9}],"seed_played":"3186480002757549853","potions_obtained":[{"floor":5,"key":"FearPotion"},{"floor":8,"key":"Dexterity Potion"},{"floor":10,"key":"FocusPotion"},{"floor":16,"key":"FearPotion"},{"floor":24,"key":"Ancient Potion"},{"floor":25,"key":"Dexterity Potion"}],"is_trial":false,"path_per_floor":["M","?","M","$","M","E","M","M","T","M","R","?","E","M","R","B",null,"M","?","?","?","M","R","E","M","T","R","?","R","E"],"character_chosen":"DEFECT","items_purchased":["FTL"],"campfire_rested":4,"item_purchase_floors":[4],"current_hp_per_floor":[75,75,75,75,75,48,35,35,35,25,47,47,27,23,45,26,75,68,68,54,54,48,48,12,6,6,30,30,54,0],"gold":757,"neow_bonus":"THREE_ENEMY_KILL","is_prod":false,"is_daily":false,"chose_seed":false,"campfire_upgraded":1,"win_rate":0,"timestamp":1559540728,"path_taken":["M","?","?","$","M","E","M","M","T","?","R","?","E","?","R","BOSS","M","?","?","?","?","R","E","M","T","R","?","R","E"],"build_version":"2019-01-23","purchased_purges":0,"victory":false,"max_hp_per_floor":[75,75,75,75,75,75,75,75,75,75,75,75,75,75,75,75,75,75,75,80,80,80,80,80,80,80,80,80,80,80],"card_choices":[{"not_picked":["Steam","Stack"],"picked":"Ball Lightning","floor":1},{"not_picked":["Ball Lightning","Steam"],"picked":"Sweeping Beam","floor":3},{"not_picked":["Turbo","Beam Cell"],"picked":"Leap","floor":5},{"not_picked":["Coolheaded","Rebound"],"picked":"Seek","floor":6},{"not_picked":["Blizzard","Leap"],"picked":"Rebound","floor":7},{"not_picked":["Sweeping Beam","Coolheaded"],"picked":"Conserve Battery","floor":8},{"not_picked":["Rebound","Ball Lightning","Turbo"],"picked":"SKIP","floor":10},{"not_picked":["Consume","Aggregate"],"picked":"Buffer","floor":13},{"not_picked":["Aggregate","Gash","Recycle"],"picked":"SKIP","floor":14},{"not_picked":["Reboot","Thunder Strike"],"picked":"Buffer","floor":16},{"not_picked":["Beam Cell+1","Cold Snap"],"picked":"Glacier","floor":18},{"not_picked":["Force Field+1","Rip and Tear+1"],"picked":"Defragment","floor":22},{"not_picked":["Steam","Fission"],"picked":"Coolheaded+1","floor":24},{"not_picked":["Stack","Streamline+1","Conserve Battery"],"picked":"SKIP","floor":25}],"player_experience":295960,"relics_obtained":[{"floor":6,"key":"Pocketwatch"},{"floor":9,"key":"MawBank"},{"floor":13,"key":"Bottled Flame"},{"floor":24,"key":"Boot"},{"floor":26,"key":"Bag of Preparation"}],"event_choices":[{"cards_removed":["Strike_B"],"damage_healed":0,"gold_gain":0,"player_choice":"Offered Basic","damage_taken":0,"max_hp_gain":0,"max_hp_loss":0,"event_name":"Bonfire Elementals","floor":2,"gold_loss":0},{"damage_healed":0,"gold_gain":100,"player_choice":"Gold","damage_taken":0,"max_hp_gain":0,"max_hp_loss":0,"event_name":"Wheel of Change","floor":12,"gold_loss":0},{"damage_healed":0,"gold_gain":0,"player_choice":"Simplicity","damage_taken":0,"max_hp_gain":0,"max_hp_loss":0,"event_name":"Back to Basics","floor":19,"gold_loss":0,"cards_upgraded":["Strike_B","Strike_B","Strike_B","Defend_B","Defend_B","Defend_B","Defend_B"]},{"damage_healed":0,"gold_gain":0,"player_choice":"Shed Blood","damage_taken":19,"max_hp_gain":5,"max_hp_loss":0,"event_name":"Forgotten Altar","floor":20,"gold_loss":0},{"damage_healed":0,"gold_gain":0,"player_choice":"Traded Relic","damage_taken":0,"relics_obtained":["Nloth\u0027s Gift"],"max_hp_gain":0,"max_hp_loss":0,"event_name":"N\u0027loth","floor":21,"relics_lost":["Pocketwatch"],"gold_loss":0},{"damage_healed":0,"gold_gain":0,"player_choice":"0 cards matched","damage_taken":0,"max_hp_gain":0,"max_hp_loss":0,"event_name":"Match and Keep!","floor":28,"gold_loss":0,"cards_obtained":[]}],"is_beta":false,"boss_relics":[{"not_picked":["Calling Bell","FrozenCore"],"picked":"Nuclear Battery"}],"items_purged_floors":[],"is_endless":false,"potions_floor_spawned":[5,8,10,13,16,24,25],"killed_by":"Gremlin Leader","ascension_level":3}