{"gold_per_floor":[118,118,118,131,147,147,172,172,202,231,231,231,231,243,243,243],"floor_reached":16,"playtime":1214,"items_purged":[],"score":108,"play_id":"091d0ee2-f7ee-4785-afb3-c1473b50d9a7","local_time":"20190321200649","is_ascension_mode":false,"campfire_choices":[{"data":"Neutralize","floor":6.0,"key":"SMITH"},{"floor":8.0,"key":"REST"},{"floor":11.0,"key":"REST"},{"data":"Deflect","floor":15.0,"key":"SMITH"}],"neow_cost":"NONE","seed_source_timestamp":0,"circlet_count":0,"master_deck":["Defend_G","Defend_G","Defend_G","Defend_G","Defend_G","Strike_G","Strike_G","Strike_G","Strike_G","Strike_G","Survivor","Neutralize+1","Backflip","Deflect+1"],"special_seed":0,"relics":["Ring of the Snake","Orichalcum","Meat on the Bone","Omamori","Tiny Chest","Dream Catcher"],"potions_floor_usage":[16,16],"damage_taken":[{"damage":5.0,"enemies":"Jaw Worm","floor":1.0,"turns":3.0},{"damage":0.0,"enemies":"2 Louse","floor":4.0,"turns":3.0},{"damage":0.0,"enemies":"Cultist","floor":5.0,"turns":4.0},{"damage":28.0,"enemies":"Gremlin Nob","floor":7.0,"turns":6.0},{"damage":22.0,"enemies":"3 Sentries","floor":10.0,"turns":14.0},{"damage":2.0,"enemies":"Looter","floor":14.0,"turns":4.0},{"damage":70,"enemies":"Slime Boss","floor":16,"turns":18}],"seed_played":"-6976217796384597215","potions_obtained":[{"floor":7.0,"key":"FearPotion"},{"floor":10.0,"key":"LiquidBronze"},{"floor":14.0,"key":"Dexterity Potion"}],"is_trial":false,"path_per_floor":["M","?","?","M","M","R","E","R","T","E","R","?","?","M","R","B"],"character_chosen":"THE_SILENT","items_purchased":[],"campfire_rested":2,"item_purchase_floors":[],"current_hp_per_floor":[65,65,53,53,53,53,37,58,58,36,57,57,57,55,55,0],"gold":243,"neow_bonus":"RANDOM_COMMON_RELIC","is_prod":false,"is_daily":false,"chose_seed":false,"campfire_upgraded":2,"win_rate":0,"timestamp":1553159209,"path_taken":["M","?","?","M","M","R","E","R","T","E","R","?","?","?","R","BOSS"],"build_version":"2019-01-23","purchased_purges":0,"victory":false,"max_hp_per_floor":[70,70,70,70,70,70,70,70,70,70,70,70,70,70,70,70],"card_choices":[{"not_picked":["Sucker Punch","PiercingWail","Predator"],"picked":"SKIP","floor":1.0},{"not_picked":["Dodge and Roll","Skewer","Flechettes"],"picked":"SKIP","floor":4.0},{"not_picked":["Crippling Poison","Skewer","Dagger Spray"],"picked":"SKIP","floor":5.0},{"not_picked":["Dagger Throw","Storm of Steel"],"picked":"Backflip","floor":7.0},{"not_picked":["Dagger Spray","Infinite Blades"],"picked":"Deflect","floor":10.0},{"not_picked":["Leg Sweep","Acrobatics","Tactician"],"picked":"SKIP","floor":14.0}],"player_experience":254472,"relics_obtained":[{"floor":7.0,"key":"Omamori"},{"floor":9.0,"key":"Tiny Chest"},{"floor":10.0,"key":"Dream Catcher"}],"event_choices":[{"damage_healed":0.0,"max_hp_gain":0.0,"max_hp_loss":0.0,"gold_gain":0.0,"event_name":"Shining Light","player_choice":"Ignored","floor":2.0,"gold_loss":0.0,"damage_taken":0.0},{"damage_healed":0.0,"max_hp_gain":0.0,"max_hp_loss":0.0,"gold_gain":0.0,"event_name":"Scrap Ooze","player_choice":"Success","floor":3.0,"gold_loss":0.0,"damage_taken":12.0,"relics_obtained":["Meat on the Bone"]},{"damage_healed":0.0,"max_hp_gain":0.0,"max_hp_loss":0.0,"gold_gain":0.0,"event_name":"Golden Wing","player_choice":"Ignored","floor":12.0,"gold_loss":0.0,"damage_taken":0.0},{"damage_healed":0.0,"max_hp_gain":0.0,"max_hp_loss":0.0,"gold_gain":0.0,"event_name":"Purifier","player_choice":"Ignored","floor":13.0,"gold_loss":0.0,"damage_taken":0.0}],"is_beta":false,"boss_relics":[],"items_purged_floors":[],"is_endless":false,"potions_floor_spawned":[7,10,14],"killed_by":"Slime Boss","ascension_level":0}