{"path_per_floor":["M","?","M","M","?","R","E","M","T","E","$","?","E","M","R","B",null,"M","M","M","$","?","E","R","E","T","E","$","E","?","E","R","B",null,"M","?","$","M","?","E","M","?","T","R","$","M","E","$","R","B"],"character_chosen":"IRONCLAD","items_purchased":["Girya","Finesse","Finesse","Master of Strategy"],"gold_per_floor":[112,112,128,140,315,315,345,361,439,473,89,89,118,130,130,234,234,246,260,276,69,69,96,96,121,167,197,103,133,133,168,168,268,268,280,326,5,24,24,53,67,67,138,138,18,38,68,68,68,68],"floor_reached":51,"campfire_rested":1,"playtime":5981,"current_hp_per_floor":[72,58,61,67,67,67,69,61,61,35,35,28,23,30,30,46,72,55,70,48,48,35,27,50,72,72,62,62,37,37,59,59,16,77,77,77,77,77,77,77,77,67,67,67,67,68,74,74,74,54],"items_purged":["Doubt","Strike_R","Defend_R","Strike_R"],"gold":68,"score":926,"play_id":"b5dae587-56ee-4cf2-850c-530b8b179126","local_time":"20180315210434","is_prod":false,"is_daily":false,"is_ascension_mode":true,"campfire_upgraded":1,"timestamp":1521162274,"path_taken":["M","?","M","M","?","R","E","M","T","E","?","?","E","M","R","BOSS","M","M","?","$","?","E","R","E","T","E","?","E","?","E","R","BOSS","M","?","$","M","?","E","M","?","T","R","$","M","E","$","R","BOSS"],"build_version":"2018-03-09","purchased_purges":4,"victory":true,"master_deck":["Strike_R","Defend_R+1","Defend_R+1","Defend_R+1","Bash+1","Headbutt","Flame Barrier","Headbutt","Spot Weakness+1","Reaper","Offering","Pommel Strike+1","Inflame","Shrug It Off","Finesse","Heavy Blade+1","Finesse","Bandage Up","Impervious","Double Tap","Warcry+1","Master of Strategy","Heavy Blade","Madness","Madness","Flex+1"],"max_hp_per_floor":[72,72,72,72,72,72,72,72,72,72,72,72,72,72,72,72,72,72,72,72,72,77,77,77,77,77,77,77,77,77,77,77,77,77,77,77,77,77,77,77,77,77,77,77,77,77,77,77,77,77],"relics":["Burning Blood","Torii","Dream Catcher","Centennial Puzzle","Gremlin Horn","Girya","War Paint","Sozu","Oddly Smooth Stone","Omamori","Bag of Marbles","Shovel","Dodecahedron","Orichalcum","Red Skull","Cursed Key","Dead Branch","Kunai","The Courier","Happy Flower"],"card_choices":[{"not_picked":["Twin Strike","Flex"],"picked":"Headbutt"},{"not_picked":["Warcry","Clothesline"],"picked":"Flame Barrier"},{"not_picked":["Sword Boomerang","Perfected Strike"],"picked":"Headbutt"},{"not_picked":["Twin Strike","Perfected Strike"],"picked":"Spot Weakness"},{"not_picked":["Pummel","Entrench"],"picked":"Reaper"},{"not_picked":["Brutality","Dark Embrace"],"picked":"Offering"},{"not_picked":["Twin Strike","Clothesline"],"picked":"Pommel Strike"},{"not_picked":["Entrench","Armaments"],"picked":"Inflame"},{"not_picked":["Heavy Blade","Perfected Strike"],"picked":"Shrug It Off"},{"not_picked":["Inflame","Fiend Fire"],"picked":"Heavy Blade"},{"not_picked":["Fiend Fire","Dark Embrace"],"picked":"Double Tap"},{"not_picked":["Rage","Flex"],"picked":"Warcry"},{"not_picked":["Cleave","Ghostly Armor"],"picked":"Heavy Blade"},{"not_picked":["Sword Boomerang","Power Through"],"picked":"Flex"}],"player_experience":182151,"potions_floor_usage":[7,10,16,16,50],"damage_taken":[{"damage":3,"enemies":"Small Slimes","floor":1,"turns":5},{"damage":3,"enemies":"Jaw Worm","floor":3,"turns":4},{"damage":0,"enemies":"2 Louse","floor":4,"turns":2},{"damage":4,"enemies":"3 Sentries","floor":7,"turns":13},{"damage":14,"enemies":"Lots of Slimes","floor":8,"turns":6},{"damage":32,"enemies":"Lagavulin","floor":10,"turns":11},{"damage":11,"enemies":"3 Sentries","floor":13,"turns":7},{"damage":3,"enemies":"Blue Slaver","floor":14,"turns":5},{"damage":3,"enemies":"Hexaghost","floor":16,"turns":9},{"damage":23,"enemies":"2 Thieves","floor":18,"turns":3},{"damage":4,"enemies":"Spheric Guardian","floor":19,"turns":3},{"damage":28,"enemies":"Snake Plant","floor":20,"turns":4},{"damage":30,"enemies":"Book of Stabbing","floor":23,"turns":7},{"damage":15,"enemies":"Slavers","floor":25,"turns":4},{"damage":16,"enemies":"Book of Stabbing","floor":27,"turns":3},{"damage":31,"enemies":"Gremlin Leader","floor":29,"turns":4},{"damage":10,"enemies":"Slavers","floor":31,"turns":6},{"damage":71,"enemies":"Automaton","floor":33,"turns":9},{"damage":1,"enemies":"3 Darklings","floor":35,"turns":3},{"damage":4,"enemies":"Mysterious Sphere","floor":36,"turns":4},{"damage":0,"enemies":"Orb Walker","floor":38,"turns":2},{"damage":4,"enemies":"2 Orb Walkers","floor":40,"turns":3},{"damage":4,"enemies":"Maw","floor":41,"turns":6},{"damage":5,"enemies":"3 Darklings","floor":46,"turns":2},{"damage":10,"enemies":"Giant Head","floor":47,"turns":3},{"damage":30,"enemies":"Donu and Deca","floor":50,"turns":6}],"event_choices":[{"event_name":"Shining Light","player_choice":"Entered Light","floor":2,"damage_taken":0},{"event_name":"Liars Game","player_choice":"agreed","floor":5,"damage_taken":0},{"event_name":"Golden Wing","player_choice":"Card Removal","floor":12,"damage_taken":0},{"event_name":"Forgotten Altar","player_choice":"Shed Blood","floor":22,"damage_taken":0},{"event_name":"Match and Keep!","player_choice":"2 cards matched","floor":30,"damage_taken":0},{"event_name":"Mysterious Sphere","player_choice":"Fight","floor":36,"damage_taken":0},{"event_name":"Winding Halls","player_choice":"Embrace Madness","floor":42,"damage_taken":0}],"boss_relics":[{"not_picked":["Lizard Tail","Black Blood"],"picked":"Sozu"},{"not_picked":["Velvet Choker","Philosopher\u0027s Stone"],"picked":"Cursed Key"}],"potions_floor_spawned":[3,4,10,13,16,19,20,23,29,31,40,47],"seed_played":"9029705099838322653","ascension_level":2,"is_trial":false}