{"gold_per_floor":[113,132,132,152,172,206,206,218,218,168,168,201,201,201,201,297,297,297,143,143,168,93,119,119,137,437,437,451,451],"floor_reached":29,"playtime":1333,"items_purged":["Decay"],"score":421,"play_id":"d47c2fcd-ca1f-496b-93b7-68831e379ed7","local_time":"20190609161841","is_ascension_mode":true,"campfire_choices":[{"floor":7,"key":"REST"},{"floor":13,"key":"REST"},{"floor":15,"key":"REST"},{"data":"Sunder","floor":24,"key":"SMITH"},{"floor":27,"key":"REST"}],"neow_cost":"NONE","seed_source_timestamp":0,"circlet_count":0,"master_deck":["Strike_B","Strike_B","Defend_B","Defend_B","Defend_B","Zap","Dualcast","Cold Snap","Darkness","Electrodynamics","Sunder+1","Rebound","Streamline","Conserve Battery","Ball Lightning","Seek","Thunder Strike+1","Machine Learning+1","Double Energy+1","Cold Snap","Sweeping Beam","Melter","Leap+1"],"special_seed":0,"relics":["Cracked Core","Blood Vial","Bag of Preparation","Bottled Flame","Sundial","Astrolabe","PreservedInsect","Red Mask","Blue Candle","Old Coin"],"potions_floor_usage":[18,23,29,29],"damage_taken":[{"damage":9,"enemies":"Jaw Worm","floor":1,"turns":4},{"damage":4,"enemies":"Cultist","floor":2,"turns":3},{"damage":4,"enemies":"2 Louse","floor":4,"turns":3},{"damage":7,"enemies":"2 Fungi Beasts","floor":5,"turns":2},{"damage":37,"enemies":"Lagavulin","floor":6,"turns":6},{"damage":10,"enemies":"Blue Slaver","floor":8,"turns":3},{"damage":27,"enemies":"Gremlin Nob","floor":12,"turns":4},{"damage":6,"enemies":"Slime Boss","floor":16,"turns":7},{"damage":0,"enemies":"Chosen","floor":18,"turns":1},{"damage":31,"enemies":"Masked Bandits","floor":21,"turns":3},{"damage":10,"enemies":"Gremlin Leader","floor":23,"turns":4},{"damage":9,"enemies":"Spheric Guardian","floor":25,"turns":3},{"damage":32,"enemies":"Shelled Parasite and Fungi","floor":28,"turns":4},{"damage":24,"enemies":"Snake Plant","floor":29,"turns":3}],"seed_played":"5042886022506649116","potions_obtained":[{"floor":4,"key":"SmokeBomb"},{"floor":6,"key":"Weak Potion"},{"floor":16,"key":"EntropicBrew"},{"floor":21,"key":"LiquidBronze"}],"is_trial":false,"path_per_floor":["M","M","?","M","M","E","R","M","T","$","$","E","R","?","R","B",null,"M","$","?","?","$","E","R","M","T","R","M","M"],"character_chosen":"DEFECT","items_purchased":["Conserve Battery","PreservedInsect"],"campfire_rested":4,"item_purchase_floors":[10,19],"current_hp_per_floor":[66,64,64,62,57,22,44,36,36,36,36,11,33,33,55,51,75,75,75,75,44,44,36,36,29,29,51,21,0],"gold":451,"neow_bonus":"RANDOM_COMMON_RELIC","is_prod":false,"is_daily":false,"chose_seed":false,"campfire_upgraded":1,"win_rate":0,"timestamp":1560061121,"path_taken":["M","M","?","?","M","E","R","M","T","?","$","E","R","?","R","BOSS","M","$","?","?","?","E","R","M","T","R","?","?"],"build_version":"2019-01-23","purchased_purges":1,"victory":false,"max_hp_per_floor":[75,75,75,75,75,75,75,75,75,75,75,75,75,75,75,75,75,75,75,75,75,75,75,75,75,75,75,75,75],"card_choices":[{"not_picked":["Hologram","Chill"],"picked":"Cold Snap","floor":1},{"not_picked":["Coolheaded","Hologram"],"picked":"Darkness","floor":2},{"not_picked":["Redo","Ball Lightning"],"picked":"Electrodynamics","floor":4},{"not_picked":["Stack","White Noise"],"picked":"Sunder","floor":5},{"not_picked":["Hologram","Turbo"],"picked":"Rebound","floor":6},{"not_picked":["Lockon","Go for the Eyes"],"picked":"Streamline","floor":8},{"not_picked":["Sweeping Beam","Lockon"],"picked":"Ball Lightning","floor":12},{"not_picked":["Hyperbeam","Reboot"],"picked":"Seek","floor":16},{"not_picked":["Rebound","Go for the Eyes+1"],"picked":"Cold Snap","floor":21},{"not_picked":["Force Field","Coolheaded"],"picked":"Sweeping Beam","floor":23},{"not_picked":["Steam","Reprogram"],"picked":"Melter","floor":25},{"not_picked":["Rebound","Streamline"],"picked":"Leap+1","floor":28}],"player_experience":440637,"relics_obtained":[{"floor":6,"key":"Bag of Preparation"},{"floor":9,"key":"Bottled Flame"},{"floor":12,"key":"Sundial"},{"floor":21,"key":"Red Mask"},{"floor":23,"key":"Blue Candle"},{"floor":26,"key":"Old Coin"}],"event_choices":[{"damage_healed":0,"gold_gain":0,"player_choice":"Ignored","damage_taken":0,"max_hp_gain":0,"max_hp_loss":0,"event_name":"Purifier","floor":3,"gold_loss":0},{"damage_healed":0,"gold_gain":0,"player_choice":"Searched \u00271\u0027 times","damage_taken":0,"max_hp_gain":0,"max_hp_loss":0,"event_name":"Dead Adventurer","floor":14,"gold_loss":0},{"damage_healed":0,"gold_gain":0,"player_choice":"Smashed Altar","damage_taken":0,"max_hp_gain":0,"max_hp_loss":0,"event_name":"Forgotten Altar","floor":20,"gold_loss":0,"cards_obtained":["Decay"]},{"damage_healed":0,"gold_gain":0,"player_choice":"Fought Bandits","damage_taken":0,"max_hp_gain":0,"max_hp_loss":0,"event_name":"Masked Bandits","floor":21,"gold_loss":0}],"is_beta":false,"boss_relics":[{"not_picked":["Coffee Dripper","Philosopher\u0027s Stone"],"picked":"Astrolabe"}],"items_purged_floors":[22],"is_endless":false,"potions_floor_spawned":[4,6,16,18,21],"killed_by":"Snake Plant","ascension_level":4}