{"path_per_floor":["M","M","M","M","M","R","M","R","T","M","R","?","?","M","R","B",null,"M","M","M","?","$","R"],"character_chosen":"THE_SILENT","items_purchased":["Deadly Poison","Mind Blast","Enlightenment","Outmaneuver"],"gold_per_floor":[114,132,148,159,170,170,185,185,185,198,198,228,228,248,248,345,345,358,377,393,393,31,31],"floor_reached":24,"campfire_rested":3,"playtime":1780,"current_hp_per_floor":[64,64,64,62,48,69,69,69,69,68,68,68,68,54,70,42,70,69,38,11,11,11,32],"items_purged":[],"gold":31,"play_id":"b086e703-f0ae-4e11-ae7f-9a6dc59e25e0","is_prod":false,"is_daily":false,"is_ascension_mode":false,"campfire_upgraded":2,"path_taken":["M","M","M","M","?","R","M","R","T","M","R","?","?","M","R","BOSS","M","M","M","?","$","R","M"],"build_version":"2018-02-01-PROD3","purchased_purges":0,"victory":false,"master_deck":["Defend_G","Defend_G","Defend_G","Defend_G","Strike_G","Strike_G","Strike_G","Survivor","Neutralize","Distraction+1","Caltrops+1","Poisoned Stab+1","Flying Knee","Backstab+1","Tools of the Trade","Blur+1","Quick Slash","Bane","Blade Dance+1","Dagger Spray","Unload","Backstab","Skewer","Heel Hook","Decay","Deadly Poison","Mind Blast","Enlightenment","Outmaneuver"],"max_hp_per_floor":[70,70,70,70,70,70,70,70,70,70,70,70,70,70,70,70,70,70,70,70,70,70,70],"relics":["Astrolabe","Bronze Scales","Frozen Egg 2","Runic Pyramid"],"card_choices":[{"not_picked":["Finisher","Quick Slash"],"picked":"Flying Knee"},{"not_picked":["Flying Knee","Flechettes"],"picked":"Backstab"},{"not_picked":["Flying Knee","Backflip"],"picked":"Tools of the Trade"},{"not_picked":["Choke","Acrobatics"],"picked":"Blur"},{"not_picked":["Predator","Dodge and Roll"],"picked":"Quick Slash"},{"not_picked":["Dagger Spray","Footwork"],"picked":"Bane"},{"not_picked":["Deflect","Acrobatics"],"picked":"Blade Dance"},{"not_picked":["Crippling Poison","PiercingWail"],"picked":"Dagger Spray"},{"not_picked":["A Thousand Cuts","Night Terror"],"picked":"Unload"},{"not_picked":["Predator","Bane"],"picked":"Backstab"},{"not_picked":["Backflip","Bane"],"picked":"Skewer"},{"not_picked":["Poisoned Stab","Outmaneuver"],"picked":"Heel Hook"}],"player_experience":28246,"potions_floor_usage":[],"damage_taken":[{"damage":6,"enemies":"Blue Slaver","floor":1,"turns":3},{"damage":0,"enemies":"Small Slimes","floor":2,"turns":3},{"damage":0,"enemies":"2 Louse","floor":3,"turns":3},{"damage":2,"enemies":"Looter","floor":4,"turns":3},{"damage":14,"enemies":"Gremlin Gang","floor":5,"turns":4},{"damage":0,"enemies":"Red Slaver","floor":7,"turns":3},{"damage":1,"enemies":"2 Fungi Beasts","floor":10,"turns":3},{"damage":14,"enemies":"3 Louse","floor":14,"turns":2},{"damage":28,"enemies":"The Guardian","floor":16,"turns":8},{"damage":1,"enemies":"3 Byrds","floor":18,"turns":4},{"damage":31,"enemies":"2 Thieves","floor":19,"turns":4},{"damage":27,"enemies":"3 Cultists","floor":20,"turns":5},{"damage":37,"enemies":"Centurion and Healer","floor":24,"turns":6}],"event_choices":[{"event_name":"Dead Adventurer","player_choice":"Searched \u00272\u0027 times","floor":12,"damage_taken":0},{"event_name":"Accursed Blacksmith","player_choice":"Forge","floor":13,"damage_taken":0},{"event_name":"Forgotten Altar","player_choice":"Smashed Altar","floor":21,"damage_taken":0}],"boss_relics":[{"not_picked":["Philosopher\u0027s Stone","Question Card"],"picked":"Runic Pyramid"}],"potions_floor_spawned":[1,3,5,16,18],"seed_played":"-3854320537407731997","killed_by":"Centurion and Healer","ascension_level":0,"is_trial":false}