{"gold_per_floor":[111,111,124,124,124,124,144,144,217,252,264,305,329,341],"floor_reached":14,"playtime":736,"items_purged":[],"score":103,"play_id":"8913039c-b3d4-4892-8ba1-0be123316aa2","local_time":"20190402203259","is_ascension_mode":true,"campfire_choices":[{"data":"Melter","floor":6,"key":"SMITH"},{"data":"Conserve Battery","floor":8,"key":"SMITH"},{"floor":11,"key":"REST"}],"neow_cost":"NONE","seed_source_timestamp":1042838580622963,"circlet_count":0,"master_deck":["Strike_B","Strike_B","Strike_B","Strike_B","Defend_B","Defend_B","Defend_B","Defend_B","Zap","Dualcast","Loop","Melter+1","Conserve Battery+1"],"relics":["Black Star","Mummified Hand","MawBank","Bottled Flame","Meat on the Bone","Pear"],"potions_floor_usage":[14],"damage_taken":[{"damage":0,"enemies":"2 Louse","floor":1,"turns":2},{"damage":1,"enemies":"Cultist","floor":3,"turns":4},{"damage":5,"enemies":"Small Slimes","floor":7,"turns":4},{"damage":39,"enemies":"3 Sentries","floor":10,"turns":9},{"damage":30,"enemies":"Lagavulin","floor":12,"turns":6},{"damage":10,"enemies":"3 Louse","floor":13,"turns":5},{"damage":34,"enemies":"Gremlin Nob","floor":14,"turns":5}],"seed_played":"-7967846575259859631","potions_obtained":[{"floor":3,"key":"AttackPotion"},{"floor":12,"key":"FocusPotion"},{"floor":13,"key":"FearPotion"}],"is_trial":false,"path_per_floor":["M","?","M","?","?","R","M","R","T","E","R","E","M","E"],"character_chosen":"DEFECT","items_purchased":[],"campfire_rested":1,"item_purchase_floors":[],"current_hp_per_floor":[75,75,74,74,74,74,69,69,69,30,52,32,34,0],"gold":341,"neow_bonus":"BOSS_RELIC","is_prod":false,"is_daily":false,"chose_seed":false,"campfire_upgraded":2,"win_rate":0,"timestamp":1554197579,"path_taken":["M","?","?","?","?","R","M","R","T","E","R","E","M","E"],"build_version":"2019-01-23","purchased_purges":0,"victory":false,"max_hp_per_floor":[75,75,75,75,75,75,75,75,75,75,75,85,85,85],"card_choices":[{"not_picked":["Cold Snap","Capacitor"],"picked":"Loop","floor":1},{"not_picked":["Loop","Turbo"],"picked":"Melter","floor":3},{"not_picked":["Beam Cell","Auto Shields"],"picked":"Conserve Battery","floor":7},{"not_picked":["Recycle","Melter","Turbo"],"picked":"SKIP","floor":10},{"not_picked":["Doom and Gloom","Aggregate","Fission"],"picked":"SKIP","floor":12},{"not_picked":["White Noise","Cold Snap","Steam Power"],"picked":"SKIP","floor":13}],"player_experience":305056,"relics_obtained":[{"floor":9,"key":"Mummified Hand"},{"floor":10,"key":"MawBank"},{"floor":10,"key":"Bottled Flame"},{"floor":12,"key":"Meat on the Bone"},{"floor":12,"key":"Pear"}],"event_choices":[{"damage_healed":0,"gold_gain":0,"player_choice":"Ignored","damage_taken":0,"max_hp_gain":0,"max_hp_loss":0,"event_name":"Purifier","floor":2,"gold_loss":0},{"damage_healed":0,"gold_gain":0,"player_choice":"Ignored","damage_taken":0,"max_hp_gain":0,"max_hp_loss":0,"event_name":"Shining Light","floor":4,"gold_loss":0},{"damage_healed":0,"gold_gain":0,"player_choice":"Ignored","damage_taken":0,"max_hp_gain":0,"max_hp_loss":0,"event_name":"Liars Game","floor":5,"gold_loss":0}],"is_beta":false,"boss_relics":[],"items_purged_floors":[],"is_endless":false,"potions_floor_spawned":[3,12,13],"killed_by":"Gremlin Nob","ascension_level":1}