{"gold_per_floor":[109,126,126,140,153,153,167,167,193,206,235,235,248,276,276,375,375,391,411,425,425,425,425],"floor_reached":23,"playtime":1937,"items_purged":[],"score":205,"play_id":"9217d3b4-fc53-490e-8050-a7bb9d756950","local_time":"20190623230404","is_ascension_mode":false,"campfire_choices":[{"data":"Hello World","floor":6,"key":"SMITH"},{"data":"Zap","floor":8,"key":"SMITH"},{"data":"Dualcast","floor":12,"key":"SMITH"},{"data":"Scrape","floor":15,"key":"SMITH"}],"neow_cost":"NONE","seed_source_timestamp":218136532787600,"circlet_count":0,"master_deck":["Strike_B","Strike_B","Strike_B","Strike_B","Defend_B","Defend_B","Defend_B","Defend_B","Zap+1","Dualcast+1","Barrage","Undo","Hello World+1","Barrage","FTL","Go for the Eyes","Scrape+1","Self Repair","Cold Snap","Biased Cognition","Lockon","Redo"],"relics":["Cracked Core","NeowsBlessing","Regal Pillow","Blood Vial","Boot","Busted Crown","MutagenicStrength"],"potions_floor_usage":[10,11,11,18,23,23],"damage_taken":[{"damage":0,"enemies":"Small Slimes","floor":1,"turns":1},{"damage":0,"enemies":"Cultist","floor":2,"turns":1},{"damage":0,"enemies":"2 Louse","floor":4,"turns":1},{"damage":5,"enemies":"Looter","floor":5,"turns":3},{"damage":0,"enemies":"Exordium Wildlife","floor":7,"turns":4},{"damage":5,"enemies":"Exordium Thugs","floor":10,"turns":4},{"damage":17,"enemies":"Lagavulin","floor":11,"turns":7},{"damage":5,"enemies":"Looter","floor":13,"turns":2},{"damage":18,"enemies":"3 Sentries","floor":14,"turns":7},{"damage":16,"enemies":"The Guardian","floor":16,"turns":10},{"damage":3,"enemies":"Shell Parasite","floor":18,"turns":3},{"damage":6,"enemies":"3 Byrds","floor":19,"turns":3},{"damage":14,"enemies":"Snecko","floor":20,"turns":5},{"damage":51,"enemies":"Gremlin Leader","floor":23,"turns":4}],"seed_played":"-1833865812148763719","potions_obtained":[{"floor":1,"key":"PowerPotion"},{"floor":3,"key":"AttackPotion"},{"floor":3,"key":"Weak Potion"},{"floor":10,"key":"Energy Potion"},{"floor":14,"key":"SpeedPotion"},{"floor":18,"key":"Ancient Potion"},{"floor":20,"key":"Fire Potion"}],"is_trial":false,"path_per_floor":["M","M","?","M","M","R","M","R","T","M","E","R","M","E","R","B",null,"M","M","M","?","?","E"],"character_chosen":"DEFECT","items_purchased":[],"campfire_rested":0,"item_purchase_floors":[],"current_hp_per_floor":[75,75,75,75,70,70,70,70,70,65,48,48,45,36,36,29,75,75,75,61,61,47,0],"gold":425,"neow_bonus":"THREE_ENEMY_KILL","is_prod":false,"is_daily":false,"chose_seed":false,"campfire_upgraded":4,"win_rate":0.0,"timestamp":1561345444,"path_taken":["M","M","?","?","M","R","M","R","T","M","E","R","M","E","R","BOSS","M","M","M","?","?","E"],"build_version":"2019-01-23","purchased_purges":0,"victory":false,"max_hp_per_floor":[75,75,75,75,75,75,75,75,75,75,75,75,75,75,75,75,75,75,75,75,75,80,80],"card_choices":[{"not_picked":["Consume","Rebound"],"picked":"Barrage","floor":1},{"not_picked":["Sweeping Beam","Hello World"],"picked":"Undo","floor":2},{"not_picked":["Rebound","Chaos"],"picked":"Hello World","floor":4},{"not_picked":["Gash","Leap"],"picked":"Barrage","floor":5},{"not_picked":["Hologram","Force Field"],"picked":"FTL","floor":7},{"not_picked":["Steam","Stack"],"picked":"Go for the Eyes","floor":10},{"not_picked":["Rebound","Hyperbeam"],"picked":"Scrape","floor":11},{"not_picked":["Beam Cell","Go for the Eyes"],"picked":"Self Repair","floor":13},{"not_picked":["Storm","Compile Driver"],"picked":"Cold Snap","floor":14},{"not_picked":["Reboot","All For One"],"picked":"Biased Cognition","floor":16},{"not_picked":[],"picked":"Lockon","floor":18},{"not_picked":[],"picked":"Redo","floor":19},{"not_picked":["Ball Lightning"],"picked":"SKIP","floor":20}],"player_experience":104299,"relics_obtained":[{"floor":9,"key":"Regal Pillow"},{"floor":11,"key":"Blood Vial"},{"floor":14,"key":"Boot"}],"event_choices":[{"damage_healed":0,"gold_gain":0,"player_choice":"Got Potions","damage_taken":0,"max_hp_gain":0,"max_hp_loss":0,"event_name":"Lab","floor":3,"gold_loss":0},{"damage_healed":0,"gold_gain":0,"player_choice":"Inject Mutagens","damage_taken":0,"relics_obtained":["MutagenicStrength"],"max_hp_gain":0,"max_hp_loss":0,"event_name":"Drug Dealer","floor":21,"gold_loss":0},{"damage_healed":0,"gold_gain":0,"player_choice":"Shed Blood","damage_taken":19,"max_hp_gain":5,"max_hp_loss":0,"event_name":"Forgotten Altar","floor":22,"gold_loss":0}],"is_beta":false,"boss_relics":[{"not_picked":["Runic Pyramid","Astrolabe"],"picked":"Busted Crown"}],"items_purged_floors":[],"is_endless":false,"potions_floor_spawned":[1,5,7,10,14,18,20],"killed_by":"Gremlin Leader","ascension_level":0}