{"gold_per_floor":[110,110,110,110,61,61,95,70,97,97,121,145,170,21,21,21],"floor_reached":16,"playtime":810,"items_purged":["Injury"],"score":118,"play_id":"3dfdc173-db01-487a-ba03-c1f9f11274b5","local_time":"20190608103354","is_ascension_mode":true,"campfire_choices":[{"data":"Streamline","floor":6,"key":"SMITH"},{"floor":10,"key":"REST"},{"floor":15,"key":"REST"}],"neow_cost":"NONE","seed_source_timestamp":1781504067581690,"circlet_count":0,"master_deck":["Strike_B","Strike_B","Strike_B","Strike_B","Defend_B","Defend_B","Defend_B","Defend_B","Zap","Dualcast","Genetic Algorithm","Streamline+1","Redo","Compile Driver","Go for the Eyes","Leap","Beam Cell","Storm"],"relics":["Inserter","Golden Idol","Torii","Regal Pillow"],"potions_floor_usage":[],"damage_taken":[{"damage":9,"enemies":"Small Slimes","floor":1,"turns":4},{"damage":44,"enemies":"Gremlin Nob","floor":7,"turns":6},{"damage":1,"enemies":"Jaw Worm","floor":11,"turns":3},{"damage":0,"enemies":"Cultist","floor":12,"turns":3},{"damage":34,"enemies":"Gremlin Gang","floor":13,"turns":6},{"damage":69,"enemies":"Slime Boss","floor":16,"turns":5}],"seed_played":"1077113513715871821","potions_obtained":[{"floor":1,"key":"Poison Potion"},{"floor":12,"key":"Ancient Potion"},{"floor":13,"key":"SneckoOil"}],"is_trial":false,"path_per_floor":["M","$","?","?","$","R","E","$","T","R","M","M","M","$","R","B"],"character_chosen":"DEFECT","items_purchased":["Streamline","Compile Driver","Storm"],"campfire_rested":2,"item_purchase_floors":[5,8,14],"current_hp_per_floor":[66,66,66,66,66,66,22,22,22,59,58,58,24,24,61,0],"gold":21,"neow_bonus":"BOSS_RELIC","is_prod":false,"is_daily":false,"chose_seed":false,"campfire_upgraded":1,"win_rate":0,"timestamp":1559954034,"path_taken":["M","$","?","?","?","R","E","$","T","R","M","M","?","$","R","BOSS"],"build_version":"2019-01-23","purchased_purges":1,"victory":false,"max_hp_per_floor":[75,75,75,75,75,75,75,75,75,75,75,75,75,75,75,75],"card_choices":[{"not_picked":["Lockon","Leap"],"picked":"Genetic Algorithm","floor":1},{"not_picked":["Genetic Algorithm","Hello World"],"picked":"Redo","floor":7},{"not_picked":["Coolheaded","Aggregate"],"picked":"Go for the Eyes","floor":11},{"not_picked":["Doom and Gloom","Reinforced Body"],"picked":"Leap","floor":12},{"not_picked":["Capacitor","Go for the Eyes"],"picked":"Beam Cell","floor":13}],"player_experience":423518,"relics_obtained":[{"floor":7,"key":"Torii"},{"floor":9,"key":"Regal Pillow"}],"event_choices":[{"damage_healed":0,"gold_gain":0,"player_choice":"Leave","damage_taken":0,"max_hp_gain":0,"max_hp_loss":0,"event_name":"The Cleric","floor":3,"gold_loss":0},{"damage_healed":0,"gold_gain":0,"player_choice":"Take Wound","damage_taken":0,"relics_obtained":["Golden Idol"],"max_hp_gain":0,"max_hp_loss":0,"event_name":"Golden Idol","floor":4,"gold_loss":0,"cards_obtained":["Injury"]}],"is_beta":false,"boss_relics":[],"items_purged_floors":[14],"is_endless":false,"potions_floor_spawned":[1,12,13],"killed_by":"Slime Boss","ascension_level":4}