{"gold_per_floor":[117,117,133,133,150,177,193,193,193,46,46,66,99,64,64,160,160,180,198,35,55,70,70,0,0,0,0,19,19,19,19],"floor_reached":31,"playtime":1500,"items_purged":[],"score":270,"play_id":"362575c8-a490-4bb8-bffb-4437f7908a7c","local_time":"20190505123836","is_ascension_mode":true,"campfire_choices":[{"floor":8,"key":"REST"},{"data":"Ball Lightning","floor":11,"key":"SMITH"},{"floor":15,"key":"REST"},{"floor":23,"key":"REST"},{"floor":25,"key":"REST"},{"floor":30,"key":"REST"}],"neow_cost":"NONE","seed_source_timestamp":1083798101805858,"circlet_count":0,"master_deck":["Strike_B","Strike_B+1","Strike_B","Defend_B","Defend_B","Defend_B","Defend_B","Zap","Dualcast","Ball Lightning+1","Sweeping Beam","Ball Lightning","Melter","Conserve Battery","Defragment+1","Thunder Strike","Core Surge","Panacea","Creative AI"],"relics":["Orrery","Oddly Smooth Stone","Bag of Preparation","Singing Bowl","Sozu","FaceOfCleric"],"potions_floor_usage":[13],"damage_taken":[{"damage":2,"enemies":"Jaw Worm","floor":1,"turns":3},{"damage":0,"enemies":"Cultist","floor":3,"turns":3},{"damage":1,"enemies":"Small Slimes","floor":5,"turns":3},{"damage":24,"enemies":"3 Sentries","floor":6,"turns":4},{"damage":11,"enemies":"Exordium Wildlife","floor":7,"turns":4},{"damage":22,"enemies":"Exordium Thugs","floor":12,"turns":4},{"damage":10,"enemies":"Lagavulin","floor":13,"turns":5},{"damage":6,"enemies":"Slime Boss","floor":16,"turns":7},{"damage":24,"enemies":"2 Thieves","floor":18,"turns":4},{"damage":16,"enemies":"3 Byrds","floor":19,"turns":3},{"damage":22,"enemies":"Cultist and Chosen","floor":21,"turns":5},{"damage":22,"enemies":"Snake Plant","floor":22,"turns":4},{"damage":23,"enemies":"Centurion and Healer","floor":28,"turns":6},{"damage":60,"enemies":"Shelled Parasite and Fungi","floor":31,"turns":5}],"seed_played":"3165276977623117408","potions_obtained":[{"floor":3,"key":"Energy Potion"},{"floor":6,"key":"AttackPotion"},{"floor":16,"key":"SpeedPotion"}],"is_trial":false,"path_per_floor":["M","?","M","?","M","E","M","R","T","$","R","M","E","?","R","B",null,"M","M","$","M","M","R","?","R","T","?","M","?","R","M"],"character_chosen":"DEFECT","items_purchased":["Thunder Strike","Core Surge","Panacea"],"campfire_rested":5,"item_purchase_floors":[10,20,20],"current_hp_per_floor":[73,58,58,58,57,33,22,44,44,44,44,22,14,33,56,52,79,57,43,43,23,3,29,29,55,55,55,34,34,60,0],"gold":19,"neow_bonus":"BOSS_RELIC","is_prod":false,"is_daily":false,"chose_seed":false,"campfire_upgraded":1,"win_rate":0,"timestamp":1557023916,"path_taken":["M","?","M","?","?","E","M","R","T","$","R","M","E","?","R","BOSS","M","M","$","M","M","R","?","R","T","?","?","?","R","?"],"build_version":"2019-01-23","purchased_purges":0,"victory":false,"max_hp_per_floor":[75,75,75,75,75,75,75,75,75,75,75,75,77,77,77,79,79,81,83,83,85,87,87,87,87,87,87,89,89,89,89],"card_choices":[{"not_picked":["Skim","Hologram"],"picked":"Ball Lightning","floor":0},{"not_picked":["Cold Snap","Steam"],"picked":"Sweeping Beam","floor":0},{"not_picked":["Barrage","Conserve Battery"],"picked":"Ball Lightning","floor":0},{"not_picked":["Sunder","Turbo"],"picked":"Melter","floor":0},{"not_picked":["Glacier","Auto Shields"],"picked":"Conserve Battery","floor":0},{"not_picked":["Capacitor","Redo"],"picked":"Defragment","floor":1},{"not_picked":["Barrage","Beam Cell","Chill"],"picked":"SKIP","floor":3},{"not_picked":["Fusion","Coolheaded","Stack"],"picked":"SKIP","floor":5},{"not_picked":["Steam","Auto Shields","Conserve Battery"],"picked":"SKIP","floor":6},{"not_picked":["Coolheaded","Heatsinks","Compile Driver"],"picked":"SKIP","floor":7},{"not_picked":["Ball Lightning","Seek","Skim"],"picked":"SKIP","floor":12},{"not_picked":["Tempest","FTL","Coolheaded"],"picked":"Singing Bowl","floor":13},{"not_picked":["Amplify","Seek","Hyperbeam"],"picked":"Singing Bowl","floor":16},{"not_picked":["Steam","White Noise","Ball Lightning"],"picked":"Singing Bowl","floor":18},{"not_picked":["Beam Cell","BootSequence","Stack"],"picked":"Singing Bowl","floor":19},{"not_picked":["Beam Cell","Conserve Battery","Turbo+1"],"picked":"Singing Bowl","floor":21},{"not_picked":["Gash","Hyperbeam","Rebound"],"picked":"Singing Bowl","floor":22},{"not_picked":["Streamline","Stack+1","Redo"],"picked":"Singing Bowl","floor":28}],"player_experience":364431,"relics_obtained":[{"floor":6,"key":"Oddly Smooth Stone"},{"floor":9,"key":"Bag of Preparation"},{"floor":13,"key":"Singing Bowl"}],"event_choices":[{"damage_healed":0,"gold_gain":0,"player_choice":"Entered Light","damage_taken":15,"max_hp_gain":0,"max_hp_loss":0,"event_name":"Shining Light","floor":2,"gold_loss":0,"cards_upgraded":["Strike_B","Defragment"]},{"cards_removed":["Strike_B"],"damage_healed":0,"gold_gain":0,"player_choice":"Purged","damage_taken":0,"max_hp_gain":0,"max_hp_loss":0,"event_name":"Purifier","floor":4,"gold_loss":0},{"damage_healed":19,"gold_gain":0,"player_choice":"Healed","damage_taken":0,"max_hp_gain":0,"max_hp_loss":0,"event_name":"The Cleric","floor":14,"gold_loss":35},{"damage_healed":0,"gold_gain":0,"player_choice":"Paid Fearfully","damage_taken":0,"max_hp_gain":0,"max_hp_loss":0,"event_name":"Masked Bandits","floor":24,"gold_loss":70},{"damage_healed":0,"gold_gain":0,"player_choice":"1 cards matched","damage_taken":0,"max_hp_gain":0,"max_hp_loss":0,"event_name":"Match and Keep!","floor":27,"gold_loss":0,"cards_obtained":["Creative AI"]},{"damage_healed":0,"gold_gain":0,"player_choice":"Trade","damage_taken":0,"relics_obtained":["FaceOfCleric"],"max_hp_gain":0,"max_hp_loss":0,"event_name":"FaceTrader","floor":29,"gold_loss":0}],"is_beta":false,"boss_relics":[{"not_picked":["Empty Cage","White Beast Statue"],"picked":"Sozu"}],"items_purged_floors":[],"is_endless":false,"potions_floor_spawned":[3,6,16,18,21,28],"killed_by":"Shelled Parasite and Fungi","ascension_level":2}