{"gold_per_floor":[113,113,288,288,304,339,339,351,422,450,463,479,509,585,585,682,682,693,86,56,17,36,62,73,73,100,100,131,144,156,156],"floor_reached":31,"playtime":1726,"items_purged":["Doubt"],"score":362,"play_id":"0e9c62b4-b0a4-42d1-b9ce-86130765b142","local_time":"20190120164617","is_ascension_mode":true,"campfire_choices":[{"data":"Ball Lightning","floor":7.0,"key":"SMITH"},{"floor":15.0,"key":"REST"},{"floor":25,"key":"REST"},{"data":"Rainbow","floor":27,"key":"SMITH"}],"neow_cost":"NONE","seed_source_timestamp":0,"circlet_count":0,"master_deck":["Strike_B+1","Strike_B","Strike_B","Strike_B","Defend_B","Defend_B","Defend_B","Defend_B","Zap+1","Dualcast","Cold Snap+1","Conserve Battery","Ball Lightning+1","Doom and Gloom","Core Surge","Cold Snap","Conserve Battery","Leap","Capacitor","Rainbow+1","Sunder+1","Melter","Self Repair","Static Discharge+1","Ball Lightning","Fusion","Darkness","Loop","Loop"],"special_seed":0,"relics":["Cracked Core","Dream Catcher","Mercury Hourglass","Whetstone","Oddly Smooth Stone","Question Card","Runic Pyramid","StoneCalendar","PreservedInsect","Vajra","Smiling Mask","Torii"],"potions_floor_usage":[],"damage_taken":[{"damage":1.0,"enemies":"Jaw Worm","floor":1.0,"turns":2.0},{"damage":1.0,"enemies":"Small Slimes","floor":5.0,"turns":3.0},{"damage":12.0,"enemies":"3 Sentries","floor":6.0,"turns":8.0},{"damage":4.0,"enemies":"Cultist","floor":8.0,"turns":3.0},{"damage":12.0,"enemies":"Gremlin Nob","floor":10.0,"turns":3.0},{"damage":6.0,"enemies":"Exordium Thugs","floor":11.0,"turns":3.0},{"damage":4.0,"enemies":"Red Slaver","floor":12.0,"turns":3.0},{"damage":11.0,"enemies":"3 Sentries","floor":13.0,"turns":3.0},{"damage":0.0,"enemies":"Slime Boss","floor":16.0,"turns":9.0},{"damage":10,"enemies":"3 Byrds","floor":18,"turns":3},{"damage":0,"enemies":"Spheric Guardian","floor":22,"turns":2},{"damage":40,"enemies":"Book of Stabbing","floor":23,"turns":5},{"damage":0,"enemies":"Cultist and Chosen","floor":24,"turns":4},{"damage":23,"enemies":"Slavers","floor":28,"turns":3},{"damage":18,"enemies":"Centurion and Healer","floor":29,"turns":4},{"damage":0,"enemies":"Sentry and Sphere","floor":30,"turns":3},{"damage":29,"enemies":"Snake Plant","floor":31,"turns":2}],"seed_played":"8496032158331680825","potions_obtained":[{"floor":1.0,"key":"Regen Potion"},{"floor":4.0,"key":"Explosive Potion"},{"floor":4.0,"key":"AttackPotion"},{"floor":5.0,"key":"PowerPotion"},{"floor":12.0,"key":"SkillPotion"},{"floor":18,"key":"Swift Potion"},{"floor":20,"key":"Energy Potion"},{"floor":29,"key":"PowerPotion"},{"floor":30,"key":"EssenceOfSteel"}],"is_trial":false,"path_per_floor":["M","?","?","?","M","E","R","M","T","E","M","M","E","T","R","B",null,"M","$","?","$","M","E","M","R","T","R","E","M","M","M"],"character_chosen":"DEFECT","items_purchased":["Melter","StoneCalendar","PreservedInsect","Self Repair"],"campfire_rested":2,"item_purchase_floors":[19,19,19,21],"current_hp_per_floor":[74,74,74,74,73,61,61,57,57,45,39,35,24,24,46,61,75,65,65,65,65,65,25,32,54,54,54,31,20,27,0],"gold":156,"neow_bonus":"UPGRADE_CARD","is_prod":false,"is_daily":false,"chose_seed":false,"campfire_upgraded":2,"win_rate":0,"timestamp":1547963177,"path_taken":["M","?","?","?","M","E","R","M","T","E","?","M","E","?","R","BOSS","M","$","?","?","M","E","M","R","T","R","E","M","?","M"],"build_version":"2019-01-17v2","purchased_purges":1,"victory":false,"max_hp_per_floor":[75,75,75,75,75,75,75,75,75,75,75,75,75,75,75,75,75,75,75,75,75,75,75,75,75,75,75,75,75,75,75],"card_choices":[{"not_picked":["Chill","Compile Driver"],"picked":"Cold Snap","floor":1.0},{"not_picked":["Beam Cell","Recycle"],"picked":"Conserve Battery","floor":5.0},{"not_picked":["Reboot","Hologram"],"picked":"Ball Lightning","floor":6.0},{"not_picked":["Streamline","Steam Power"],"picked":"Doom and Gloom","floor":8.0},{"not_picked":["Reprogram","Leap"],"picked":"Core Surge","floor":10.0},{"not_picked":["Capacitor","Streamline"],"picked":"Cold Snap","floor":11.0},{"not_picked":["Double Energy","Aggregate"],"picked":"Conserve Battery","floor":12.0},{"not_picked":["BootSequence","Chill"],"picked":"Leap","floor":13.0},{"not_picked":["Conserve Battery","Stack","Turbo"],"picked":"Capacitor","floor":15.0},{"not_picked":["Amplify","Seek","Thunder Strike"],"picked":"Rainbow","floor":16.0},{"not_picked":["Cold Snap","Aggregate","Coolheaded+1"],"picked":"Sunder+1","floor":18},{"not_picked":["Rebound","Reprogram","Steam","Hologram"],"picked":"SKIP","floor":22},{"not_picked":["Sunder","Sweeping Beam","Coolheaded"],"picked":"Static Discharge+1","floor":23},{"not_picked":["Hologram","Chill","Coolheaded"],"picked":"Ball Lightning","floor":24},{"not_picked":["Storm","Leap","Undo"],"picked":"Fusion","floor":25},{"not_picked":["Capacitor","BootSequence","Blizzard"],"picked":"Darkness","floor":28},{"not_picked":["Genetic Algorithm","Go for the Eyes","Multi-Cast"],"picked":"Loop","floor":29},{"not_picked":["Consume+1","Redo","Streamline"],"picked":"Loop","floor":30}],"player_experience":73074,"relics_obtained":[{"floor":6.0,"key":"Dream Catcher"},{"floor":9.0,"key":"Mercury Hourglass"},{"floor":10.0,"key":"Whetstone"},{"floor":13.0,"key":"Oddly Smooth Stone"},{"floor":14.0,"key":"Question Card"},{"floor":23,"key":"Vajra"},{"floor":26,"key":"Smiling Mask"},{"floor":28,"key":"Torii"}],"event_choices":[{"damage_healed":0.0,"max_hp_gain":0.0,"max_hp_loss":0.0,"gold_gain":0.0,"event_name":"The Cleric","player_choice":"Leave","floor":2.0,"gold_loss":0.0,"damage_taken":0.0},{"damage_healed":0.0,"max_hp_gain":0.0,"max_hp_loss":0.0,"gold_gain":175.0,"event_name":"Liars Game","player_choice":"AGREE","floor":3.0,"gold_loss":0.0,"damage_taken":0.0,"cards_obtained":["Doubt"]},{"damage_healed":0.0,"max_hp_gain":0.0,"max_hp_loss":0.0,"gold_gain":0.0,"event_name":"Lab","player_choice":"Got Potions","floor":4.0,"gold_loss":0.0,"damage_taken":0.0},{"damage_healed":0,"gold_gain":0,"player_choice":"Bought 2 Potions","damage_taken":0,"max_hp_gain":0,"max_hp_loss":0,"event_name":"The Woman in Blue","floor":20,"gold_loss":0}],"is_beta":false,"boss_relics":[{"not_picked":["Calling Bell","FrozenCore"],"picked":"Runic Pyramid"}],"items_purged_floors":[19],"is_endless":false,"potions_floor_spawned":[1,5,10,12,18,22,24,29,30],"killed_by":"Snake Plant","ascension_level":1}