{"gold_per_floor":[111,124,136,136,211,242,242,278,278,27,27],"floor_reached":11,"playtime":653,"items_purged":[],"score":81,"play_id":"fbe8aaf7-b010-47e7-a188-9e122fdecc07","local_time":"20190623200622","is_ascension_mode":false,"campfire_choices":[],"neow_cost":"NONE","seed_source_timestamp":208763396614500,"circlet_count":0,"master_deck":["Strike_B","Strike_B","Strike_B","Strike_B","Defend_B","Defend_B","Defend_B","Defend_B","Zap+1","Dualcast","Self Repair","Coolheaded","Coolheaded","Stack","Leap","Ball Lightning"],"relics":["Cracked Core","NeowsBlessing","Shuriken","Golden Idol","Matryoshka","Centennial Puzzle","Bottled Flame","ClockworkSouvenir"],"potions_floor_usage":[6,8],"damage_taken":[{"damage":0,"enemies":"Jaw Worm","floor":1,"turns":1},{"damage":0,"enemies":"2 Louse","floor":2,"turns":1},{"damage":0,"enemies":"Small Slimes","floor":3,"turns":1},{"damage":31,"enemies":"Gremlin Nob","floor":6,"turns":5},{"damage":29,"enemies":"Lagavulin","floor":8,"turns":7},{"damage":16,"enemies":"Gremlin Nob","floor":11,"turns":3}],"seed_played":"261375702480886823","potions_obtained":[{"floor":1,"key":"Strength Potion"},{"floor":2,"key":"SpeedPotion"},{"floor":3,"key":"FearPotion"}],"is_trial":false,"path_per_floor":["M","M","M","?","?","E","?","E","T","$","E"],"character_chosen":"DEFECT","items_purchased":["ClockworkSouvenir","Ball Lightning"],"campfire_rested":0,"item_purchase_floors":[10,10],"current_hp_per_floor":[75,75,75,75,64,40,40,18,18,18,2],"gold":27,"neow_bonus":"THREE_ENEMY_KILL","is_prod":false,"is_daily":false,"chose_seed":false,"campfire_upgraded":0,"win_rate":0.0,"timestamp":1561334782,"path_taken":["M","M","M","?","?","E","?","E","T","$","E"],"build_version":"2019-01-23","purchased_purges":0,"victory":false,"max_hp_per_floor":[75,75,75,75,75,75,69,69,69,69,69],"card_choices":[{"not_picked":["Heatsinks","Static Discharge"],"picked":"Self Repair","floor":1},{"not_picked":["Go for the Eyes","Gash"],"picked":"Coolheaded","floor":2},{"not_picked":["Steam","Redo"],"picked":"Coolheaded","floor":3},{"not_picked":["Blizzard","Skim"],"picked":"Stack","floor":6},{"not_picked":["Stack","Barrage"],"picked":"Leap","floor":8}],"player_experience":96143,"relics_obtained":[{"floor":6,"key":"Shuriken"},{"floor":8,"key":"Matryoshka"},{"floor":9,"key":"Centennial Puzzle"},{"floor":9,"key":"Bottled Flame"}],"event_choices":[{"damage_healed":0,"gold_gain":0,"player_choice":"Grow","damage_taken":0,"max_hp_gain":0,"max_hp_loss":0,"event_name":"Living Wall","floor":4,"gold_loss":0,"cards_upgraded":["Zap"]},{"damage_healed":0,"gold_gain":75,"player_choice":"Gather Gold","damage_taken":11,"max_hp_gain":0,"max_hp_loss":0,"event_name":"World of Goop","floor":5,"gold_loss":0},{"damage_healed":0,"gold_gain":0,"player_choice":"Lose Max HP","damage_taken":0,"relics_obtained":["Golden Idol"],"max_hp_gain":0,"max_hp_loss":6,"event_name":"Golden Idol","floor":7,"gold_loss":0}],"is_beta":false,"boss_relics":[],"items_purged_floors":[],"is_endless":false,"potions_floor_spawned":[1,2,3],"killed_by":"Gremlin Nob","ascension_level":0}