{"gold_per_floor":[109,119,129,129,52,83,83,109,109,109,129,161,161,179,179,275,275,294,393,493,3,20,20,20,33,56,56,74,90,40,57,57,157,157,172,184,184,195,195,195,209,209,234,253,271,305,321,321,321,321],"floor_reached":50,"playtime":3282,"items_purged":[],"score":546,"play_id":"4f13edc9-ac65-4ff4-8a1c-57ab8d6a2bdd","local_time":"20190326185821","is_ascension_mode":true,"campfire_choices":[{"floor":7,"key":"REST"},{"floor":13,"key":"REST"},{"floor":15,"key":"REST"},{"floor":23,"key":"REST"},{"floor":27,"key":"REST"},{"floor":32,"key":"REST"},{"floor":40,"key":"REST"},{"floor":42,"key":"REST"},{"floor":49,"key":"REST"}],"neow_cost":"NONE","seed_source_timestamp":429795516879248,"circlet_count":0,"master_deck":["Zap","Dualcast","Ball Lightning","Loop","Static Discharge","Buffer","Electrodynamics","Chaos","Echo Form","Aggregate+1","BootSequence","Multi-Cast","Auto Shields+1","Hologram","Doom and Gloom","Defragment","Defragment","Buffer","Buffer","Conserve Battery","Capacitor","Conserve Battery","Sweeping Beam+1","Dramatic Entrance"],"relics":["Cracked Core","NeowsBlessing","Dead Branch","Singing Bowl","Omamori","Pandora\u0027s Box","Torii","Symbiotic Virus","Incense Burner","Sling","War Paint","Fusion Hammer","Bag of Preparation","Calipers"],"potions_floor_usage":[8,12,16,29,29,33,41,50],"damage_taken":[{"damage":0,"enemies":"Jaw Worm","floor":1,"turns":1},{"damage":0,"enemies":"2 Louse","floor":2,"turns":1},{"damage":0,"enemies":"Cultist","floor":3,"turns":1},{"damage":19,"enemies":"3 Sentries","floor":6,"turns":5},{"damage":23,"enemies":"Lagavulin","floor":8,"turns":4},{"damage":6,"enemies":"3 Louse","floor":11,"turns":3},{"damage":37,"enemies":"3 Sentries","floor":12,"turns":5},{"damage":13,"enemies":"Red Slaver","floor":14,"turns":3},{"damage":39,"enemies":"The Guardian","floor":16,"turns":8},{"damage":30,"enemies":"2 Thieves","floor":18,"turns":3},{"damage":4,"enemies":"Colosseum Slavers","floor":20,"turns":4},{"damage":37,"enemies":"Colosseum Nobs","floor":20,"turns":4},{"damage":5,"enemies":"3 Byrds","floor":22,"turns":3},{"damage":21,"enemies":"Shelled Parasite and Fungi","floor":25,"turns":6},{"damage":19,"enemies":"Sentry and Sphere","floor":28,"turns":4},{"damage":10,"enemies":"Centurion and Healer","floor":29,"turns":6},{"damage":1,"enemies":"Chosen and Byrds","floor":31,"turns":6},{"damage":12,"enemies":"Champ","floor":33,"turns":11},{"damage":8,"enemies":"3 Darklings","floor":35,"turns":4},{"damage":30,"enemies":"3 Shapes","floor":36,"turns":4},{"damage":12,"enemies":"Sphere and 2 Shapes","floor":38,"turns":4},{"damage":7,"enemies":"Transient","floor":41,"turns":5},{"damage":2,"enemies":"Jaw Worm Horde","floor":44,"turns":2},{"damage":28,"enemies":"4 Shapes","floor":45,"turns":4},{"damage":14,"enemies":"Giant Head","floor":46,"turns":9},{"damage":1,"enemies":"Transient","floor":47,"turns":5},{"damage":87,"enemies":"Awakened One","floor":50,"turns":7}],"seed_played":"7066363909890345845","potions_obtained":[{"floor":1,"key":"AttackPotion"},{"floor":6,"key":"Strength Potion"},{"floor":11,"key":"SteroidPotion"},{"floor":14,"key":"Energy Potion"},{"floor":28,"key":"GamblersBrew"},{"floor":29,"key":"Regen Potion"},{"floor":36,"key":"Weak Potion"},{"floor":38,"key":"SteroidPotion"},{"floor":47,"key":"FocusPotion"}],"is_trial":false,"path_per_floor":["M","M","M","?","$","E","R","E","T","?","M","E","R","M","R","B",null,"M","?","?","$","M","R","?","M","T","R","M","M","?","M","R","B",null,"M","M","?","M","?","R","M","R","T","M","M","E","M","?","R","B"],"character_chosen":"DEFECT","items_purchased":["Static Discharge","Incense Burner","Sling"],"campfire_rested":9,"item_purchase_floors":[5,21,21],"current_hp_per_floor":[75,75,75,60,60,41,63,40,40,65,61,26,49,38,62,23,81,51,51,10,10,7,31,31,12,12,37,18,8,8,9,35,40,89,83,55,55,45,45,73,66,94,94,94,66,52,53,53,82,0],"gold":321,"neow_bonus":"THREE_ENEMY_KILL","is_prod":false,"is_daily":false,"chose_seed":false,"campfire_upgraded":0,"win_rate":0,"timestamp":1553587101,"path_taken":["M","M","M","?","$","E","R","E","T","?","M","E","R","M","R","BOSS","M","?","?","$","M","R","?","M","T","R","?","M","?","?","R","BOSS","M","M","?","M","?","R","?","R","T","M","M","E","M","?","R","BOSS"],"build_version":"2019-01-23","purchased_purges":0,"victory":false,"max_hp_per_floor":[75,75,75,75,75,75,75,75,75,75,77,79,79,81,81,81,81,81,81,81,81,83,83,83,85,85,85,85,85,85,87,87,89,89,91,93,93,95,95,95,95,95,95,97,97,97,99,99,99,99],"card_choices":[{"not_picked":["Undo","Gash","BootSequence"],"picked":"SKIP","floor":1},{"not_picked":["Beam Cell","Chaos"],"picked":"Ball Lightning","floor":2},{"not_picked":["Beam Cell","Sunder"],"picked":"Loop","floor":3},{"not_picked":["Leap","Barrage","Glacier"],"picked":"SKIP","floor":6},{"not_picked":["Gash","Undo"],"picked":"Buffer","floor":8},{"not_picked":["Self Repair","Beam Cell","Barrage"],"picked":"Singing Bowl","floor":11},{"not_picked":["Cold Snap","Ball Lightning","Leap"],"picked":"Singing Bowl","floor":12},{"not_picked":["Compile Driver","Cold Snap","Hologram"],"picked":"Singing Bowl","floor":14},{"not_picked":["Fission","Biased Cognition"],"picked":"Electrodynamics","floor":16},{"not_picked":["Rebound","Coolheaded"],"picked":"Defragment","floor":18},{"not_picked":["Cold Snap","Reinforced Body"],"picked":"Defragment","floor":20},{"not_picked":["Ball Lightning","Turbo","Stack"],"picked":"Singing Bowl","floor":22},{"not_picked":["Darkness+1","Rebound","Hologram"],"picked":"Singing Bowl","floor":25},{"not_picked":["Recycle+1","Stack+1"],"picked":"Buffer","floor":28},{"not_picked":["Steam+1","White Noise"],"picked":"Conserve Battery","floor":29},{"not_picked":["Defragment","Conserve Battery","Beam Cell+1"],"picked":"Singing Bowl","floor":31},{"not_picked":["Buffer","Machine Learning","Amplify"],"picked":"Singing Bowl","floor":33},{"not_picked":["Turbo","Blizzard+1","Cold Snap+1"],"picked":"Singing Bowl","floor":35},{"not_picked":["Recycle","Stack","Redo"],"picked":"Singing Bowl","floor":36},{"not_picked":["Glacier+1","Fusion+1","Steam"],"picked":"Singing Bowl","floor":38},{"not_picked":["Rip and Tear","Redo+1"],"picked":"Capacitor","floor":41},{"not_picked":["Blizzard","Skim","Doom and Gloom+1"],"picked":"Singing Bowl","floor":44},{"not_picked":["Beam Cell","Amplify"],"picked":"Conserve Battery","floor":45},{"not_picked":["Barrage","Cold Snap+1"],"picked":"Sweeping Beam+1","floor":46},{"not_picked":["White Noise+1","Barrage+1","Double Energy"],"picked":"Singing Bowl","floor":47},{"not_picked":["Mind Blast","Deep Breath"],"picked":"Dramatic Entrance","floor":48}],"player_experience":282098,"relics_obtained":[{"floor":6,"key":"Dead Branch"},{"floor":8,"key":"Singing Bowl"},{"floor":12,"key":"Omamori"},{"floor":20,"key":"Torii"},{"floor":20,"key":"Symbiotic Virus"},{"floor":26,"key":"War Paint"},{"floor":43,"key":"Bag of Preparation"},{"floor":46,"key":"Calipers"}],"event_choices":[{"damage_healed":0,"gold_gain":0,"player_choice":"Entered Light","damage_taken":15,"max_hp_gain":0,"max_hp_loss":0,"event_name":"Shining Light","floor":4,"gold_loss":0,"cards_upgraded":["Defend_B","Strike_B"]},{"damage_healed":25,"gold_gain":0,"player_choice":"Banana","damage_taken":0,"max_hp_gain":0,"max_hp_loss":0,"event_name":"Big Fish","floor":10,"gold_loss":0},{"damage_healed":0,"gold_gain":99,"player_choice":"Stole From Cult","damage_taken":0,"max_hp_gain":0,"max_hp_loss":0,"event_name":"Nest","floor":19,"gold_loss":0},{"damage_healed":0,"gold_gain":0,"player_choice":"Fight","damage_taken":0,"max_hp_gain":0,"max_hp_loss":0,"event_name":"Colosseum","floor":20,"gold_loss":0},{"damage_healed":0,"gold_gain":0,"player_choice":"Fought Nobs","damage_taken":0,"max_hp_gain":0,"max_hp_loss":0,"event_name":"Colosseum","floor":20,"gold_loss":0},{"damage_healed":0,"gold_gain":0,"player_choice":"Copied","damage_taken":0,"max_hp_gain":0,"max_hp_loss":0,"event_name":"Duplicator","floor":24,"gold_loss":0,"cards_obtained":["Buffer"]},{"damage_healed":0,"gold_gain":0,"player_choice":"Bet on Murderer","damage_taken":0,"max_hp_gain":0,"max_hp_loss":0,"event_name":"The Joust","floor":30,"gold_loss":50},{"damage_healed":0,"gold_gain":0,"player_choice":"Ignored","damage_taken":0,"max_hp_gain":0,"max_hp_loss":0,"event_name":"Mysterious Sphere","floor":37,"gold_loss":0},{"damage_healed":0,"gold_gain":0,"player_choice":"Ignored","damage_taken":0,"max_hp_gain":0,"max_hp_loss":0,"event_name":"NoteForYourself","floor":39,"gold_loss":0},{"damage_healed":0,"gold_gain":0,"player_choice":"Memory 1","damage_taken":0,"max_hp_gain":0,"max_hp_loss":0,"event_name":"SensoryStone","floor":48,"gold_loss":0}],"is_beta":false,"boss_relics":[{"not_picked":["Snecko Eye","Cursed Key"],"picked":"Pandora\u0027s Box"},{"not_picked":["Runic Dome","Lizard Tail"],"picked":"Fusion Hammer"}],"items_purged_floors":[],"is_endless":false,"potions_floor_spawned":[1,6,11,14,20,28,29,36,38,47],"killed_by":"Awakened One","ascension_level":1}