{"gold_per_floor":[362,91,105,123,123,151,151,161,184,218,231,231,264,264,264,364,364,375,375,290,305,305,305,320,353,380,380],"floor_reached":27,"playtime":1578,"items_purged":["Shame"],"score":264,"play_id":"d958e857-e3b6-4c91-9430-45b7a0551eac","local_time":"20190402202031","is_ascension_mode":true,"campfire_choices":[{"floor":7,"key":"REST"},{"floor":12,"key":"REST"},{"floor":15,"key":"REST"},{"floor":23,"key":"REST"}],"neow_cost":"CURSE","seed_source_timestamp":1041248072155399,"circlet_count":0,"master_deck":["Strike_B","Strike_B","Strike_B","Strike_B","Defend_B","Defend_B","Defend_B","Defend_B","Zap","Dualcast","Loop+1","Sweeping Beam","Melter","Buffer","Loop+1"],"relics":["Cracked Core","Tiny Chest","Strawberry","Orichalcum","Anchor","Meat on the Bone","Runic Pyramid","Nilry\u0027s Codex","Emotion Chip","DataDisk","Regal Pillow"],"potions_floor_usage":[10,18,24,25,25,25],"damage_taken":[{"damage":5,"enemies":"Jaw Worm","floor":1,"turns":4},{"damage":5,"enemies":"Cultist","floor":3,"turns":4},{"damage":0,"enemies":"Small Slimes","floor":4,"turns":2},{"damage":52,"enemies":"3 Sentries","floor":6,"turns":7},{"damage":9,"enemies":"Exordium Wildlife","floor":8,"turns":4},{"damage":19,"enemies":"Gremlin Nob","floor":10,"turns":4},{"damage":2,"enemies":"Large Slime","floor":11,"turns":5},{"damage":26,"enemies":"Lagavulin","floor":13,"turns":6},{"damage":30,"enemies":"Slime Boss","floor":16,"turns":9},{"damage":24,"enemies":"2 Thieves","floor":18,"turns":4},{"damage":0,"enemies":"Spheric Guardian","floor":21,"turns":3},{"damage":35,"enemies":"3 Cultists","floor":24,"turns":5},{"damage":37,"enemies":"Gremlin Leader","floor":25,"turns":9},{"damage":23,"enemies":"Snecko","floor":27,"turns":6}],"seed_played":"-2125127942463153855","potions_obtained":[{"floor":3,"key":"Poison Potion"},{"floor":6,"key":"PowerPotion"},{"floor":10,"key":"Dexterity Potion"},{"floor":11,"key":"Energy Potion"},{"floor":18,"key":"Block Potion"},{"floor":24,"key":"Strength Potion"}],"is_trial":false,"path_per_floor":["M","$","M","M","?","E","R","M","T","E","M","R","E","?","R","B",null,"M","?","?","M","?","R","M","E","T","M"],"character_chosen":"DEFECT","items_purchased":["Tiny Chest","Loop"],"campfire_rested":4,"item_purchase_floors":[2,2],"current_hp_per_floor":[70,70,65,65,65,20,44,35,35,16,14,38,12,39,63,45,82,58,42,42,42,42,66,43,18,18,0],"gold":380,"neow_bonus":"TWO_FIFTY_GOLD","is_prod":false,"is_daily":false,"chose_seed":false,"campfire_upgraded":0,"win_rate":0,"timestamp":1554196831,"path_taken":["M","$","M","M","?","E","R","?","T","E","M","R","E","?","R","BOSS","M","?","?","M","?","R","M","E","T","?"],"build_version":"2019-01-23","purchased_purges":1,"victory":false,"max_hp_per_floor":[75,75,75,75,75,82,82,82,82,82,82,82,82,82,82,82,82,82,82,82,82,82,82,82,82,82,82],"card_choices":[{"not_picked":["Cold Snap","Glacier","Double Energy"],"picked":"SKIP","floor":1},{"not_picked":["Sunder","Hologram","Steam"],"picked":"SKIP","floor":3},{"not_picked":["Go for the Eyes","Tempest","Beam Cell"],"picked":"SKIP","floor":4},{"not_picked":["Rip and Tear","Leap","Beam Cell"],"picked":"SKIP","floor":6},{"not_picked":["Hologram","Stack","Compile Driver"],"picked":"SKIP","floor":8},{"not_picked":["Fusion","Meteor Strike","Undo"],"picked":"SKIP","floor":10},{"not_picked":["Aggregate","Hologram"],"picked":"Sweeping Beam","floor":11},{"not_picked":["Rip and Tear","Gash"],"picked":"Melter","floor":13},{"not_picked":["Machine Learning","Creative AI"],"picked":"Buffer","floor":16},{"not_picked":["Gash","Streamline","Rebound"],"picked":"SKIP","floor":18},{"not_picked":["BootSequence","Steam","Hologram"],"picked":"SKIP","floor":21},{"not_picked":["Go for the Eyes","Gash","Sweeping Beam"],"picked":"SKIP","floor":24},{"not_picked":["FTL+1","Hologram","Stack"],"picked":"SKIP","floor":25}],"player_experience":303478,"relics_obtained":[{"floor":6,"key":"Strawberry"},{"floor":9,"key":"Orichalcum"},{"floor":10,"key":"Anchor"},{"floor":13,"key":"Meat on the Bone"},{"floor":19,"key":"Nilry\u0027s Codex"},{"floor":25,"key":"DataDisk"},{"floor":26,"key":"Regal Pillow"}],"event_choices":[{"damage_healed":0,"gold_gain":0,"player_choice":"Forge","damage_taken":0,"max_hp_gain":0,"max_hp_loss":0,"event_name":"Accursed Blacksmith","floor":5,"gold_loss":0,"cards_upgraded":["Loop"]},{"damage_healed":27,"gold_gain":0,"player_choice":"Banana","damage_taken":0,"max_hp_gain":0,"max_hp_loss":0,"event_name":"Big Fish","floor":14,"gold_loss":0},{"damage_healed":0,"gold_gain":0,"player_choice":"Obtained Book","damage_taken":16,"max_hp_gain":0,"max_hp_loss":0,"event_name":"Cursed Tome","floor":19,"gold_loss":0},{"damage_healed":0,"gold_gain":0,"player_choice":"Obtained Relic","damage_taken":0,"relics_obtained":["Emotion Chip"],"max_hp_gain":0,"max_hp_loss":0,"event_name":"Addict","floor":20,"gold_loss":85},{"damage_healed":0,"gold_gain":0,"player_choice":"Copied","damage_taken":0,"max_hp_gain":0,"max_hp_loss":0,"event_name":"Duplicator","floor":22,"gold_loss":0,"cards_obtained":["Loop"]}],"is_beta":false,"boss_relics":[{"not_picked":["Pandora\u0027s Box","Runic Dome"],"picked":"Runic Pyramid"}],"items_purged_floors":[2],"is_endless":false,"potions_floor_spawned":[3,6,10,11,13,18,24],"killed_by":"Snecko","ascension_level":1}