{"path_per_floor":["M","M","M","M","M","R","$","R","T","?","?","M","?","?","R","B",null,"M","?","?","?","M","R","E","?","T","R","?","T","R","?","R","B",null,"M","?"],"character_chosen":"THE_SILENT","items_purchased":["Caltrops","Poisoned Stab","Dodge and Roll"],"gold_per_floor":[116,134,153,167,177,177,36,36,63,63,63,82,82,157,157,282,282,276,276,276,276,292,292,327,327,327,327,227,227,227,227,227,324,324,343,343],"floor_reached":37,"campfire_rested":6,"playtime":2674,"current_hp_per_floor":[70,65,56,41,33,54,54,70,70,52,52,44,44,10,31,3,70,44,44,44,44,42,63,13,13,23,40,40,40,57,57,57,10,59,49,49],"items_purged":[],"gold":343,"play_id":"c1ca54ee-9892-4b4f-993d-e9c5b1e3089d","is_prod":false,"is_daily":false,"is_ascension_mode":false,"campfire_upgraded":1,"path_taken":["M","M","M","M","M","R","$","R","T","?","?","M","?","?","R","BOSS","M","?","?","?","M","R","E","?","T","R","?","?","R","?","R","BOSS","M","?","M"],"build_version":"2018-02-01-PROD3","purchased_purges":0,"victory":false,"master_deck":["Defend_G","Defend_G","Defend_G","Defend_G","Defend_G","Survivor","Neutralize","Poisoned Stab+1","Deadly Poison","Deadly Poison","Prepared","Dagger Throw","Poisoned Stab","Dodge and Roll","Injury","Dagger Spray","Deflect","Wraith Form","Infinite Blades+1","Tools of the Trade+1","Outmaneuver+1","Quick Slash","Backstab+1","Flying Knee+1","Bouncing Flask+1","Bite","Bite","Bite","Bite","Bite","J.A.X.","Night Terror","Dash+1"],"max_hp_per_floor":[70,70,70,70,70,70,70,70,70,70,70,70,70,70,70,70,70,70,70,70,70,70,70,70,49,59,59,59,59,59,59,59,59,59,59,59],"relics":["White Beast Statue","Juzu Bracelet","Tough Bandages","Bloody Idol","Ginger","Ancient Tea Set","Astrolabe","Gremlin Horn","Pear","Thread and Needle","Black Star"],"card_choices":[{"not_picked":["Eviscerate","Dagger Spray"],"picked":"Poisoned Stab"},{"not_picked":["Acrobatics","Caltrops"],"picked":"Deadly Poison"},{"not_picked":["Quick Slash","Acrobatics"],"picked":"Deadly Poison"},{"not_picked":["PiercingWail","Skewer"],"picked":"Prepared"},{"not_picked":["Sucker Punch","Leg Sweep"],"picked":"Dagger Throw"},{"not_picked":["Outmaneuver","Caltrops"],"picked":"Dagger Spray"},{"not_picked":["Dodge and Roll","Acrobatics"],"picked":"Deflect"},{"not_picked":["Bullet Time","Adrenaline"],"picked":"Wraith Form"},{"not_picked":["Dash","Slice"],"picked":"Quick Slash"},{"not_picked":["Dodge and Roll","Calculated Gamble"],"picked":"Flying Knee"},{"not_picked":["Slice","Crippling Poison"],"picked":"Bouncing Flask"},{"not_picked":["Corpse Explosion","Tools of the Trade"],"picked":"Night Terror"},{"not_picked":["Poisoned Stab","Malaise"],"picked":"Dash"}],"player_experience":33630,"potions_floor_usage":[33,33,33],"damage_taken":[{"damage":0.0,"enemies":"Small Slimes","floor":1.0,"turns":5.0},{"damage":5.0,"enemies":"Jaw Worm","floor":2.0,"turns":5.0},{"damage":9.0,"enemies":"Blue Slaver","floor":3.0,"turns":4.0},{"damage":15.0,"enemies":"3 Louse","floor":4.0,"turns":4.0},{"damage":8.0,"enemies":"Exordium Wildlife","floor":5.0,"turns":6.0},{"damage":8.0,"enemies":"Large Slime","floor":12.0,"turns":7.0},{"damage":34.0,"enemies":"Lagavulin Event","floor":14.0,"turns":7.0},{"damage":28.0,"enemies":"Hexaghost","floor":16.0,"turns":11.0},{"damage":26.0,"enemies":"2 Thieves","floor":18.0,"turns":4.0},{"damage":7.0,"enemies":"Shell Parasite","floor":22.0,"turns":6.0},{"damage":55,"enemies":"Book of Stabbing","floor":24,"turns":6},{"damage":83,"enemies":"Collector","floor":33,"turns":11},{"damage":15,"enemies":"Orb Walker","floor":35,"turns":4},{"damage":50,"enemies":"3 Darklings","floor":37,"turns":3}],"event_choices":[{"event_name":"Scrap Ooze","player_choice":"success","floor":10.0,"damage_taken":18.0},{"event_name":"Golden Idol","player_choice":"Take Wound","floor":11.0,"damage_taken":0.0},{"event_name":"Accursed Blacksmith","player_choice":"Rummage","floor":13.0,"damage_taken":0.0},{"event_name":"Dead Adventurer","player_choice":"Searched \u00271\u0027 times","floor":14.0,"damage_taken":0.0},{"event_name":"Forgotten Altar","player_choice":"Gave Idol","floor":19.0,"damage_taken":0.0},{"event_name":"The Library","player_choice":"Read","floor":20.0,"damage_taken":0.0},{"event_name":"Back to Basics","player_choice":"Elegance","floor":21.0,"damage_taken":0.0},{"event_name":"Vampires","player_choice":"Became a vampire","floor":25,"damage_taken":0},{"event_name":"Drug Dealer","player_choice":"Got JAXXED","floor":28,"damage_taken":0},{"event_name":"Upgrade Shrine","player_choice":"Upgraded","floor":31,"damage_taken":0}],"boss_relics":[{"not_picked":["Cursed Key","Calling Bell"],"picked":"Black Star"}],"potions_floor_spawned":[1,2,3,4,5,12,14,14,16,18,22,24,33,35],"seed_played":"8720673479385047332","killed_by":"3 Darklings","ascension_level":0,"is_trial":false}