{"gold_per_floor":[109,109,119,119,137,164,164,192,262,262,277,277,304,304],"floor_reached":14,"playtime":396,"items_purged":[],"score":146,"play_id":"013a67ba-15b9-4077-96a4-f5ceff9636ab","local_time":"20190619203955","is_ascension_mode":true,"campfire_choices":[{"data":"Armaments","floor":7,"key":"SMITH"},{"data":"Blood for Blood","floor":10,"key":"SMITH"}],"neow_cost":"NONE","seed_source_timestamp":530158188016241,"circlet_count":0,"master_deck":["Strike_R","Strike_R","Strike_R","Strike_R","Defend_R","Defend_R","Defend_R","Defend_R","Bash+1","Shrug It Off","Bludgeon+1","Clothesline","Armaments+1","Dual Wield","Blood for Blood+1","Cleave","Seeing Red"],"relics":["Burning Blood","Incense Burner","PreservedInsect","Bottled Flame"],"potions_floor_usage":[],"damage_taken":[{"damage":12,"enemies":"2 Louse","floor":1,"turns":3},{"damage":1,"enemies":"Cultist","floor":3,"turns":3},{"damage":6,"enemies":"Small Slimes","floor":5,"turns":2},{"damage":20,"enemies":"Lagavulin","floor":6,"turns":5},{"damage":31,"enemies":"3 Sentries","floor":8,"turns":7},{"damage":19,"enemies":"Gremlin Gang","floor":11,"turns":4},{"damage":7,"enemies":"Lagavulin","floor":13,"turns":3},{"damage":18,"enemies":"Lots of Slimes","floor":14,"turns":2}],"seed_played":"4060123458243543416","potions_obtained":[{"floor":5,"key":"PowerPotion"},{"floor":8,"key":"AttackPotion"},{"floor":11,"key":"PowerPotion"}],"is_trial":false,"path_per_floor":["M","?","M","$","M","E","R","E","T","R","M","?","E","M"],"character_chosen":"IRONCLAD","items_purchased":[],"campfire_rested":0,"item_purchase_floors":[],"current_hp_per_floor":[66,66,71,71,71,57,57,32,32,32,19,19,18,0],"gold":304,"neow_bonus":"UPGRADE_CARD","is_prod":false,"is_daily":false,"chose_seed":false,"campfire_upgraded":2,"win_rate":0,"timestamp":1560940795,"path_taken":["M","?","M","?","M","E","R","E","T","R","M","?","E","?"],"build_version":"2019-01-23","purchased_purges":0,"victory":false,"max_hp_per_floor":[80,80,80,80,80,80,80,80,80,80,80,80,80,80],"card_choices":[{"not_picked":["Headbutt","Clash"],"picked":"Shrug It Off","floor":1},{"not_picked":["Sever Soul","Combust"],"picked":"Clothesline","floor":3},{"not_picked":["Pommel Strike","Sever Soul"],"picked":"Armaments","floor":5},{"not_picked":["Dark Embrace","Second Wind"],"picked":"Dual Wield","floor":6},{"not_picked":["Armaments","Havoc"],"picked":"Blood for Blood","floor":8},{"not_picked":["Clash","Pommel Strike"],"picked":"Cleave","floor":11},{"not_picked":["Bloodletting","Flex","Seeing Red"],"picked":"SKIP","floor":13},{"not_picked":["Bloodletting","Flex"],"picked":"Seeing Red","floor":13}],"player_experience":466311,"relics_obtained":[{"floor":6,"key":"Incense Burner"},{"floor":8,"key":"PreservedInsect"},{"floor":13,"key":"Bottled Flame"}],"event_choices":[{"damage_healed":0,"gold_gain":0,"cards_transformed":["Strike_R"],"player_choice":"Transformed","damage_taken":0,"max_hp_gain":0,"max_hp_loss":0,"event_name":"Transmorgrifier","floor":2,"gold_loss":0,"cards_obtained":["Bludgeon"]},{"damage_healed":0,"gold_gain":0,"player_choice":"Upgraded","damage_taken":0,"max_hp_gain":0,"max_hp_loss":0,"event_name":"Upgrade Shrine","floor":12,"gold_loss":0,"cards_upgraded":["Bludgeon"]}],"is_beta":false,"boss_relics":[],"items_purged_floors":[],"is_endless":false,"potions_floor_spawned":[5,8,11],"killed_by":"Lots of Slimes","ascension_level":7}