{"gold_per_floor":[114,114,114,114,132,132,18,28,28,39,39],"floor_reached":11,"playtime":275,"items_purged":["Regret"],"score":98,"play_id":"b43e8d23-29c1-4bd3-bd1a-f4b874e679d2","local_time":"20190622170313","is_ascension_mode":true,"campfire_choices":[{"floor":6,"key":"REST"}],"neow_cost":"NONE","seed_source_timestamp":776484086784108,"circlet_count":0,"master_deck":["AscendersBane","Strike_R","Strike_R","Strike_R","Strike_R","Defend_R","Defend_R","Defend_R","Defend_R","Bash+1","Shrug It Off","Ghostly Armor","Burning Pact","Flame Barrier","Sword Boomerang","Feel No Pain"],"relics":["Burning Blood","Dodecahedron","Mummified Hand","Bird Faced Urn"],"potions_floor_usage":[],"damage_taken":[{"damage":5,"enemies":"Small Slimes","floor":1,"turns":3},{"damage":13,"enemies":"Jaw Worm","floor":5,"turns":4},{"damage":11,"enemies":"Cultist","floor":8,"turns":4},{"damage":19,"enemies":"3 Louse","floor":10,"turns":5},{"damage":49,"enemies":"Lagavulin Event","floor":11,"turns":6}],"seed_played":"-7637506262769834959","potions_obtained":[{"floor":1,"key":"Block Potion"}],"is_trial":false,"path_per_floor":["M","?","?","?","M","R","$","M","T","M","?"],"character_chosen":"IRONCLAD","items_purchased":["Flame Barrier"],"campfire_rested":1,"item_purchase_floors":[7],"current_hp_per_floor":[73,73,40,40,33,57,57,52,52,39,0],"gold":39,"neow_bonus":"UPGRADE_CARD","is_prod":false,"is_daily":false,"chose_seed":false,"campfire_upgraded":0,"win_rate":0,"timestamp":1561186993,"path_taken":["M","?","?","?","?","R","$","M","T","M","?"],"build_version":"2019-01-23","purchased_purges":1,"victory":false,"max_hp_per_floor":[80,80,80,80,80,80,80,80,80,80,80],"card_choices":[{"not_picked":["Carnage","Perfected Strike"],"picked":"Shrug It Off","floor":1},{"not_picked":["Sword Boomerang","Clash"],"picked":"Burning Pact","floor":5},{"not_picked":["Warcry","Heavy Blade"],"picked":"Sword Boomerang","floor":8},{"not_picked":["Shrug It Off","Heavy Blade"],"picked":"Feel No Pain","floor":10}],"player_experience":485632,"relics_obtained":[{"floor":9,"key":"Bird Faced Urn"}],"event_choices":[{"damage_healed":0,"gold_gain":0,"player_choice":"Box","damage_taken":0,"relics_obtained":["Dodecahedron"],"max_hp_gain":0,"max_hp_loss":0,"event_name":"Big Fish","floor":2,"gold_loss":0,"cards_obtained":["Regret"]},{"damage_healed":0,"gold_gain":0,"player_choice":"Success","damage_taken":33,"relics_obtained":["Mummified Hand"],"max_hp_gain":0,"max_hp_loss":0,"event_name":"Scrap Ooze","floor":3,"gold_loss":0},{"damage_healed":0,"gold_gain":0,"cards_transformed":["Strike_R"],"player_choice":"Transformed","damage_taken":0,"max_hp_gain":0,"max_hp_loss":0,"event_name":"Transmorgrifier","floor":4,"gold_loss":0,"cards_obtained":["Ghostly Armor"]},{"damage_healed":0,"gold_gain":0,"player_choice":"Searched \u00272\u0027 times","damage_taken":0,"max_hp_gain":0,"max_hp_loss":0,"event_name":"Dead Adventurer","floor":11,"gold_loss":0}],"is_beta":false,"boss_relics":[],"items_purged_floors":[7],"is_endless":false,"potions_floor_spawned":[1],"killed_by":"Lagavulin Event","ascension_level":11}