{"path_per_floor":["M","M","M","?","$","R","M","?","T","?","M","M","?","M","R","B",null,"M","$","M","?","M","R","?","E","T","T","$","M","R","?","R"],"character_chosen":"THE_SILENT","items_purchased":["Dagger Throw","Predator","Crippling Poison","Dramatic Entrance","Backstab"],"gold_per_floor":[110,130,142,142,15,15,28,58,81,256,273,288,288,299,299,399,399,411,66,76,76,94,94,9,35,35,88,20,31,31,31,31],"floor_reached":33,"campfire_rested":3,"playtime":2807,"current_hp_per_floor":[70,63,58,58,58,58,56,56,56,56,48,40,57,55,55,27,70,56,56,42,42,23,44,44,6,6,6,6,6,27,18,40],"items_purged":["Strike_G","Defend_G"],"gold":31,"play_id":"0768fbba-924b-4469-b4c2-0fa67b2f6fc1","is_prod":false,"is_daily":false,"is_ascension_mode":false,"campfire_upgraded":2,"path_taken":["M","M","M","?","$","R","M","?","T","?","M","M","?","M","R","BOSS","M","$","M","?","M","R","?","E","T","?","$","M","R","?","R","BOSS"],"build_version":"2018-02-01-PROD3","purchased_purges":2,"victory":false,"master_deck":["Defend_G","Defend_G","Defend_G","Defend_G","Strike_G","Survivor","Neutralize","Deadly Poison","Sucker Punch","Infinite Blades+1","Dagger Throw","Backstab+1","Backflip","Bouncing Flask","PiercingWail","Storm of Steel","Flying Knee+1","Envenom+1","Distraction+1","Poisoned Stab","Predator","Crippling Poison","Dramatic Entrance","Cloak And Dagger","Blade Dance+1","Dash","Leg Sweep+1","Quick Slash+1","Backstab","Poisoned Stab+1"],"max_hp_per_floor":[70,70,70,70,70,70,70,70,70,70,70,70,70,70,70,70,70,70,70,70,70,70,70,70,70,70,70,70,70,70,75,75],"relics":["Ring of the Snake","Omamori","Prayer Wheel","Astrolabe","Snake Skull","Tough Bandages","Bag of Marbles","Juzu Bracelet"],"card_choices":[{"not_picked":["Prepared","Slice"],"picked":"Deadly Poison"},{"not_picked":["Prepared","Skewer"],"picked":"Sucker Punch"},{"not_picked":["Flying Knee","Sucker Punch"],"picked":"Infinite Blades"},{"not_picked":["Cloak And Dagger","Underhanded Strike"],"picked":"Backstab"},{"not_picked":["Heel Hook","Deadly Poison"],"picked":"Backflip"},{"not_picked":["Accuracy","Backflip"],"picked":"Bouncing Flask"},{"not_picked":["Sucker Punch","Skewer"],"picked":"PiercingWail"},{"not_picked":["Tactician","Burst"],"picked":"Storm of Steel"},{"not_picked":["Deflect","Riddle With Holes"],"picked":"Poisoned Stab"},{"not_picked":["Outmaneuver","Deadly Poison"],"picked":"Cloak And Dagger"},{"not_picked":["Endless Agony","Bane"],"picked":"Blade Dance"},{"not_picked":["Acrobatics","Wraith Form"],"picked":"Dash"},{"not_picked":["Flechettes","Choke"],"picked":"Leg Sweep"},{"not_picked":["Flying Knee","Slice"],"picked":"Quick Slash"},{"not_picked":["Well Laid Plans","Dagger Throw"],"picked":"Poisoned Stab"}],"player_experience":65670,"potions_floor_usage":[16,25,25],"damage_taken":[{"damage":0,"enemies":"2 Louse","floor":1,"turns":4},{"damage":7,"enemies":"Blue Slaver","floor":2,"turns":5},{"damage":5,"enemies":"Jaw Worm","floor":3,"turns":5},{"damage":2,"enemies":"Exordium Wildlife","floor":7,"turns":3},{"damage":8,"enemies":"3 Louse","floor":11,"turns":3},{"damage":8,"enemies":"Lots of Slimes","floor":12,"turns":4},{"damage":2,"enemies":"2 Fungi Beasts","floor":14,"turns":4},{"damage":28,"enemies":"Hexaghost","floor":16,"turns":12},{"damage":14,"enemies":"3 Byrds","floor":18,"turns":6},{"damage":14,"enemies":"Chosen","floor":20,"turns":5},{"damage":19,"enemies":"Centurion and Healer","floor":22,"turns":8},{"damage":38,"enemies":"Slavers","floor":25,"turns":5},{"damage":0,"enemies":"Snake Plant","floor":29,"turns":2},{"damage":50,"enemies":"Champ","floor":33,"turns":7}],"event_choices":[{"event_name":"The Woman in Blue","player_choice":"Bought 0 Potions","floor":4,"damage_taken":0},{"event_name":"Dead Adventurer","player_choice":"Searched \u00272\u0027 times","floor":8,"damage_taken":0},{"event_name":"Liars Game","player_choice":"agreed","floor":10,"damage_taken":0},{"event_name":"Mushrooms","player_choice":"Healed and dodged fight","floor":13,"damage_taken":0},{"event_name":"Drug Dealer","player_choice":"Ignored","floor":21,"damage_taken":0},{"event_name":"Addict","player_choice":"Obtained Relic","floor":24,"damage_taken":0},{"event_name":"Forgotten Altar","player_choice":"Shed Blood","floor":31,"damage_taken":0}],"boss_relics":[{"not_picked":["Philosopher\u0027s Stone","Runic Pyramid"],"picked":"Astrolabe"}],"potions_floor_spawned":[2,7,12,16,18,20],"seed_played":"9083510343760628678","killed_by":"Champ","ascension_level":0,"is_trial":false}