{"gold_per_floor":[210,160,17,117,130,130,157,171,171,186,153,153,185,196,196,294,294,308,319,3,16,16,47,59,59,59,90,106,123,123,123,123,227,227,244,255,255,355,373,373,398,416,416,436,464,180,205,215,215,215,215,215,8,34,34],"floor_reached":56,"playtime":4815,"items_purged":["Strike_B","Strike_B+1"],"score":1418,"play_id":"2f1a91c3-7888-495b-82ab-b104043504de","local_time":"20190527215452","is_ascension_mode":true,"campfire_choices":[{"data":"Defragment","floor":6.0,"key":"SMITH"},{"floor":12.0,"key":"REST"},{"data":"Zap","floor":15.0,"key":"SMITH"},{"data":"Defragment","floor":25.0,"key":"SMITH"},{"data":"Buffer","floor":30.0,"key":"SMITH"},{"floor":32.0,"key":"REST"},{"floor":40.0,"key":"RECALL"},{"data":"Barrage","floor":49.0,"key":"SMITH"},{"data":"Seek","floor":52,"key":"SMITH"}],"neow_cost":"NONE","seed_source_timestamp":0,"circlet_count":0,"master_deck":["Strike_B+1","Defend_B+1","Defend_B+1","Defend_B+1","Defend_B+1","Zap+1","Dualcast","Defragment+1","Cold Snap","Ball Lightning","Gash+1","FTL+1","Conserve Battery","Reboot+1","Chill+1","Defragment+1","Buffer+1","Rebound+1","Seek+1","Gash","Defragment+1","Auto Shields+1","Machine Learning+1","Compile Driver","FTL","Beam Cell+1","Self Repair+1","Go for the Eyes+1","Skim+1","Cold Snap+1","Capacitor+1","Panache+1","Rip and Tear+1","Barrage+1","Dark Shackles","Barrage","Gash+1"],"special_seed":0,"relics":["FrozenCore","PreservedInsect","Gambling Chip","Shuriken","Whetstone","Membership Card","Vajra","Anchor","Frozen Egg 2","Philosopher\u0027s Stone","Torii","War Paint","Blood Vial","Prayer Wheel","Smiling Mask","Runic Capacitor","DataDisk"],"potions_floor_usage":[55,55,55,55,55,55],"damage_taken":[{"damage":1.0,"enemies":"Jaw Worm","floor":1.0,"turns":3.0},{"damage":1.0,"enemies":"2 Louse","floor":5.0,"turns":3.0},{"damage":19.0,"enemies":"Lagavulin","floor":7.0,"turns":5.0},{"damage":1.0,"enemies":"Cultist","floor":8.0,"turns":3.0},{"damage":10.0,"enemies":"Lots of Slimes","floor":10.0,"turns":6.0},{"damage":2.0,"enemies":"Gremlin Nob","floor":13.0,"turns":3.0},{"damage":0.0,"enemies":"Blue Slaver","floor":14.0,"turns":1.0},{"damage":29.0,"enemies":"Hexaghost","floor":16.0,"turns":8.0},{"damage":0.0,"enemies":"Spheric Guardian","floor":18.0,"turns":4.0},{"damage":1.0,"enemies":"3 Byrds","floor":19.0,"turns":5.0},{"damage":2.0,"enemies":"Snake Plant","floor":21.0,"turns":5.0},{"damage":35.0,"enemies":"Gremlin Leader","floor":23.0,"turns":7.0},{"damage":0.0,"enemies":"Chosen and Byrds","floor":24.0,"turns":6.0},{"damage":8.0,"enemies":"Book of Stabbing","floor":27.0,"turns":4.0},{"damage":0.0,"enemies":"Centurion and Healer","floor":28.0,"turns":5.0},{"damage":0.0,"enemies":"3 Cultists","floor":29.0,"turns":5.0},{"damage":0.0,"enemies":"Collector","floor":33.0,"turns":11.0},{"damage":0.0,"enemies":"Orb Walker","floor":35.0,"turns":3.0},{"damage":0.0,"enemies":"3 Shapes","floor":36.0,"turns":4.0},{"damage":0.0,"enemies":"Mind Bloom Boss Battle","floor":38.0,"turns":5.0},{"damage":0.0,"enemies":"Transient","floor":39.0,"turns":5.0},{"damage":0.0,"enemies":"Reptomancer","floor":41.0,"turns":5.0},{"damage":0.0,"enemies":"Maw","floor":42.0,"turns":6.0},{"damage":0.0,"enemies":"4 Shapes","floor":44.0,"turns":4.0},{"damage":0.0,"enemies":"Giant Head","floor":45.0,"turns":6.0},{"damage":0.0,"enemies":"Reptomancer","floor":47.0,"turns":5.0},{"damage":0.0,"enemies":"Writhing Mass","floor":48.0,"turns":6.0},{"damage":43,"enemies":"Awakened One","floor":50,"turns":10},{"damage":11,"enemies":"Shield and Spear","floor":54,"turns":5},{"damage":23,"enemies":"The Heart","floor":55,"turns":8}],"seed_played":"-5699196127546251382","potions_obtained":[{"floor":1.0,"key":"Regen Potion"},{"floor":8.0,"key":"Fire Potion"},{"floor":13.0,"key":"Strength Potion"},{"floor":16.0,"key":"Weak Potion"},{"floor":29.0,"key":"Weak Potion"},{"floor":33.0,"key":"EntropicBrew"},{"floor":38.0,"key":"Ancient Potion"},{"floor":42.0,"key":"Poison Potion"},{"floor":45.0,"key":"LiquidBronze"}],"is_trial":false,"path_per_floor":["M","?","$","?","M","R","E","M","T","M","?","R","E","M","R","B",null,"M","M","$","M","$","E","M","R","T","E","M","M","R","?","R","B",null,"M","M","?","?","M","R","E","M","T","M","E","$","E","M","R","B",null,"R","$","E","B",null],"character_chosen":"DEFECT","items_purchased":["PreservedInsect","Membership Card","Buffer","Capacitor+1","Panache+1","Prayer Wheel","Runic Capacitor","Dark Shackles","Barrage"],"campfire_rested":2,"item_purchase_floors":[3,20,20,46,46,46,53,53,53],"current_hp_per_floor":[74,74,74,74,73,73,54,53,53,43,43,65,63,63,63,34,75,75,74,74,72,72,37,37,37,37,41,41,41,41,41,63,63,75,75,75,75,75,75,75,75,75,75,75,75,75,75,75,75,42,75,75,75,74,62],"gold":34,"neow_bonus":"HUNDRED_GOLD","is_prod":false,"is_daily":false,"chose_seed":false,"campfire_upgraded":6,"win_rate":0,"timestamp":1559008492,"path_taken":["M","?","$","?","?","R","E","?","T","M","?","R","E","M","R","BOSS","M","M","$","M","$","E","M","R","T","E","M","M","R","?","R","BOSS","M","M","?","?","M","R","E","M","T","M","E","$","E","M","R","BOSS","R","$","E","BOSS"],"build_version":"2019-01-23","purchased_purges":2,"victory":true,"max_hp_per_floor":[75,75,75,75,75,75,75,75,75,75,75,75,75,75,75,75,75,75,75,75,75,75,75,75,75,75,75,75,75,75,75,75,75,75,75,75,75,75,75,75,75,75,75,75,75,75,75,75,75,75,75,75,75,75,75],"card_choices":[{"not_picked":["Static Discharge","Barrage"],"picked":"Defragment","floor":1.0},{"not_picked":["Recycle","Melter"],"picked":"Cold Snap","floor":5.0},{"not_picked":["Auto Shields","Go for the Eyes"],"picked":"Ball Lightning","floor":7.0},{"not_picked":["Redo","Stack"],"picked":"Gash","floor":8.0},{"not_picked":["Steam","Reinforced Body"],"picked":"FTL","floor":10.0},{"not_picked":["Tempest","Beam Cell","Reinforced Body"],"picked":"SKIP","floor":13.0},{"not_picked":["Cold Snap","Ball Lightning"],"picked":"Conserve Battery","floor":14.0},{"not_picked":["Rainbow","Creative AI"],"picked":"Reboot","floor":16.0},{"not_picked":["Cold Snap","Ball Lightning"],"picked":"Chill+1","floor":18.0},{"not_picked":["Rebound+1","Aggregate"],"picked":"Defragment","floor":19.0},{"not_picked":["Streamline+1","Go for the Eyes"],"picked":"Rebound+1","floor":21.0},{"not_picked":["Melter+1","Beam Cell"],"picked":"Seek","floor":23.0},{"not_picked":["Cold Snap","FTL"],"picked":"Gash","floor":24.0},{"not_picked":["Chill","Streamline"],"picked":"Defragment","floor":27.0},{"not_picked":["Coolheaded","Genetic Algorithm"],"picked":"Auto Shields","floor":28.0},{"not_picked":["Melter+1","Leap+1","Undo"],"picked":"SKIP","floor":29.0},{"not_picked":["Biased Cognition+1","Seek"],"picked":"Machine Learning+1","floor":33.0},{"not_picked":["Redo+1","Recycle"],"picked":"Compile Driver","floor":35.0},{"not_picked":["Stack","Redo"],"picked":"FTL","floor":36.0},{"not_picked":["Tempest","Blizzard+1"],"picked":"Beam Cell+1","floor":38.0},{"not_picked":["Loop+1","Rebound","Redo+1"],"picked":"SKIP","floor":39.0},{"not_picked":["Leap","Rainbow"],"picked":"Self Repair+1","floor":41.0},{"not_picked":["Conserve Battery","Rebound"],"picked":"Go for the Eyes+1","floor":42.0},{"not_picked":["Turbo","Sunder"],"picked":"Skim+1","floor":44.0},{"not_picked":["Consume","Fusion"],"picked":"Cold Snap+1","floor":45.0},{"not_picked":["Compile Driver","Cold Snap"],"picked":"Rip and Tear+1","floor":47.0},{"not_picked":["Blizzard+1","Darkness+1"],"picked":"Barrage","floor":48.0},{"not_picked":["Hello World+1","Coolheaded","Turbo+1"],"picked":"SKIP","floor":48.0},{"not_picked":["Hyperbeam","Ball Lightning+1"],"picked":"Gash+1","floor":54}],"player_experience":261161,"relics_obtained":[{"floor":7.0,"key":"Gambling Chip"},{"floor":9.0,"key":"Shuriken"},{"floor":13.0,"key":"Whetstone"},{"floor":23.0,"key":"Vajra"},{"floor":26.0,"key":"Anchor"},{"floor":27.0,"key":"Frozen Egg 2"},{"floor":38.0,"key":"Torii"},{"floor":41.0,"key":"War Paint"},{"floor":45.0,"key":"Blood Vial"},{"floor":47.0,"key":"Smiling Mask"},{"floor":54,"key":"DataDisk"}],"event_choices":[{"cards_removed":["Strike_B"],"damage_healed":0.0,"max_hp_gain":0.0,"max_hp_loss":0.0,"gold_gain":0.0,"event_name":"The Cleric","player_choice":"Card Removal","floor":2.0,"gold_loss":50.0,"damage_taken":0.0},{"damage_healed":0.0,"max_hp_gain":0.0,"max_hp_loss":0.0,"gold_gain":100.0,"event_name":"Wheel of Change","player_choice":"Gold","floor":4.0,"gold_loss":0.0,"damage_taken":0.0},{"damage_healed":0.0,"max_hp_gain":0.0,"max_hp_loss":0.0,"gold_gain":0.0,"event_name":"World of Goop","player_choice":"Left Gold","floor":11.0,"gold_loss":33.0,"damage_taken":0.0},{"damage_healed":0.0,"max_hp_gain":0.0,"max_hp_loss":0.0,"gold_gain":0.0,"event_name":"Back to Basics","player_choice":"Simplicity","floor":31.0,"gold_loss":0.0,"damage_taken":0.0,"cards_upgraded":["Strike_B","Strike_B","Defend_B","Defend_B","Defend_B","Defend_B"]},{"damage_healed":0.0,"max_hp_gain":0.0,"max_hp_loss":0.0,"gold_gain":0.0,"event_name":"Tomb of Lord Red Mask","player_choice":"Ignored","floor":37.0,"gold_loss":0.0,"damage_taken":0.0},{"damage_healed":0.0,"max_hp_gain":0.0,"max_hp_loss":0.0,"gold_gain":0.0,"event_name":"MindBloom","player_choice":"Fight","floor":38.0,"gold_loss":0.0,"damage_taken":0.0}],"is_beta":false,"boss_relics":[{"not_picked":["Calling Bell","Lizard Tail"],"picked":"FrozenCore"},{"not_picked":["Orrery","Coffee Dripper"],"picked":"Philosopher\u0027s Stone"}],"items_purged_floors":[20,53],"is_endless":false,"potions_floor_spawned":[1,8,13,16,18,21,23,29,33,38,42,44,45,54],"ascension_level":1}