{"gold_per_floor":[118,137,87,102,10,39,58,116,139,139,155,155],"floor_reached":12,"playtime":1143,"items_purged":[],"score":80,"play_id":"3c3615c1-4dfd-48fe-9fc2-a84b2ba90aee","local_time":"20190429191943","is_ascension_mode":false,"campfire_choices":[],"neow_cost":"NONE","seed_source_timestamp":20154598785048,"circlet_count":0,"master_deck":["Strike_B","Strike_B","Strike_B","Defend_B","Defend_B","Defend_B","Defend_B","Zap","Dualcast+1","Tempest","Compile Driver","Defragment","Doom and Gloom","Conserve Battery","Stack","Leap","Cold Snap","Auto Shields"],"relics":["Cracked Core","Dream Catcher","Happy Flower","Anchor"],"potions_floor_usage":[],"damage_taken":[{"damage":0,"enemies":"2 Louse","floor":1,"turns":3},{"damage":0,"enemies":"Small Slimes","floor":2,"turns":3},{"damage":1,"enemies":"Cultist","floor":4,"turns":3},{"damage":39,"enemies":"Gremlin Nob","floor":6,"turns":5},{"damage":9,"enemies":"Exordium Wildlife","floor":7,"turns":4},{"damage":28,"enemies":"Lagavulin Event","floor":8,"turns":4},{"damage":0,"enemies":"2 Fungi Beasts","floor":11,"turns":4},{"damage":6,"enemies":"Gremlin Gang","floor":12,"turns":2}],"seed_played":"7640255308345941429","potions_obtained":[{"floor":4,"key":"Strength Potion"},{"floor":7,"key":"Swift Potion"}],"is_trial":false,"path_per_floor":["M","M","?","M","$","E","M","?","T","?","M","M"],"character_chosen":"DEFECT","items_purchased":["Doom and Gloom","Conserve Battery"],"campfire_rested":0,"item_purchase_floors":[5,5],"current_hp_per_floor":[82,82,82,81,81,42,33,5,5,5,5,0],"gold":155,"neow_bonus":"TEN_PERCENT_HP_BONUS","is_prod":false,"is_daily":false,"chose_seed":false,"campfire_upgraded":0,"win_rate":0.0,"timestamp":1556579983,"path_taken":["M","M","?","M","$","E","M","?","T","?","M","M"],"build_version":"2019-01-23","purchased_purges":0,"victory":false,"max_hp_per_floor":[82,82,82,82,82,82,82,82,82,82,82,82],"card_choices":[{"not_picked":["Barrage","Double Energy"],"picked":"Tempest","floor":1},{"not_picked":["Steam","Stack"],"picked":"Compile Driver","floor":2},{"not_picked":["Genetic Algorithm","Conserve Battery"],"picked":"Defragment","floor":4},{"not_picked":["Lockon","Force Field"],"picked":"Stack","floor":6},{"not_picked":["Barrage","FTL"],"picked":"Leap","floor":7},{"not_picked":["Static Discharge","Chill"],"picked":"Cold Snap","floor":8},{"not_picked":["Leap","Cold Snap"],"picked":"Auto Shields","floor":11}],"player_experience":132997,"relics_obtained":[{"floor":6,"key":"Dream Catcher"},{"floor":8,"key":"Happy Flower"},{"floor":9,"key":"Anchor"}],"event_choices":[{"cards_removed":["Strike_B"],"damage_healed":0,"gold_gain":0,"player_choice":"Card Removal","damage_taken":0,"max_hp_gain":0,"max_hp_loss":0,"event_name":"The Cleric","floor":3,"gold_loss":50},{"damage_healed":0,"gold_gain":0,"player_choice":"Searched \u00272\u0027 times","damage_taken":0,"max_hp_gain":0,"max_hp_loss":0,"event_name":"Dead Adventurer","floor":8,"gold_loss":0},{"damage_healed":0,"gold_gain":0,"player_choice":"Forge","damage_taken":0,"max_hp_gain":0,"max_hp_loss":0,"event_name":"Accursed Blacksmith","floor":10,"gold_loss":0,"cards_upgraded":["Dualcast"]}],"is_beta":false,"boss_relics":[],"items_purged_floors":[],"is_endless":false,"potions_floor_spawned":[4,7],"killed_by":"Gremlin Gang","ascension_level":0}