{"gold_per_floor":[112,112,112,112,127,127,162,180,180,180,215,233,248,248,248,350,350,366,366,366,377,184,184,197,197,220,220,220,220,251,262,262,358,408,428,428,428,132,142,142],"floor_reached":40,"playtime":2416,"items_purged":[],"score":506,"play_id":"2d7b1707-fdc2-45f2-bb51-d8e728995296","local_time":"20190609145002","is_ascension_mode":true,"campfire_choices":[{"data":"Finisher","floor":6,"key":"SMITH"},{"data":"Dash","floor":10,"key":"SMITH"},{"data":"Neutralize","floor":15,"key":"SMITH"},{"data":"Blade Dance","floor":23,"key":"SMITH"},{"floor":27,"key":"REST"},{"data":"Noxious Fumes","floor":29,"key":"SMITH"},{"floor":32,"key":"REST"}],"neow_cost":"NONE","seed_source_timestamp":1881669621605965,"circlet_count":0,"master_deck":["Defend_G","Defend_G","Defend_G","Defend_G","Defend_G","Strike_G","Strike_G","Strike_G","Strike_G+1","Survivor","Neutralize+1","Finisher+1","Dash+1","Prepared","Envenom+1","Backflip","Prepared","Burst","Blade Dance+1","Skewer","Finisher","Distraction","Backflip","Distraction+1","Noxious Fumes+1","Blur","Infinite Blades+1","Burst","Concentrate","Dagger Throw+1","Glass Knife"],"relics":["Ring of the Snake","NeowsBlessing","Pear","Lantern","Boot","Orrery","Anchor","Snake Skull","MutagenicStrength","Omamori","Tiny House","Dead Branch"],"potions_floor_usage":[16,30,33,33,33],"damage_taken":[{"damage":0,"enemies":"Small Slimes","floor":1,"turns":1},{"damage":0,"enemies":"Cultist","floor":5,"turns":1},{"damage":0,"enemies":"3 Sentries","floor":7,"turns":1},{"damage":2,"enemies":"Jaw Worm","floor":8,"turns":3},{"damage":21,"enemies":"Gremlin Nob","floor":11,"turns":4},{"damage":17,"enemies":"Lots of Slimes","floor":12,"turns":4},{"damage":0,"enemies":"Looter","floor":13,"turns":2},{"damage":17,"enemies":"Hexaghost","floor":16,"turns":12},{"damage":25,"enemies":"2 Thieves","floor":18,"turns":4},{"damage":8,"enemies":"Spheric Guardian","floor":21,"turns":3},{"damage":14,"enemies":"Centurion and Healer","floor":24,"turns":4},{"damage":52,"enemies":"Gremlin Leader","floor":30,"turns":6},{"damage":16,"enemies":"Cultist and Chosen","floor":31,"turns":6},{"damage":22,"enemies":"Collector","floor":33,"turns":5},{"damage":37,"enemies":"3 Darklings","floor":35,"turns":6},{"damage":14,"enemies":"3 Shapes","floor":39,"turns":3},{"damage":60,"enemies":"Giant Head","floor":40,"turns":6}],"seed_played":"-3812682794960522495","potions_obtained":[{"floor":1,"key":"GhostInAJar"},{"floor":7,"key":"Regen Potion"},{"floor":11,"key":"SteroidPotion"},{"floor":18,"key":"Fire Potion"},{"floor":30,"key":"SneckoOil"},{"floor":34,"key":"FearPotion"},{"floor":39,"key":"Ancient Potion"}],"is_trial":false,"path_per_floor":["M","?","$","$","M","R","E","M","T","R","E","M","M","?","R","B",null,"M","$","T","M","$","R","M","?","T","R","$","R","E","M","R","B",null,"M","?","?","$","M","E"],"character_chosen":"THE_SILENT","items_purchased":["Snake Skull","Noxious Fumes","Dead Branch"],"campfire_rested":2,"item_purchase_floors":[22,22,38],"current_hp_per_floor":[70,70,70,70,70,70,80,78,78,78,57,40,40,40,40,23,80,55,55,55,47,47,47,33,33,33,57,57,57,20,4,28,6,85,48,69,69,69,55,0],"gold":142,"neow_bonus":"THREE_ENEMY_KILL","is_prod":false,"is_daily":false,"chose_seed":false,"campfire_upgraded":5,"win_rate":0,"timestamp":1560055802,"path_taken":["M","?","?","$","M","R","E","?","T","R","E","M","M","?","R","BOSS","M","$","?","M","$","R","M","?","T","R","?","R","E","M","R","BOSS","M","?","?","$","?","E"],"build_version":"2019-01-23","purchased_purges":0,"victory":false,"max_hp_per_floor":[70,70,70,70,70,70,80,80,80,80,80,80,80,80,80,80,80,80,80,80,80,80,80,80,80,80,80,80,80,80,80,80,80,85,85,85,85,85,85,85],"card_choices":[{"not_picked":["Deadly Poison","Dagger Spray"],"picked":"Terror","floor":1},{"not_picked":["Escape Plan","Dagger Throw","Finisher"],"picked":"SKIP","floor":5},{"not_picked":["Escape Plan","Dagger Throw"],"picked":"Finisher","floor":5},{"not_picked":["Crippling Poison","Deflect"],"picked":"Dash","floor":7},{"not_picked":["Quick Slash","Concentrate"],"picked":"Prepared","floor":8},{"not_picked":["Deadly Poison","Poisoned Stab"],"picked":"Envenom","floor":11},{"not_picked":["Bane","Slice"],"picked":"Backflip","floor":12},{"not_picked":["Deadly Poison","Poisoned Stab"],"picked":"Prepared","floor":13},{"not_picked":["Venomology","Grand Finale"],"picked":"Burst","floor":16},{"not_picked":["Outmaneuver","Bane"],"picked":"Blade Dance","floor":17},{"not_picked":["Flying Knee","Quick Slash"],"picked":"Skewer","floor":17},{"not_picked":["Poisoned Stab","Glass Knife"],"picked":"Finisher","floor":17},{"not_picked":["Calculated Gamble","Backflip"],"picked":"Distraction","floor":17},{"not_picked":["Reflex","Slice"],"picked":"Backflip","floor":17},{"not_picked":["Poisoned Stab","Dash"],"picked":"Distraction+1","floor":18},{"not_picked":["Poisoned Stab","Backflip","Reflex+1"],"picked":"SKIP","floor":21},{"not_picked":["PiercingWail","Outmaneuver","Distraction"],"picked":"SKIP","floor":24},{"not_picked":["Poisoned Stab","Concentrate"],"picked":"Blur","floor":30},{"not_picked":["Flechettes","Backflip+1"],"picked":"Infinite Blades+1","floor":31},{"not_picked":["Glass Knife","A Thousand Cuts"],"picked":"Burst","floor":33},{"not_picked":["Outmaneuver","Bouncing Flask"],"picked":"Concentrate","floor":34},{"not_picked":["Slice+1","Calculated Gamble"],"picked":"Dagger Throw+1","floor":35},{"not_picked":["Sucker Punch","All Out Attack+1","Wraith Form v2"],"picked":"SKIP","floor":39}],"player_experience":436094,"relics_obtained":[{"floor":7,"key":"Pear"},{"floor":9,"key":"Lantern"},{"floor":11,"key":"Boot"},{"floor":20,"key":"Anchor"},{"floor":30,"key":"Omamori"}],"event_choices":[{"cards_removed":["Terror"],"damage_healed":0,"gold_gain":0,"player_choice":"Offered Uncommon","damage_taken":0,"max_hp_gain":0,"max_hp_loss":0,"event_name":"Bonfire Elementals","floor":2,"gold_loss":0},{"damage_healed":0,"gold_gain":0,"player_choice":"Upgraded","damage_taken":0,"max_hp_gain":0,"max_hp_loss":0,"event_name":"Upgrade Shrine","floor":14,"gold_loss":0,"cards_upgraded":["Envenom"]},{"damage_healed":0,"gold_gain":0,"player_choice":"Inject Mutagens","damage_taken":0,"relics_obtained":["MutagenicStrength"],"max_hp_gain":0,"max_hp_loss":0,"event_name":"Drug Dealer","floor":25,"gold_loss":0},{"damage_healed":21,"gold_gain":0,"player_choice":"Writhe","damage_taken":0,"max_hp_gain":0,"max_hp_loss":0,"event_name":"Winding Halls","floor":36,"gold_loss":0,"cards_obtained":["Writhe"]},{"damage_healed":0,"gold_gain":0,"cards_transformed":["Strike_G"],"player_choice":"Transformed","damage_taken":0,"max_hp_gain":0,"max_hp_loss":0,"event_name":"Transmorgrifier","floor":37,"gold_loss":0,"cards_obtained":["Glass Knife"]}],"is_beta":false,"boss_relics":[{"not_picked":["WristBlade","Coffee Dripper"],"picked":"Orrery"},{"not_picked":["Pandora\u0027s Box","Velvet Choker"],"picked":"Tiny House"}],"items_purged_floors":[],"is_endless":false,"potions_floor_spawned":[1,7,11,12,18,30,39],"killed_by":"Giant Head","ascension_level":2}