{"gold_per_floor":[116,131,141,151,164,164,221,221,248,248,261,261,291,291,291,410,410,431,431,431,455,455,489,489,514,514,545,7,7,7,7,7,127,127,148,167,500,500,187,187,212,212,212,212,247,259,289,77,77,77],"floor_reached":50,"playtime":3381,"items_purged":[],"score":621,"play_id":"9be6ac94-d8fd-46b0-a937-25f276a5a1e0","local_time":"20190115185938","is_ascension_mode":true,"campfire_choices":[{"data":"White Noise","floor":6,"key":"SMITH"},{"floor":8,"key":"REST"},{"data":"Zap","floor":10,"key":"SMITH"},{"floor":12,"key":"REST"},{"floor":15,"key":"REST"},{"floor":24,"key":"REST"},{"floor":29,"key":"REST"},{"data":"Static Discharge","floor":32,"key":"SMITH"},{"data":"Auto Shields","floor":40,"key":"SMITH"},{"floor":42,"key":"REST"},{"floor":44,"key":"REST"},{"floor":46,"key":"REST"},{"floor":49,"key":"REST"}],"neow_cost":"NONE","seed_source_timestamp":428086839270761,"circlet_count":0,"master_deck":["Strike_B+1","Strike_B+1","Strike_B+1","Strike_B+1","Defend_B+1","Defend_B+1","Defend_B+1","Defend_B+1","Zap+1","Dualcast","Cold Snap","Barrage","White Noise+1","Static Discharge+1","Conserve Battery","Melter","Doom and Gloom","Melter","Thunder Strike","Auto Shields+1","Reinforced Body+1","White Noise+1","Gash+1","Defragment+1","Darkness+1","Blizzard","Echo Form","Go for the Eyes","Conserve Battery+1","Madness+1","Madness+1","Sunder","Self Repair+1","Sweeping Beam","Barrage+1","Stack+1","Stack+1","Genetic Algorithm+1"],"relics":["Inserter","Tiny Chest","Boot","Juzu Bracelet","White Beast Statue","Bag of Preparation","Bottled Tornado","Toxic Egg 2","Mercury Hourglass","Gremlin Horn","Dream Catcher","Lizard Tail","Letter Opener","Ornamental Fan","Nunchaku","MawBank","Anchor"],"potions_floor_usage":[7,16,16,21,25,27,33,33,36,41,41,41,45,47,50],"damage_taken":[{"damage":1,"enemies":"Cultist","floor":1,"turns":4},{"damage":5,"enemies":"Jaw Worm","floor":2,"turns":5},{"damage":11,"enemies":"2 Louse","floor":3,"turns":3},{"damage":10,"enemies":"Exordium Thugs","floor":4,"turns":4},{"damage":4,"enemies":"Blue Slaver","floor":5,"turns":4},{"damage":31,"enemies":"Gremlin Nob","floor":7,"turns":5},{"damage":8,"enemies":"2 Fungi Beasts","floor":11,"turns":4},{"damage":27,"enemies":"3 Sentries","floor":13,"turns":4},{"damage":53,"enemies":"The Guardian","floor":16,"turns":10},{"damage":0,"enemies":"Spheric Guardian","floor":18,"turns":1},{"damage":6,"enemies":"Chosen","floor":21,"turns":8},{"damage":43,"enemies":"Book of Stabbing","floor":23,"turns":6},{"damage":11,"enemies":"Snake Plant","floor":25,"turns":5},{"damage":18,"enemies":"Gremlin Leader","floor":27,"turns":7},{"damage":54,"enemies":"Automaton","floor":33,"turns":8},{"damage":20,"enemies":"3 Shapes","floor":35,"turns":2},{"damage":7,"enemies":"Orb Walker","floor":36,"turns":4},{"damage":31,"enemies":"Nemesis","floor":41,"turns":7},{"damage":55,"enemies":"Giant Head","floor":45,"turns":8},{"damage":53,"enemies":"Spire Growth","floor":47,"turns":7},{"damage":48,"enemies":"Time Eater","floor":50,"turns":6}],"seed_played":"-7957242781618584047","potions_obtained":[{"floor":4,"key":"SpeedPotion"},{"floor":5,"key":"Swift Potion"},{"floor":11,"key":"Regen Potion"},{"floor":13,"key":"Dexterity Potion"},{"floor":18,"key":"GamblersBrew"},{"floor":21,"key":"Regen Potion"},{"floor":23,"key":"Energy Potion"},{"floor":25,"key":"FearPotion"},{"floor":27,"key":"Fire Potion"},{"floor":33,"key":"Weak Potion"},{"floor":35,"key":"SkillPotion"},{"floor":36,"key":"SpeedPotion"},{"floor":41,"key":"Fire Potion"},{"floor":45,"key":"PowerPotion"},{"floor":47,"key":"Weak Potion"}],"is_trial":false,"path_per_floor":["M","M","M","M","M","R","E","R","T","R","M","R","E","?","R","B",null,"M","?","?","M","?","E","R","M","T","E","$","R","T","?","R","B",null,"M","M","?","?","$","R","E","R","T","R","E","R","M","$","R","B"],"character_chosen":"DEFECT","items_purchased":["Blizzard","Mercury Hourglass","Gremlin Horn","Sunder","Letter Opener","Anchor","Genetic Algorithm+1"],"campfire_rested":9,"item_purchase_floors":[28,28,28,39,39,48,48],"current_hp_per_floor":[74,69,58,48,44,44,13,35,35,35,27,49,22,22,44,6,75,75,75,75,69,69,26,48,49,49,31,31,53,53,75,75,21,75,55,48,48,39,39,39,8,30,30,52,47,69,26,26,48,0],"gold":77,"neow_bonus":"BOSS_RELIC","is_prod":false,"is_daily":false,"chose_seed":false,"campfire_upgraded":4,"win_rate":0,"timestamp":1547539178,"path_taken":["M","?","M","M","?","R","E","R","T","R","M","R","E","?","R","BOSS","M","?","?","M","?","E","R","M","T","E","?","R","?","?","R","BOSS","M","M","?","?","$","R","E","R","T","R","E","R","M","$","R","BOSS"],"build_version":"2019-01-10","purchased_purges":0,"victory":false,"max_hp_per_floor":[75,75,75,75,75,75,75,75,75,75,75,75,75,75,75,75,75,75,75,75,75,75,75,75,75,75,75,75,75,75,75,75,75,75,75,75,75,75,75,75,75,75,75,75,75,75,75,75,75,75],"card_choices":[{"not_picked":["Gash","Scrape"],"picked":"Cold Snap","floor":1},{"not_picked":["Coolheaded","Rebound"],"picked":"Barrage","floor":2},{"not_picked":["Sweeping Beam","Compile Driver"],"picked":"White Noise","floor":3},{"not_picked":["Ball Lightning","Go for the Eyes"],"picked":"Static Discharge","floor":4},{"not_picked":["Reprogram","FTL"],"picked":"Conserve Battery","floor":5},{"not_picked":["Chaos","Hello World"],"picked":"Melter","floor":7},{"not_picked":["Go for the Eyes","Cold Snap"],"picked":"Doom and Gloom","floor":11},{"not_picked":["Steam","Steam Power"],"picked":"Melter","floor":13},{"not_picked":["Machine Learning","Multi-Cast"],"picked":"Thunder Strike","floor":16},{"not_picked":["Compile Driver","Coolheaded"],"picked":"Auto Shields","floor":18},{"not_picked":["Go for the Eyes","Steam"],"picked":"Reinforced Body+1","floor":21},{"not_picked":["Turbo","Hologram"],"picked":"Gash+1","floor":23},{"not_picked":["Compile Driver+1","Cold Snap"],"picked":"Defragment+1","floor":25},{"not_picked":["Force Field","Hologram"],"picked":"Darkness","floor":27},{"not_picked":["Amplify+1","Electrodynamics"],"picked":"Echo Form","floor":33},{"not_picked":["Leap+1","Turbo+1"],"picked":"Go for the Eyes","floor":35},{"not_picked":["Steam+1","Rebound"],"picked":"Conserve Battery+1","floor":36},{"not_picked":["Gash","Doom and Gloom"],"picked":"Self Repair+1","floor":41},{"not_picked":["Recycle+1","Go for the Eyes"],"picked":"Sweeping Beam","floor":42},{"not_picked":["White Noise+1","Stack+1"],"picked":"Barrage+1","floor":44},{"not_picked":["Ball Lightning","Hologram+1"],"picked":"Stack+1","floor":45},{"not_picked":["Aggregate+1","Meteor Strike"],"picked":"Stack+1","floor":47}],"player_experience":56566,"relics_obtained":[{"floor":7,"key":"Tiny Chest"},{"floor":9,"key":"Boot"},{"floor":13,"key":"Juzu Bracelet"},{"floor":23,"key":"Bag of Preparation"},{"floor":26,"key":"Bottled Tornado"},{"floor":27,"key":"Toxic Egg 2"},{"floor":30,"key":"Dream Catcher"},{"floor":41,"key":"Ornamental Fan"},{"floor":43,"key":"Nunchaku"},{"floor":45,"key":"MawBank"}],"event_choices":[{"damage_healed":0,"gold_gain":0,"player_choice":"Take Wound","damage_taken":0,"relics_obtained":["Golden Idol"],"max_hp_gain":0,"max_hp_loss":0,"event_name":"Golden Idol","floor":14,"gold_loss":0,"cards_obtained":["Injury"]},{"cards_removed":["Injury"],"damage_healed":0,"gold_gain":0,"player_choice":"Removed Curses","damage_taken":0,"max_hp_gain":0,"max_hp_loss":0,"event_name":"Fountain of Cleansing","floor":19,"gold_loss":0},{"damage_healed":0,"gold_gain":0,"player_choice":"Simplicity","damage_taken":0,"max_hp_gain":0,"max_hp_loss":0,"event_name":"Back to Basics","floor":20,"gold_loss":0,"cards_upgraded":["Strike_B","Strike_B","Strike_B","Strike_B","Defend_B","Defend_B","Defend_B","Defend_B"]},{"damage_healed":0,"gold_gain":0,"player_choice":"Copied","damage_taken":0,"max_hp_gain":0,"max_hp_loss":0,"event_name":"Duplicator","floor":22,"gold_loss":0,"cards_obtained":["White Noise"]},{"damage_healed":25,"gold_gain":0,"player_choice":"Heal","damage_taken":0,"max_hp_gain":0,"max_hp_loss":0,"event_name":"The Library","floor":31,"gold_loss":0},{"damage_healed":0,"gold_gain":333,"player_choice":"Gave Idol","damage_taken":0,"max_hp_gain":0,"max_hp_loss":0,"event_name":"The Moai Head","floor":37,"relics_lost":["Golden Idol"],"gold_loss":0},{"damage_healed":0,"gold_gain":0,"player_choice":"Embrace Madness","damage_taken":9,"max_hp_gain":0,"max_hp_loss":0,"event_name":"Winding Halls","floor":38,"gold_loss":0,"cards_obtained":["Madness","Madness"]}],"is_beta":false,"boss_relics":[{"not_picked":["Eternal Feather","Snecko Eye"],"picked":"White Beast Statue"},{"not_picked":["Calling Bell","Runic Pyramid"],"picked":"Lizard Tail"}],"items_purged_floors":[],"is_endless":false,"potions_floor_spawned":[4,5,11,13,18,21,23,25,27,33,35,36,41,45,47],"killed_by":"Time Eater","ascension_level":1}