{"gold_per_floor":[115,115,40,53,128,158,172,172,195,229,248,198,211,240,240,240],"floor_reached":16,"playtime":1561,"items_purged":[],"score":160,"play_id":"333edce9-3b4f-4acd-9c27-cec479aa7901","local_time":"20190621140850","is_ascension_mode":true,"campfire_choices":[{"data":"Backflip","floor":8,"key":"SMITH"},{"data":"Neutralize","floor":15,"key":"SMITH"}],"neow_cost":"NONE","seed_source_timestamp":677327081299500,"circlet_count":0,"master_deck":["Defend_G","Defend_G","Defend_G","Defend_G","Defend_G","Strike_G","Strike_G+1","Strike_G+1","Survivor","Neutralize+1","Dodge and Roll","Bane","Noxious Fumes","Catalyst","Backflip+1","Acrobatics","PiercingWail","Bouncing Flask"],"relics":["Ring of the Snake","NeowsBlessing","Art of War","Whetstone","Anchor"],"potions_floor_usage":[10,14,16],"damage_taken":[{"damage":0,"enemies":"Small Slimes","floor":1,"turns":1},{"damage":0,"enemies":"2 Louse","floor":4,"turns":1},{"damage":0,"enemies":"Lagavulin","floor":6,"turns":2},{"damage":0,"enemies":"Jaw Worm","floor":7,"turns":5},{"damage":16,"enemies":"3 Sentries","floor":10,"turns":9},{"damage":2,"enemies":"Looter","floor":11,"turns":4},{"damage":10,"enemies":"3 Louse","floor":13,"turns":5},{"damage":21,"enemies":"Gremlin Nob","floor":14,"turns":5},{"damage":13,"enemies":"The Guardian","floor":16,"turns":2}],"seed_played":"8701068389684069150","potions_obtained":[{"floor":6,"key":"SkillPotion"},{"floor":10,"key":"EssenceOfSteel"},{"floor":11,"key":"Dexterity Potion"},{"floor":13,"key":"EssenceOfSteel"},{"floor":14,"key":"Swift Potion"}],"is_trial":false,"path_per_floor":["M","?","$","M","?","E","M","R","T","E","M","?","M","E","R","B"],"character_chosen":"THE_SILENT","items_purchased":["Noxious Fumes"],"campfire_rested":0,"item_purchase_floors":[3],"current_hp_per_floor":[70,70,70,70,59,59,59,59,59,43,41,41,31,10,10,0],"gold":240,"neow_bonus":"THREE_ENEMY_KILL","is_prod":false,"is_daily":false,"chose_seed":false,"campfire_upgraded":2,"win_rate":0,"timestamp":1561140530,"path_taken":["M","?","$","M","?","E","M","R","T","E","M","?","?","E","R","BOSS"],"build_version":"2019-01-23","purchased_purges":0,"victory":false,"max_hp_per_floor":[70,70,70,70,70,70,70,70,70,70,70,70,70,70,70,70],"card_choices":[{"not_picked":["Acrobatics","Tactician"],"picked":"Dodge and Roll","floor":1},{"not_picked":["Bane","Underhanded Strike"],"picked":"Catalyst","floor":4},{"not_picked":["Flechettes","Heel Hook","Sucker Punch"],"picked":"SKIP","floor":6},{"not_picked":["Dodge and Roll","Outmaneuver"],"picked":"Backflip","floor":7},{"not_picked":["Cloak And Dagger","Dagger Spray"],"picked":"Acrobatics","floor":10},{"not_picked":["Underhanded Strike","Sucker Punch"],"picked":"PiercingWail","floor":11},{"not_picked":["Calculated Gamble","Infinite Blades"],"picked":"Bouncing Flask","floor":13},{"not_picked":["PiercingWail","Reflex","Catalyst"],"picked":"SKIP","floor":14}],"player_experience":295308,"relics_obtained":[{"floor":6,"key":"Art of War"},{"floor":10,"key":"Whetstone"},{"floor":14,"key":"Anchor"}],"event_choices":[{"damage_healed":0,"gold_gain":0,"cards_transformed":["Strike_G"],"player_choice":"Change","damage_taken":0,"max_hp_gain":0,"max_hp_loss":0,"event_name":"Living Wall","floor":2,"gold_loss":0,"cards_obtained":["Bane"]},{"damage_healed":0,"gold_gain":75,"player_choice":"Gather Gold","damage_taken":11,"max_hp_gain":0,"max_hp_loss":0,"event_name":"World of Goop","floor":5,"gold_loss":0},{"cards_removed":["Strike_G"],"damage_healed":0,"gold_gain":0,"player_choice":"Card Removal","damage_taken":0,"max_hp_gain":0,"max_hp_loss":0,"event_name":"The Cleric","floor":12,"gold_loss":50}],"is_beta":false,"boss_relics":[],"items_purged_floors":[],"is_endless":false,"potions_floor_spawned":[6,10,11,13,14],"killed_by":"The Guardian","ascension_level":2}