{"gold_per_floor":[109,126,136,136,148,148,206,206,206,237,249,231,23,42,42,42],"floor_reached":16,"playtime":425,"items_purged":[],"score":184,"play_id":"86ddcc81-66ae-4ebb-8ac8-fac3c568c0c4","local_time":"20190620010357","is_ascension_mode":true,"campfire_choices":[{"floor":6.0,"key":"REST"},{"floor":11,"key":"REST"},{"floor":15,"key":"REST"}],"neow_cost":"PERCENT_DAMAGE","seed_source_timestamp":595317983929627,"circlet_count":0,"master_deck":["AscendersBane","Strike_B","Strike_B","Strike_B","Strike_B","Defend_B","Defend_B","Defend_B","Defend_B","Zap","Dualcast+1","Rainbow","Coolheaded+1","Undo","Ball Lightning","Coolheaded+1"],"special_seed":0,"relics":["Cracked Core","Shuriken","MawBank","DollysMirror"],"potions_floor_usage":[7,10,16,16],"damage_taken":[{"damage":0.0,"enemies":"Cultist","floor":1.0,"turns":4.0},{"damage":5.0,"enemies":"Jaw Worm","floor":2.0,"turns":4.0},{"damage":0.0,"enemies":"2 Louse","floor":3.0,"turns":4.0},{"damage":9.0,"enemies":"Lots of Slimes","floor":5.0,"turns":4.0},{"damage":1,"enemies":"Gremlin Nob","floor":7,"turns":3},{"damage":19,"enemies":"Gremlin Gang","floor":10,"turns":6},{"damage":4,"enemies":"Looter","floor":14,"turns":3},{"damage":51,"enemies":"Slime Boss","floor":16,"turns":6}],"seed_played":"8896059351046588577","potions_obtained":[{"floor":1.0,"key":"Block Potion"},{"floor":3.0,"key":"Block Potion"},{"floor":5.0,"key":"PowerPotion"},{"floor":12,"key":"Poison Potion"},{"floor":12,"key":"Fire Potion"}],"is_trial":false,"path_per_floor":["M","M","M","$","M","R","?","?","T","M","R","?","$","M","R","B"],"character_chosen":"DEFECT","items_purchased":["DollysMirror"],"campfire_rested":3,"item_purchase_floors":[13],"current_hp_per_floor":[46,41,41,41,32,53,52,31,31,12,33,33,33,29,50,0],"gold":42,"neow_bonus":"THREE_RARE_CARDS","is_prod":false,"is_daily":false,"chose_seed":false,"campfire_upgraded":0,"win_rate":0,"timestamp":1560963837,"path_taken":["M","?","M","$","M","R","?","?","T","M","R","?","$","M","R","BOSS"],"build_version":"2019-01-23","purchased_purges":0,"victory":false,"max_hp_per_floor":[71,71,71,71,71,71,71,71,71,71,71,71,71,71,71,71],"card_choices":[{"not_picked":["Meteor Strike","Hyperbeam"],"picked":"Rainbow","floor":0.0},{"not_picked":["Stack","Barrage"],"picked":"Coolheaded","floor":1.0},{"not_picked":["Rebound","Stack","Turbo"],"picked":"SKIP","floor":2.0},{"not_picked":["Hello World","Fusion","BootSequence"],"picked":"SKIP","floor":3.0},{"not_picked":["Darkness","Go for the Eyes"],"picked":"Undo","floor":5.0},{"not_picked":["Compile Driver","Auto Shields"],"picked":"Ball Lightning","floor":10},{"not_picked":["Steam","Darkness","Rebound"],"picked":"SKIP","floor":14}],"player_experience":719636,"relics_obtained":[{"floor":7,"key":"Shuriken"},{"floor":9,"key":"MawBank"}],"event_choices":[{"damage_healed":0,"gold_gain":0,"player_choice":"Searched \u00271\u0027 times","damage_taken":0,"max_hp_gain":0,"max_hp_loss":0,"event_name":"Dead Adventurer","floor":7,"gold_loss":0},{"damage_healed":0,"gold_gain":0,"player_choice":"Entered Light","damage_taken":21,"max_hp_gain":0,"max_hp_loss":0,"event_name":"Shining Light","floor":8,"gold_loss":0,"cards_upgraded":["Coolheaded","Dualcast"]},{"damage_healed":0,"gold_gain":0,"player_choice":"Bought 2 Potions","damage_taken":0,"max_hp_gain":0,"max_hp_loss":0,"event_name":"The Woman in Blue","floor":12,"gold_loss":0}],"is_beta":false,"boss_relics":[],"items_purged_floors":[],"is_endless":false,"potions_floor_spawned":[1,3,5],"killed_by":"Slime Boss","ascension_level":20}