{"gold_per_floor":[109,209,57,73,87,87,107,135,135,135,147,158,158,186,186,186],"floor_reached":16,"playtime":2035,"items_purged":[],"score":112,"play_id":"5710c922-9581-408d-9dd1-f0c7d0597006","local_time":"20190620211833","is_ascension_mode":false,"campfire_choices":[{"data":"Havoc","floor":6.0,"key":"SMITH"},{"floor":10.0,"key":"RECALL"},{"data":"Warcry","floor":15.0,"key":"SMITH"}],"neow_cost":"PERCENT_DAMAGE","seed_source_timestamp":0,"circlet_count":0,"master_deck":["Strike_R","Strike_R","Strike_R","Defend_R","Defend_R","Defend_R","Defend_R","Bash","Shrug It Off","Havoc+1","Entrench","Havoc","Warcry+1","Metallicize"],"special_seed":0,"relics":["Burning Blood","Orichalcum","Red Skull","Oddly Smooth Stone","GremlinMask","Self Forming Clay"],"potions_floor_usage":[],"damage_taken":[{"damage":0.0,"enemies":"Small Slimes","floor":1.0,"turns":3.0},{"damage":0.0,"enemies":"Cultist","floor":4.0,"turns":4.0},{"damage":1.0,"enemies":"Jaw Worm","floor":5.0,"turns":5.0},{"damage":4.0,"enemies":"Exordium Thugs","floor":7.0,"turns":7.0},{"damage":16.0,"enemies":"3 Sentries","floor":8.0,"turns":12.0},{"damage":1.0,"enemies":"Looter","floor":11.0,"turns":4.0},{"damage":0.0,"enemies":"2 Fungi Beasts","floor":12.0,"turns":5.0},{"damage":26.0,"enemies":"Gremlin Nob","floor":14.0,"turns":5.0},{"damage":52,"enemies":"Slime Boss","floor":16,"turns":14}],"seed_played":"2824800804684513441","potions_obtained":[{"floor":1.0,"key":"Block Potion"},{"floor":4.0,"key":"Swift Potion"},{"floor":11.0,"key":"EssenceOfSteel"},{"floor":12.0,"key":"Swift Potion"}],"is_trial":false,"path_per_floor":["M","?","$","M","M","R","M","E","T","R","M","M","?","E","R","B"],"character_chosen":"IRONCLAD","items_purchased":["Orichalcum"],"campfire_rested":0,"item_purchase_floors":[3],"current_hp_per_floor":[62,62,62,68,73,73,75,65,65,65,70,76,76,56,56,4],"gold":186,"neow_bonus":"REMOVE_TWO","is_prod":false,"is_daily":false,"chose_seed":false,"campfire_upgraded":2,"win_rate":0,"timestamp":1561079913,"path_taken":["M","?","?","M","M","R","M","E","T","R","M","M","?","E","R","BOSS"],"build_version":"2019-01-23","purchased_purges":0,"victory":false,"max_hp_per_floor":[80,80,80,80,80,80,80,80,80,80,80,80,80,80,80,80],"card_choices":[{"not_picked":["Blood for Blood","Sword Boomerang","Clash"],"picked":"SKIP","floor":1.0},{"not_picked":["Carnage","Warcry"],"picked":"Shrug It Off","floor":4.0},{"not_picked":["Reckless Charge","Body Slam"],"picked":"Havoc","floor":5.0},{"not_picked":["Clash","Ghostly Armor"],"picked":"Entrench","floor":7.0},{"not_picked":["Perfected Strike","Reckless Charge","Rampage"],"picked":"SKIP","floor":8.0},{"not_picked":["Bloodletting","Double Tap"],"picked":"Havoc","floor":11.0},{"not_picked":["Whirlwind","Carnage"],"picked":"Warcry","floor":12.0},{"not_picked":["Wild Strike","Shrug It Off"],"picked":"Metallicize","floor":14.0}],"player_experience":256634,"relics_obtained":[{"floor":8.0,"key":"Red Skull"},{"floor":9.0,"key":"Oddly Smooth Stone"},{"floor":14.0,"key":"Self Forming Clay"}],"event_choices":[{"damage_healed":0.0,"max_hp_gain":0.0,"max_hp_loss":0.0,"gold_gain":100.0,"event_name":"Golden Shrine","player_choice":"Pray","floor":2.0,"gold_loss":0.0,"damage_taken":0.0},{"damage_healed":0.0,"max_hp_gain":0.0,"max_hp_loss":0.0,"gold_gain":0.0,"event_name":"FaceTrader","player_choice":"Trade","floor":13.0,"gold_loss":0.0,"damage_taken":0.0,"relics_obtained":["GremlinMask"]}],"is_beta":false,"boss_relics":[],"items_purged_floors":[],"is_endless":false,"potions_floor_spawned":[1,4,11,12],"killed_by":"Slime Boss","ascension_level":0}