{"gold_per_floor":[117,134,154,165,165,212,224,33,33,67,67,100,100,119,119,239,239,262,262,55,73,0,0,31,31],"floor_reached":25,"playtime":1581,"items_purged":["Regret"],"score":251,"play_id":"61fcc728-db95-44a8-bfd9-280c8d2dc98d","local_time":"20190324091913","is_ascension_mode":true,"campfire_choices":[{"floor":7,"key":"REST"},{"floor":13,"key":"REST"},{"floor":15,"key":"REST"}],"neow_cost":"NONE","seed_source_timestamp":223940838855886,"circlet_count":0,"master_deck":["Defend_G","Defend_G","Defend_G","Defend_G","Defend_G","Strike_G","Strike_G+1","Strike_G","Strike_G","Strike_G+1","Survivor","Neutralize","Unload","Blade Dance","Bouncing Flask","Caltrops","Backflip","Flying Knee","Injury","Dagger Spray","Die Die Die","Blade Dance","A Thousand Cuts"],"relics":["Ring of the Snake","Whetstone","MawBank","Turnip","Art of War","Golden Idol","Juzu Bracelet","Runic Pyramid","MutagenicStrength","Sling","Mango","Bag of Marbles"],"potions_floor_usage":[6,12,24],"damage_taken":[{"damage":0,"enemies":"Cultist","floor":1,"turns":4},{"damage":0,"enemies":"2 Louse","floor":2,"turns":3},{"damage":10,"enemies":"Small Slimes","floor":3,"turns":4},{"damage":0,"enemies":"3 Louse","floor":4,"turns":3},{"damage":21,"enemies":"Lagavulin","floor":6,"turns":5},{"damage":25,"enemies":"3 Sentries","floor":10,"turns":9},{"damage":8,"enemies":"Gremlin Nob","floor":12,"turns":3},{"damage":2,"enemies":"Looter","floor":14,"turns":3},{"damage":43,"enemies":"Slime Boss","floor":16,"turns":11},{"damage":1,"enemies":"3 Byrds","floor":18,"turns":5},{"damage":5,"enemies":"Spheric Guardian","floor":21,"turns":3},{"damage":51,"enemies":"Book of Stabbing","floor":24,"turns":6},{"damage":29,"enemies":"Shelled Parasite and Fungi","floor":25,"turns":3}],"seed_played":"5285559487517509408","potions_obtained":[{"floor":2,"key":"FearPotion"},{"floor":3,"key":"FearPotion"},{"floor":12,"key":"GhostInAJar"},{"floor":14,"key":"Strength Potion"},{"floor":21,"key":"Ancient Potion"}],"is_trial":false,"path_per_floor":["M","M","M","M","?","E","R","$","T","E","?","E","R","M","R","B",null,"M","?","$","M","?","?","E","M"],"character_chosen":"THE_SILENT","items_purchased":["Caltrops","Backflip","Sling"],"campfire_rested":3,"item_purchase_floors":[8,8,20],"current_hp_per_floor":[70,70,60,60,60,39,60,60,60,35,35,27,48,46,67,24,70,69,69,69,64,64,78,27,0],"gold":31,"neow_bonus":"RANDOM_COMMON_RELIC","is_prod":false,"is_daily":false,"chose_seed":false,"campfire_upgraded":0,"win_rate":0,"timestamp":1553379553,"path_taken":["M","?","M","M","?","E","R","$","T","E","?","E","R","M","R","BOSS","M","?","$","M","?","?","E","M"],"build_version":"2019-01-23","purchased_purges":1,"victory":false,"max_hp_per_floor":[70,70,70,70,70,70,70,70,70,70,70,70,70,70,70,70,70,70,70,70,70,70,84,84,84],"card_choices":[{"not_picked":["Prepared","Deadly Poison","Concentrate"],"picked":"SKIP","floor":1},{"not_picked":["Bane","PiercingWail","Underhanded Strike"],"picked":"SKIP","floor":2},{"not_picked":["Catalyst","Crippling Poison"],"picked":"Unload","floor":3},{"not_picked":["Dagger Throw","Quick Slash"],"picked":"Blade Dance","floor":4},{"not_picked":["Tools of the Trade","Prepared"],"picked":"Bouncing Flask","floor":6},{"not_picked":["Endless Agony","Outmaneuver"],"picked":"Flying Knee","floor":10},{"not_picked":["Outmaneuver","Slice"],"picked":"Dagger Spray","floor":12},{"not_picked":["Crippling Poison","Dagger Throw","Flying Knee"],"picked":"SKIP","floor":14},{"not_picked":["Night Terror","Grand Finale"],"picked":"Die Die Die","floor":16},{"not_picked":["Sucker Punch+1","Underhanded Strike"],"picked":"Blade Dance","floor":18},{"not_picked":["Quick Slash","Acrobatics","Poisoned Stab"],"picked":"SKIP","floor":21},{"not_picked":["Endless Agony","Quick Slash"],"picked":"A Thousand Cuts","floor":24}],"player_experience":263368,"relics_obtained":[{"floor":6,"key":"Turnip"},{"floor":10,"key":"Art of War"},{"floor":12,"key":"Juzu Bracelet"},{"floor":24,"key":"Bag of Marbles"}],"event_choices":[{"damage_healed":0,"gold_gain":0,"player_choice":"Box","damage_taken":0,"relics_obtained":["MawBank"],"max_hp_gain":0,"max_hp_loss":0,"event_name":"Big Fish","floor":5,"gold_loss":0,"cards_obtained":["Regret"]},{"damage_healed":0,"gold_gain":0,"player_choice":"Take Wound","damage_taken":0,"relics_obtained":["Golden Idol"],"max_hp_gain":0,"max_hp_loss":0,"event_name":"Golden Idol","floor":11,"gold_loss":0,"cards_obtained":["Injury"]},{"damage_healed":0,"gold_gain":0,"player_choice":"Inject Mutagens","damage_taken":0,"relics_obtained":["MutagenicStrength"],"max_hp_gain":0,"max_hp_loss":0,"event_name":"Drug Dealer","floor":19,"gold_loss":0},{"damage_healed":0,"gold_gain":0,"player_choice":"Paid Fearfully","damage_taken":0,"max_hp_gain":0,"max_hp_loss":0,"event_name":"Masked Bandits","floor":22,"gold_loss":73},{"damage_healed":0,"gold_gain":0,"player_choice":"Opened","damage_taken":0,"relics_obtained":["Mango"],"max_hp_gain":0,"max_hp_loss":0,"event_name":"The Mausoleum","floor":23,"gold_loss":0}],"is_beta":false,"boss_relics":[{"not_picked":["Cursed Key","Sozu"],"picked":"Runic Pyramid"}],"items_purged_floors":[8],"is_endless":false,"potions_floor_spawned":[2,3,12,14,21],"killed_by":"Shelled Parasite and Fungi","ascension_level":1}