{"gold_per_floor":[112,112,129,76,95,120,120,152,208,224,238,290,290,193,193,288,338,352,352,372,372,51,51,85,60,60,76,76,86,101,127,127,227,227,240,256,256,14,14,14,14],"floor_reached":41,"playtime":2396,"items_purged":["Strike_B"],"score":535,"play_id":"46a27dbd-9ccc-4616-b035-c90b6b0e7f40","local_time":"20190505220954","is_ascension_mode":true,"campfire_choices":[{"floor":7,"key":"REST"},{"floor":15,"key":"REST"},{"floor":23,"key":"REST"},{"floor":28,"key":"REST"},{"floor":32,"key":"REST"},{"floor":40,"key":"REST"}],"neow_cost":"NONE","seed_source_timestamp":1117176825894254,"circlet_count":0,"master_deck":["Strike_B+1","Strike_B+1","Defend_B","Defend_B","Defend_B+1","Defend_B","Zap","Dualcast","Gash","Ball Lightning+1","Gash","Defragment","Electrodynamics","Defragment","Gash","Gash","Core Surge","Conserve Battery","Sweeping Beam+1","Ball Lightning+1","Leap+1","Self Repair"],"relics":["Cracked Core","NeowsBlessing","Regal Pillow","Potion Belt","Tiny Chest","Whetstone","Tiny House","Bottled Flame","Ginger","Prayer Wheel","Symbiotic Virus","Black Star","Membership Card"],"potions_floor_usage":[6,24,24,31,31,31,31,31,31,33,33,41],"damage_taken":[{"damage":0,"enemies":"Small Slimes","floor":1,"turns":1},{"damage":0,"enemies":"Cultist","floor":3,"turns":1},{"damage":0,"enemies":"Jaw Worm","floor":5,"turns":1},{"damage":65,"enemies":"3 Sentries","floor":6,"turns":12},{"damage":26,"enemies":"Gremlin Nob","floor":8,"turns":4},{"damage":3,"enemies":"2 Fungi Beasts","floor":10,"turns":4},{"damage":1,"enemies":"Looter","floor":11,"turns":2},{"damage":52,"enemies":"The Guardian","floor":16,"turns":8},{"damage":50,"enemies":"Shell Parasite","floor":18,"turns":5},{"damage":12,"enemies":"Chosen","floor":20,"turns":4},{"damage":0,"enemies":"Gremlin Leader","floor":24,"turns":4},{"damage":38,"enemies":"Snake Plant","floor":27,"turns":4},{"damage":12,"enemies":"Cultist and Chosen","floor":29,"turns":4},{"damage":34,"enemies":"Sentry and Sphere","floor":30,"turns":5},{"damage":35,"enemies":"Slavers","floor":31,"turns":3},{"damage":37,"enemies":"Automaton","floor":33,"turns":6},{"damage":52,"enemies":"3 Darklings","floor":35,"turns":5},{"damage":25,"enemies":"Orb Walker","floor":36,"turns":3},{"damage":55,"enemies":"Giant Head","floor":41,"turns":7}],"seed_played":"7373344202156409997","potions_obtained":[{"floor":1,"key":"Regen Potion"},{"floor":3,"key":"Swift Potion"},{"floor":8,"key":"Swift Potion"},{"floor":11,"key":"GamblersBrew"},{"floor":17,"key":"SneckoOil"},{"floor":20,"key":"Explosive Potion"},{"floor":24,"key":"FocusPotion"},{"floor":29,"key":"Regen Potion"},{"floor":30,"key":"EntropicBrew"},{"floor":31,"key":"PowerPotion"},{"floor":36,"key":"Weak Potion"}],"is_trial":false,"path_per_floor":["M","?","M","$","M","E","R","E","T","M","M","T","?","$","R","B",null,"M","?","M","?","$","R","E","$","T","M","R","M","M","E","R","B",null,"M","M","?","$","T","R","E"],"character_chosen":"DEFECT","items_purchased":["Gash","Gash","Defragment","Bottled Flame","Conserve Battery","Membership Card","Self Repair"],"campfire_rested":6,"item_purchase_floors":[4,14,14,22,25,38,38],"current_hp_per_floor":[75,75,75,75,75,25,62,36,36,33,32,32,32,32,69,17,80,30,56,44,44,44,80,80,80,80,42,80,68,34,8,47,10,80,28,3,3,3,3,42,0],"gold":14,"neow_bonus":"THREE_ENEMY_KILL","is_prod":false,"is_daily":false,"chose_seed":false,"campfire_upgraded":0,"win_rate":0,"timestamp":1557058194,"path_taken":["M","?","?","?","M","E","R","E","T","?","M","?","?","$","R","BOSS","M","?","M","?","$","R","E","$","T","M","R","M","?","E","R","BOSS","M","M","?","$","?","R","E"],"build_version":"2019-01-23","purchased_purges":1,"victory":false,"max_hp_per_floor":[75,75,75,75,75,75,75,75,75,75,75,75,75,75,75,75,80,80,80,80,80,80,80,80,80,80,80,80,80,80,80,80,80,80,80,80,80,80,80,80,80],"card_choices":[{"not_picked":["Beam Cell","Steam","Storm"],"picked":"SKIP","floor":1},{"not_picked":["Stack","Coolheaded","Leap"],"picked":"SKIP","floor":3},{"not_picked":["Redo","Undo","Reinforced Body"],"picked":"SKIP","floor":5},{"not_picked":["Steam","Seek","Skim"],"picked":"SKIP","floor":6},{"not_picked":["Hologram","Reprogram","Skim"],"picked":"SKIP","floor":8},{"not_picked":["Steam Power","Gash"],"picked":"Ball Lightning","floor":10},{"not_picked":["Beam Cell","Sunder","Double Energy"],"picked":"SKIP","floor":11},{"not_picked":["Hyperbeam","Creative AI"],"picked":"Electrodynamics","floor":16},{"not_picked":["Glacier","Redo"],"picked":"Defragment","floor":17},{"not_picked":["Scrape+1","Tempest","Streamline"],"picked":"SKIP","floor":18},{"not_picked":["Doom and Gloom+1","Sweeping Beam"],"picked":"Gash","floor":20},{"not_picked":["Tempest","Turbo"],"picked":"Core Surge","floor":24},{"not_picked":["Conserve Battery","Turbo"],"picked":"Sweeping Beam+1","floor":27},{"not_picked":["Streamline","Hologram","Barrage+1"],"picked":"SKIP","floor":27},{"not_picked":["Electrodynamics","Sweeping Beam","Force Field"],"picked":"SKIP","floor":29},{"not_picked":["Gash","Defragment","Undo"],"picked":"SKIP","floor":29},{"not_picked":["Turbo","Force Field+1","Reinforced Body"],"picked":"SKIP","floor":30},{"not_picked":["Ball Lightning","Sweeping Beam","Genetic Algorithm"],"picked":"SKIP","floor":30},{"not_picked":["Double Energy","Cold Snap+1","Genetic Algorithm"],"picked":"SKIP","floor":31},{"not_picked":["Coolheaded+1","Steam"],"picked":"Ball Lightning+1","floor":35},{"not_picked":["Barrage+1","Blizzard","Recycle+1"],"picked":"SKIP","floor":35},{"not_picked":["Redo+1","Turbo+1"],"picked":"Leap+1","floor":36},{"not_picked":["Hologram","Beam Cell+1","Redo+1"],"picked":"SKIP","floor":36}],"player_experience":371227,"relics_obtained":[{"floor":6,"key":"Regal Pillow"},{"floor":8,"key":"Potion Belt"},{"floor":9,"key":"Tiny Chest"},{"floor":12,"key":"Whetstone"},{"floor":24,"key":"Ginger"},{"floor":26,"key":"Prayer Wheel"},{"floor":31,"key":"Symbiotic Virus"}],"event_choices":[{"cards_removed":["Strike_B"],"damage_healed":0,"gold_gain":0,"player_choice":"Purged","damage_taken":0,"max_hp_gain":0,"max_hp_loss":0,"event_name":"Purifier","floor":2,"gold_loss":0},{"damage_healed":0,"gold_gain":0,"player_choice":"Grow","damage_taken":0,"max_hp_gain":0,"max_hp_loss":0,"event_name":"Living Wall","floor":13,"gold_loss":0,"cards_upgraded":["Ball Lightning"]},{"damage_healed":26,"gold_gain":0,"player_choice":"Heal","damage_taken":0,"max_hp_gain":0,"max_hp_loss":0,"event_name":"The Library","floor":19,"gold_loss":0},{"damage_healed":0,"gold_gain":0,"player_choice":"Copied","damage_taken":0,"max_hp_gain":0,"max_hp_loss":0,"event_name":"Duplicator","floor":21,"gold_loss":0,"cards_obtained":["Gash"]},{"damage_healed":0,"gold_gain":0,"player_choice":"0 cards matched","damage_taken":0,"max_hp_gain":0,"max_hp_loss":0,"event_name":"Match and Keep!","floor":37,"gold_loss":0,"cards_obtained":[]}],"is_beta":false,"boss_relics":[{"not_picked":["Runic Dome","Runic Pyramid"],"picked":"Tiny House"},{"not_picked":["White Beast Statue","Coffee Dripper"],"picked":"Black Star"}],"items_purged_floors":[22],"is_endless":false,"potions_floor_spawned":[1,3,8,11,20,24,29,30,31,36],"killed_by":"Giant Head","ascension_level":2}