{"gold_per_floor":[114,289,289,108,126,159,159,188,211,33,65,85,85,103,103,198,198,213,202,202,202,182,214,225,250,328,338,338,367,10,22,22,118,118,137,237,257,269,269,269,269,269,296,311,11,29,46,72,72,72],"floor_reached":51,"playtime":4264,"items_purged":["Pain","Doubt","Strike_G"],"score":813,"play_id":"059cceae-bfa3-4744-b5db-f669a89434dd","local_time":"20190603012021","is_ascension_mode":true,"campfire_choices":[{"data":"Footwork","floor":7.0,"key":"SMITH"},{"floor":13.0,"key":"REST"},{"data":"Noxious Fumes","floor":15.0,"key":"SMITH"},{"floor":28,"key":"REST"},{"data":"A Thousand Cuts","floor":32,"key":"SMITH"},{"data":"Burst","floor":40,"key":"SMITH"},{"data":"1","floor":42,"key":"LIFT"},{"floor":49,"key":"REST"}],"neow_cost":"TEN_PERCENT_HP_LOSS","seed_source_timestamp":0,"circlet_count":0,"master_deck":["Defend_G","Defend_G","Defend_G","Defend_G","Defend_G","Strike_G","Survivor","Neutralize","Flying Knee","Footwork+1","Poisoned Stab","Slice","Catalyst","Noxious Fumes+1","Backflip","Backflip","A Thousand Cuts+1","PiercingWail+1","Deadly Poison","RitualDagger","Dagger Spray+1","Escape Plan","Blur","PiercingWail","Crippling Poison","Burst+1","Cloak And Dagger+1","Endless Agony+1","Bane+1","Noxious Fumes","Blind","Escape Plan","Backstab+1"],"special_seed":0,"relics":["Ring of the Snake","Bird Faced Urn","WarpedTongs","Bag of Preparation","Regal Pillow","Orichalcum","Potion Belt","Empty Cage","Question Card","Bronze Scales","Gremlin Horn","Red Mask","Happy Flower","Toy Ornithopter","Lizard Tail","Girya","Dream Catcher","Pear"],"potions_floor_usage":[23,23,25,25,27,33,37,47,50,50],"damage_taken":[{"damage":1.0,"enemies":"Small Slimes","floor":1.0,"turns":3.0},{"damage":2.0,"enemies":"Jaw Worm","floor":5.0,"turns":4.0},{"damage":23.0,"enemies":"3 Sentries","floor":6.0,"turns":11.0},{"damage":29.0,"enemies":"Lagavulin","floor":8.0,"turns":8.0},{"damage":10.0,"enemies":"3 Sentries","floor":11.0,"turns":7.0},{"damage":0.0,"enemies":"Cultist","floor":12.0,"turns":3.0},{"damage":5.0,"enemies":"Large Slime","floor":14.0,"turns":4.0},{"damage":20.0,"enemies":"Slime Boss","floor":16.0,"turns":12.0},{"damage":9,"enemies":"Shell Parasite","floor":18,"turns":7},{"damage":11,"enemies":"2 Thieves","floor":19,"turns":4},{"damage":9,"enemies":"Book of Stabbing","floor":23,"turns":6},{"damage":14,"enemies":"Shelled Parasite and Fungi","floor":24,"turns":6},{"damage":26,"enemies":"Gremlin Leader","floor":25,"turns":7},{"damage":0,"enemies":"Snecko","floor":27,"turns":7},{"damage":4,"enemies":"Masked Bandits","floor":29,"turns":4},{"damage":0,"enemies":"3 Cultists","floor":31,"turns":4},{"damage":45,"enemies":"Champ","floor":33,"turns":12},{"damage":21,"enemies":"Orb Walker","floor":35,"turns":4},{"damage":1,"enemies":"Mind Bloom Boss Battle","floor":36,"turns":8},{"damage":0,"enemies":"3 Darklings","floor":37,"turns":5},{"damage":8,"enemies":"4 Shapes","floor":38,"turns":4},{"damage":26,"enemies":"Spire Growth","floor":44,"turns":6},{"damage":15,"enemies":"Transient","floor":46,"turns":5},{"damage":9,"enemies":"3 Darklings","floor":47,"turns":7},{"damage":17,"enemies":"Nemesis","floor":48,"turns":8},{"damage":28,"enemies":"Donu and Deca","floor":50,"turns":11}],"seed_played":"-289814423987133512","potions_obtained":[{"floor":6.0,"key":"GhostInAJar"},{"floor":8.0,"key":"Strength Potion"},{"floor":14.0,"key":"Block Potion"},{"floor":16.0,"key":"Explosive Potion"},{"floor":18,"key":"GamblersBrew"},{"floor":22,"key":"SkillPotion"},{"floor":23,"key":"Weak Potion"},{"floor":24,"key":"PowerPotion"},{"floor":27,"key":"GhostInAJar"},{"floor":31,"key":"Fire Potion"},{"floor":37,"key":"AttackPotion"},{"floor":46,"key":"SpeedPotion"},{"floor":48,"key":"FearPotion"}],"is_trial":false,"path_per_floor":["M","?","?","$","M","E","R","E","T","$","E","M","R","M","R","B",null,"M","M","?","?","?","E","M","E","T","M","R","?","$","M","R","B",null,"M","?","M","M","?","R","?","R","T","M","$","M","M","E","R","B",null],"character_chosen":"THE_SILENT","items_purchased":["Footwork","Poisoned Stab","Noxious Fumes","Happy Flower","Toy Ornithopter","Noxious Fumes","Blind"],"campfire_rested":3,"item_purchase_floors":[4,4,10,30,30,45,45],"current_hp_per_floor":[62,62,62,62,62,41,41,14,14,14,8,12,45,44,44,28,63,55,50,44,44,44,39,29,9,9,13,46,46,46,50,50,18,63,42,47,56,54,54,54,54,54,54,34,34,21,23,22,58,44],"gold":72,"neow_bonus":"ONE_RARE_RELIC","is_prod":false,"is_daily":false,"chose_seed":false,"campfire_upgraded":4,"win_rate":0,"timestamp":1559539221,"path_taken":["M","?","?","$","M","E","R","E","T","$","E","?","R","M","R","BOSS","M","M","?","?","?","E","?","E","T","M","R","?","$","M","R","BOSS","M","?","M","M","?","R","?","R","T","M","?","M","M","E","R","BOSS"],"build_version":"2019-01-23","purchased_purges":3,"victory":true,"max_hp_per_floor":[63,63,63,63,63,63,63,63,63,63,63,63,63,63,63,63,63,63,63,63,63,63,63,63,63,63,63,63,63,63,63,63,63,63,63,63,63,63,63,63,60,60,60,60,60,60,60,70,70,70],"card_choices":[{"not_picked":["Bane","Blur"],"picked":"Flying Knee","floor":1.0},{"not_picked":["Cloak And Dagger","Masterful Stab"],"picked":"Slice","floor":5.0},{"not_picked":["Bane","Bouncing Flask"],"picked":"Catalyst","floor":6.0},{"not_picked":["Reflex","Infinite Blades","Storm of Steel"],"picked":"SKIP","floor":8.0},{"not_picked":["Slice","Flying Knee"],"picked":"Backflip","floor":11.0},{"not_picked":["Dash","Acrobatics"],"picked":"Backflip","floor":12.0},{"not_picked":["Choke","Underhanded Strike","Backflip"],"picked":"SKIP","floor":14.0},{"not_picked":["Tools of the Trade","Doppelganger"],"picked":"A Thousand Cuts","floor":16.0},{"not_picked":["Cloak And Dagger","Acrobatics"],"picked":"PiercingWail+1","floor":18},{"not_picked":["Terror","Concentrate"],"picked":"Deadly Poison","floor":19},{"not_picked":["After Image","Leg Sweep"],"picked":"Dagger Spray+1","floor":23},{"not_picked":["Dagger Throw+1","Tactician","Sucker Punch"],"picked":"Escape Plan","floor":24},{"not_picked":["Acrobatics","Concentrate","Dodge and Roll"],"picked":"Blur","floor":25},{"not_picked":["Quick Slash","Blade Dance","Accuracy"],"picked":"PiercingWail","floor":27},{"not_picked":["Flying Knee","Dodge and Roll","Dagger Throw"],"picked":"Crippling Poison","floor":29},{"not_picked":["Skewer","Acrobatics","Masterful Stab","Slice"],"picked":"SKIP","floor":31},{"not_picked":["After Image","Tools of the Trade","Envenom"],"picked":"Burst","floor":33},{"not_picked":["Skewer","Leg Sweep","Outmaneuver+1"],"picked":"Cloak And Dagger+1","floor":35},{"not_picked":["Underhanded Strike","Acrobatics+1","Finisher"],"picked":"Endless Agony+1","floor":36},{"not_picked":["Caltrops","Cloak And Dagger","Skewer","Dagger Throw"],"picked":"SKIP","floor":37},{"not_picked":["Dodge and Roll","All Out Attack","Reflex+1","Deadly Poison"],"picked":"SKIP","floor":38},{"not_picked":["Sucker Punch","Prepared","Endless Agony"],"picked":"Bane+1","floor":44},{"not_picked":["Backflip","Predator+1","Blade Dance","Choke"],"picked":"SKIP","floor":46},{"not_picked":["Endless Agony+1","Deflect","Acrobatics"],"picked":"Escape Plan","floor":47},{"not_picked":["Setup+1","Eviscerate","Poisoned Stab+1","Unload"],"picked":"SKIP","floor":48},{"not_picked":["Acrobatics+1","Eviscerate+1","Dash+1"],"picked":"Backstab+1","floor":49}],"player_experience":291696,"relics_obtained":[{"floor":6.0,"key":"Bag of Preparation"},{"floor":8.0,"key":"Regal Pillow"},{"floor":9.0,"key":"Orichalcum"},{"floor":11.0,"key":"Potion Belt"},{"floor":23,"key":"Question Card"},{"floor":25,"key":"Bronze Scales"},{"floor":26,"key":"Gremlin Horn"},{"floor":29,"key":"Red Mask"},{"floor":36,"key":"Girya"},{"floor":43,"key":"Dream Catcher"},{"floor":48,"key":"Pear"}],"event_choices":[{"damage_healed":0.0,"max_hp_gain":0.0,"max_hp_loss":0.0,"gold_gain":175.0,"event_name":"Liars Game","player_choice":"AGREE","floor":2.0,"gold_loss":0.0,"damage_taken":0.0,"cards_obtained":["Doubt"]},{"damage_healed":0.0,"max_hp_gain":0.0,"max_hp_loss":0.0,"gold_gain":0.0,"event_name":"Accursed Blacksmith","player_choice":"Rummage","floor":3.0,"gold_loss":0.0,"damage_taken":0.0,"relics_obtained":["WarpedTongs"],"cards_obtained":["Pain"]},{"damage_healed":0,"gold_gain":0,"player_choice":"Joined the Cult","damage_taken":6,"max_hp_gain":0,"max_hp_loss":0,"event_name":"Nest","floor":20,"gold_loss":0,"cards_obtained":["RitualDagger"]},{"damage_healed":0,"gold_gain":0,"player_choice":"Ignored","damage_taken":0,"max_hp_gain":0,"max_hp_loss":0,"event_name":"The Mausoleum","floor":21,"gold_loss":0},{"damage_healed":0,"gold_gain":0,"player_choice":"Bought 1 Potion","damage_taken":0,"max_hp_gain":0,"max_hp_loss":0,"event_name":"The Woman in Blue","floor":22,"gold_loss":0},{"damage_healed":0,"gold_gain":0,"player_choice":"Fought Bandits","damage_taken":0,"max_hp_gain":0,"max_hp_loss":0,"event_name":"Masked Bandits","floor":29,"gold_loss":0},{"damage_healed":0,"gold_gain":0,"player_choice":"Fight","damage_taken":0,"max_hp_gain":0,"max_hp_loss":0,"event_name":"MindBloom","floor":36,"gold_loss":0},{"cards_removed":["Strike_G"],"damage_healed":0,"gold_gain":0,"player_choice":"Removed Attack","damage_taken":0,"max_hp_gain":0,"max_hp_loss":0,"event_name":"Falling","floor":39,"gold_loss":0},{"damage_healed":0,"gold_gain":0,"player_choice":"Max HP","damage_taken":0,"max_hp_gain":0,"max_hp_loss":3,"event_name":"Winding Halls","floor":41,"gold_loss":0}],"is_beta":false,"boss_relics":[{"not_picked":["Coffee Dripper","Tiny House"],"picked":"Empty Cage"},{"not_picked":["WristBlade","Pandora\u0027s Box"],"picked":"Lizard Tail"}],"items_purged_floors":[4,10,45],"is_endless":false,"potions_floor_spawned":[6,8,14,16,18,23,24,27,31,37,46,48],"ascension_level":3}