{"gold_per_floor":[112,126,137,137,137,137,137,148,174,99,110,110,127,127,139,253,265,291,402,333,356,380,392,434,446,482,494,165,182,199,211,211,211],"floor_reached":33,"playtime":1996,"items_purged":["Regret"],"score":285,"play_id":"e470f4e3-817e-4603-a84b-c17c551e58e1","local_time":"20190417231720","is_ascension_mode":true,"campfire_choices":[{"floor":6,"key":"REST"},{"floor":15,"key":"REST"},{"floor":23,"key":"REST"},{"floor":25,"key":"REST"},{"floor":32,"key":"REST"}],"neow_cost":"NONE","seed_source_timestamp":617867302863298,"circlet_count":0,"master_deck":["Defend_G+1","Defend_G","Defend_G","Defend_G+1","Defend_G","Strike_G","Strike_G+1","Strike_G","Strike_G","Strike_G","Survivor","Neutralize","Noxious Fumes","Terror","Deflect+1","After Image","Backflip","Infinite Blades","Caltrops+1","Backflip","Blade Dance","Blade Dance"],"relics":["Ring of the Snake","Happy Flower","Bag of Marbles","MawBank","WristBlade","Centennial Puzzle","Frozen Egg 2","War Paint","Calipers"],"potions_floor_usage":[16,16,31,33],"damage_taken":[{"damage":8,"enemies":"Small Slimes","floor":1,"turns":4},{"damage":4,"enemies":"Jaw Worm","floor":2,"turns":5},{"damage":0,"enemies":"2 Louse","floor":3,"turns":2},{"damage":22,"enemies":"Exordium Wildlife","floor":8,"turns":6},{"damage":32,"enemies":"Exordium Thugs","floor":11,"turns":6},{"damage":0,"enemies":"Looter","floor":13,"turns":3},{"damage":9,"enemies":"The Guardian","floor":16,"turns":11},{"damage":28,"enemies":"3 Byrds","floor":18,"turns":6},{"damage":4,"enemies":"Chosen","floor":21,"turns":6},{"damage":25,"enemies":"Centurion and Healer","floor":22,"turns":12},{"damage":20,"enemies":"Book of Stabbing","floor":24,"turns":8},{"damage":11,"enemies":"Snake Plant","floor":29,"turns":5},{"damage":15,"enemies":"3 Cultists","floor":30,"turns":6},{"damage":3,"enemies":"Snecko","floor":31,"turns":4},{"damage":40,"enemies":"Champ","floor":33,"turns":11}],"seed_played":"-8643226567775871523","potions_obtained":[{"floor":8,"key":"Weak Potion"},{"floor":11,"key":"AttackPotion"},{"floor":29,"key":"Weak Potion"},{"floor":30,"key":"Weak Potion"}],"is_trial":false,"path_per_floor":["M","M","M","?","?","R","?","M","T","$","M","?","M","T","R","B",null,"M","?","?","M","M","R","E","R","T","?","$","M","M","M","R","B"],"character_chosen":"THE_SILENT","items_purchased":["Calipers","Backflip"],"campfire_rested":5,"item_purchase_floors":[28,28],"current_hp_per_floor":[62,58,58,58,44,65,65,43,43,43,11,11,11,11,32,23,70,42,42,42,38,13,34,14,35,35,35,35,24,9,6,27,0],"gold":211,"neow_bonus":"RANDOM_COMMON_RELIC","is_prod":false,"is_daily":false,"chose_seed":false,"campfire_upgraded":0,"win_rate":0,"timestamp":1555507040,"path_taken":["M","M","M","?","?","R","?","?","T","$","M","?","M","?","R","BOSS","M","?","?","M","?","R","E","R","T","?","$","M","M","M","R","BOSS"],"build_version":"2019-01-23","purchased_purges":1,"victory":false,"max_hp_per_floor":[70,70,70,70,70,70,70,70,70,70,70,70,70,70,70,70,70,70,70,70,70,70,70,70,70,70,70,70,70,70,70,70,70],"card_choices":[{"not_picked":["Underhanded Strike","Quick Slash","Masterful Stab"],"picked":"SKIP","floor":1},{"not_picked":["Prepared","Quick Slash","Outmaneuver"],"picked":"SKIP","floor":2},{"not_picked":["Acrobatics","PiercingWail"],"picked":"Noxious Fumes","floor":3},{"not_picked":["PiercingWail","Poisoned Stab"],"picked":"Terror","floor":8},{"not_picked":["Calculated Gamble","Poisoned Stab","Distraction"],"picked":"SKIP","floor":11},{"not_picked":["Slice","Quick Slash"],"picked":"Deflect","floor":13},{"not_picked":["Glass Knife","A Thousand Cuts"],"picked":"After Image","floor":16},{"not_picked":["Sucker Punch","Dodge and Roll"],"picked":"Backflip","floor":18},{"not_picked":["PiercingWail+1","Deadly Poison","Terror+1"],"picked":"SKIP","floor":21},{"not_picked":["Sucker Punch","Poisoned Stab"],"picked":"Infinite Blades","floor":22},{"not_picked":["Malaise","Deflect+1"],"picked":"Caltrops+1","floor":24},{"not_picked":["Quick Slash","Expertise+1","Predator"],"picked":"SKIP","floor":29},{"not_picked":["Tactician+1","Outmaneuver"],"picked":"Blade Dance","floor":30},{"not_picked":["Deflect+1","Dodge and Roll"],"picked":"Blade Dance","floor":31}],"player_experience":319159,"relics_obtained":[{"floor":14,"key":"MawBank"},{"floor":24,"key":"Frozen Egg 2"},{"floor":26,"key":"War Paint"}],"event_choices":[{"damage_healed":0,"gold_gain":0,"player_choice":"Box","damage_taken":0,"relics_obtained":["Bag of Marbles"],"max_hp_gain":0,"max_hp_loss":0,"event_name":"Big Fish","floor":4,"gold_loss":0,"cards_obtained":["Regret"]},{"damage_healed":0,"gold_gain":0,"player_choice":"Entered Light","damage_taken":14,"max_hp_gain":0,"max_hp_loss":0,"event_name":"Shining Light","floor":5,"gold_loss":0,"cards_upgraded":["Defend_G","Strike_G"]},{"damage_healed":0,"gold_gain":0,"player_choice":"Ignored","damage_taken":0,"max_hp_gain":0,"max_hp_loss":0,"event_name":"Golden Wing","floor":7,"gold_loss":0},{"damage_healed":0,"gold_gain":0,"player_choice":"Ignored","damage_taken":0,"max_hp_gain":0,"max_hp_loss":0,"event_name":"Liars Game","floor":12,"gold_loss":0},{"damage_healed":0,"gold_gain":99,"player_choice":"Stole From Cult","damage_taken":0,"max_hp_gain":0,"max_hp_loss":0,"event_name":"Nest","floor":19,"gold_loss":0},{"damage_healed":0,"gold_gain":0,"player_choice":"Paid Gold","damage_taken":0,"relics_obtained":["Centennial Puzzle"],"max_hp_gain":0,"max_hp_loss":0,"event_name":"WeMeetAgain","floor":20,"gold_loss":81},{"damage_healed":0,"gold_gain":0,"player_choice":"Ignored","damage_taken":0,"max_hp_gain":0,"max_hp_loss":0,"event_name":"Cursed Tome","floor":27,"gold_loss":0}],"is_beta":false,"boss_relics":[{"not_picked":["Tiny House","Astrolabe"],"picked":"WristBlade"}],"items_purged_floors":[10],"is_endless":false,"potions_floor_spawned":[8,11,29,30],"killed_by":"Champ","ascension_level":2}