{"path_per_floor":["M","$","?","?","M","R","M","M","T","M","E","R","E","M","R","B",null,"M","M","M","$","?","R","$","R","T","?","M","?","R","M","R","B",null,"M","?","$","M","?"],"character_chosen":"THE_SILENT","items_purchased":["Sucker Punch","Cloak And Dagger","Dagger Throw","Heel Hook"],"gold_per_floor":[113,11,11,11,25,25,37,48,73,84,114,114,140,151,151,248,248,265,283,302,42,42,42,42,42,42,42,56,6,6,23,23,123,123,143,143,18,36,0],"floor_reached":40,"campfire_rested":3,"playtime":3606,"current_hp_per_floor":[77,77,70,70,70,70,70,70,70,67,45,68,62,51,74,51,77,65,67,41,41,41,64,64,64,64,64,66,66,66,62,62,23,77,76,77,77,41,41],"items_purged":["Strike_G","Defend_G","Strike_G"],"gold":0,"play_id":"6204506a-04a8-487a-b02a-59403edff554","is_prod":false,"is_daily":false,"is_ascension_mode":false,"campfire_upgraded":4,"path_taken":["M","$","?","?","M","R","M","M","T","M","E","R","E","M","R","BOSS","M","M","M","$","?","R","$","R","T","?","?","?","R","M","R","BOSS","M","?","$","?","?","E"],"build_version":"2018-02-01-PROD3","purchased_purges":3,"victory":false,"master_deck":["Defend_G","Defend_G","Defend_G","Defend_G","Strike_G","Strike_G","Survivor","Neutralize+1","Predator","Sucker Punch","Infinite Blades+1","Slice+1","Dagger Spray","Sucker Punch","All Out Attack","Distraction","Backflip","Doppelganger","Blur+1","Poisoned Stab","Dagger Spray+1","Cloak And Dagger+1","Dagger Throw","Heel Hook","Writhe","Parasite","Noxious Fumes","PiercingWail+1","Adrenaline","Deflect","Cloak And Dagger","Deadly Poison","Crippling Poison","Slice","Flying Knee","Writhe","Dagger Throw+1"],"max_hp_per_floor":[77,77,77,77,77,77,77,77,77,77,77,77,77,77,77,77,77,77,77,77,77,77,77,77,77,77,77,77,77,77,77,77,77,77,77,77,77,77,77],"relics":["Ring of the Snake","Blood Vial","Torii","Letter Opener","Cursed Key","Oddly Smooth Stone","Du-Vu Doll","Orrery","Red Mask"],"card_choices":[{"not_picked":["Calculated Gamble","Bullet Time"],"picked":"Predator"},{"not_picked":["Choke","Slice"],"picked":"Infinite Blades"},{"not_picked":["Acrobatics","Bane"],"picked":"Slice"},{"not_picked":["Well Laid Plans","Escape Plan"],"picked":"Dagger Spray"},{"not_picked":["Underhanded Strike","Distraction"],"picked":"Sucker Punch"},{"not_picked":["Caltrops","Tactician"],"picked":"All Out Attack"},{"not_picked":["Accuracy","Dodge and Roll"],"picked":"Distraction"},{"not_picked":["Accuracy","Flying Knee"],"picked":"Backflip"},{"not_picked":["Night Terror","Burst"],"picked":"Doppelganger"},{"not_picked":["Crippling Poison","PiercingWail"],"picked":"Blur"},{"not_picked":["Reflex","Blur"],"picked":"Poisoned Stab"},{"not_picked":["Eviscerate","Blur"],"picked":"Dagger Spray"},{"not_picked":["Bouncing Flask","Poisoned Stab"],"picked":"Noxious Fumes"},{"not_picked":["Choke","Slice"],"picked":"PiercingWail"},{"not_picked":["Tactician","Bullet Time"],"picked":"Adrenaline"},{"not_picked":["Backflip","Poisoned Stab"],"picked":"Deflect"},{"not_picked":["Poisoned Stab","Blur"],"picked":"Cloak And Dagger"},{"not_picked":["Deflect","Flying Knee"],"picked":"Deadly Poison"},{"not_picked":["Acrobatics","Cloak And Dagger"],"picked":"Crippling Poison"},{"not_picked":["Prepared","Deflect"],"picked":"Slice"},{"not_picked":["Flechettes","Malaise"],"picked":"Flying Knee"},{"not_picked":["Underhanded Strike","Sucker Punch"],"picked":"Dagger Throw"}],"player_experience":57839,"potions_floor_usage":[11,16,33,33],"damage_taken":[{"damage":0,"enemies":"Small Slimes","floor":1,"turns":5},{"damage":0,"enemies":"Jaw Worm","floor":5,"turns":3},{"damage":0,"enemies":"Cultist","floor":7,"turns":3},{"damage":0,"enemies":"Exordium Wildlife","floor":8,"turns":4},{"damage":5,"enemies":"Exordium Thugs","floor":10,"turns":5},{"damage":24,"enemies":"Lagavulin","floor":11,"turns":6},{"damage":8,"enemies":"3 Sentries","floor":13,"turns":8},{"damage":13,"enemies":"2 Fungi Beasts","floor":14,"turns":3},{"damage":25,"enemies":"The Guardian","floor":16,"turns":14},{"damage":12,"enemies":"Spheric Guardian","floor":18,"turns":5},{"damage":0,"enemies":"3 Byrds","floor":19,"turns":3},{"damage":28,"enemies":"Centurion and Healer","floor":20,"turns":8},{"damage":0,"enemies":"Cultist and Chosen","floor":28,"turns":6},{"damage":6,"enemies":"Snecko","floor":31,"turns":4},{"damage":41,"enemies":"Champ","floor":33,"turns":12},{"damage":1,"enemies":"Orb Walker","floor":35,"turns":3},{"damage":36,"enemies":"3 Shapes","floor":38,"turns":3},{"damage":46,"enemies":"Giant Head","floor":40,"turns":7}],"event_choices":[{"event_name":"Golden Wing","player_choice":"Card Removal","floor":3,"damage_taken":0},{"event_name":"The Cleric","player_choice":"Leave","floor":4,"damage_taken":0},{"event_name":"The Mausoleum","player_choice":"Yes","floor":22,"damage_taken":0},{"event_name":"Beggar","player_choice":"Ignored","floor":27,"damage_taken":0},{"event_name":"The Joust","player_choice":"Bet on Murderer","floor":29,"damage_taken":0},{"event_name":"Winding Halls","player_choice":"Writhe","floor":36,"damage_taken":0},{"event_name":"Tomb of Lord Red Mask","player_choice":"Paid","floor":39,"damage_taken":0}],"boss_relics":[{"not_picked":["The Specimen","Snecko Eye"],"picked":"Cursed Key"},{"not_picked":["Black Star","Philosopher\u0027s Stone"],"picked":"Orrery"}],"potions_floor_spawned":[1,8,20,31],"seed_played":"-623155157583781457","killed_by":"Giant Head","ascension_level":0,"is_trial":false}