{"gold_per_floor":[111,211,222,240,240,267,324,324,324,343,343,418,446,458,458,555,555,573,488,21,0,15,42,42,42,42,42,372,372,372,387,387,387],"floor_reached":33,"playtime":2116,"items_purged":[],"score":291,"play_id":"d60e474d-fcda-4f87-a4f3-d5c880dfcb6b","local_time":"20190130211753","is_ascension_mode":false,"campfire_choices":[{"floor":8,"key":"REST"},{"floor":11,"key":"REST"},{"floor":15,"key":"REST"},{"floor":27,"key":"REST"},{"data":"Noxious Fumes","floor":30,"key":"SMITH"},{"floor":32,"key":"REST"}],"neow_cost":"NONE","seed_source_timestamp":0,"circlet_count":0,"master_deck":["Defend_G","Defend_G","Defend_G","Defend_G","Defend_G","Strike_G","Strike_G","Strike_G","Strike_G","Strike_G","Survivor","Neutralize","Accuracy","Noxious Fumes+1","Bane","Deadly Poison","Backstab","Catalyst+1","Poisoned Stab","Deadly Poison","Poisoned Stab+1"],"special_seed":0,"relics":["Ring of the Snake","Paper Crane","PreservedInsect","Regal Pillow","Letter Opener","Dead Branch","Black Star","Anchor","Ginger","Orichalcum","Oddly Smooth Stone","Pocketwatch","Mercury Hourglass","Art of War","Old Coin","Smiling Mask"],"potions_floor_usage":[6,13,16,23,23,24],"damage_taken":[{"damage":2.0,"enemies":"Small Slimes","floor":1.0,"turns":4.0},{"damage":2,"enemies":"Cultist","floor":3,"turns":4},{"damage":6,"enemies":"Jaw Worm","floor":4,"turns":6},{"damage":19,"enemies":"3 Sentries","floor":6,"turns":7},{"damage":18,"enemies":"3 Sentries","floor":7,"turns":6},{"damage":14,"enemies":"3 Louse","floor":10,"turns":3},{"damage":4,"enemies":"Gremlin Nob","floor":13,"turns":4},{"damage":21,"enemies":"Exordium Thugs","floor":14,"turns":4},{"damage":61,"enemies":"Hexaghost","floor":16,"turns":10},{"damage":12,"enemies":"Shell Parasite","floor":18,"turns":6},{"damage":0,"enemies":"3 Byrds","floor":22,"turns":2},{"damage":64,"enemies":"Gremlin Leader","floor":23,"turns":6},{"damage":0,"enemies":"Colosseum Slavers","floor":24,"turns":4},{"damage":25,"enemies":"Slavers","floor":28,"turns":4},{"damage":15,"enemies":"Snake Plant","floor":31,"turns":3},{"damage":70,"enemies":"Automaton","floor":33,"turns":6}],"seed_played":"5329323418209023933","potions_obtained":[{"floor":0.0,"key":"SteroidPotion"},{"floor":0.0,"key":"GhostInAJar"},{"floor":0.0,"key":"Regen Potion"},{"floor":3,"key":"PowerPotion"},{"floor":6,"key":"FairyPotion"},{"floor":16,"key":"FearPotion"},{"floor":22,"key":"GhostInAJar"},{"floor":23,"key":"EssenceOfSteel"},{"floor":28,"key":"Swift Potion"}],"is_trial":false,"path_per_floor":["M","?","M","M","T","E","?","R","T","M","R","?","E","M","R","B",null,"M","?","$","?","M","E","?","?","T","R","E","?","R","M","R","B"],"character_chosen":"THE_SILENT","items_purchased":["Ginger","Orichalcum","Poisoned Stab"],"campfire_rested":5,"item_purchase_floors":[20,20,20],"current_hp_per_floor":[68,68,66,60,60,41,23,59,59,45,70,59,55,34,70,23,70,58,58,58,58,58,7,7,30,30,66,41,41,41,26,62,0],"gold":387,"neow_bonus":"THREE_SMALL_POTIONS","is_prod":false,"is_daily":false,"chose_seed":false,"campfire_upgraded":1,"win_rate":0.0,"timestamp":1548843473,"path_taken":["M","?","?","M","?","E","?","R","T","M","R","?","E","M","R","BOSS","M","?","$","?","?","E","?","?","T","R","E","?","R","M","R","BOSS"],"build_version":"2019-01-23","purchased_purges":0,"victory":false,"max_hp_per_floor":[70,70,70,70,70,70,70,70,70,70,70,70,70,70,70,70,70,70,70,70,70,70,70,70,70,70,70,70,70,70,70,70,70],"card_choices":[{"not_picked":["Finisher","Leg Sweep"],"picked":"Accuracy","floor":1.0},{"not_picked":["Calculated Gamble","Backflip","Dagger Throw"],"picked":"SKIP","floor":3},{"not_picked":["Bane","Eviscerate"],"picked":"Noxious Fumes","floor":4},{"not_picked":["Finisher","PiercingWail"],"picked":"Bane","floor":6},{"not_picked":["Acrobatics","Unload"],"picked":"Deadly Poison","floor":7},{"not_picked":["Eviscerate","Dodge and Roll","Distraction"],"picked":"SKIP","floor":10},{"not_picked":["Sucker Punch","Concentrate","Eviscerate"],"picked":"SKIP","floor":13},{"not_picked":["Deflect","Quick Slash"],"picked":"Backstab","floor":14},{"not_picked":["Deadly Poison+1","Underhanded Strike"],"picked":"Catalyst+1","floor":18},{"not_picked":["Prepared","Leg Sweep","Backflip"],"picked":"SKIP","floor":22},{"not_picked":["Quick Slash","Prepared"],"picked":"Deadly Poison","floor":23},{"not_picked":["Bane","Infinite Blades","Sucker Punch"],"picked":"SKIP","floor":28},{"not_picked":["Outmaneuver","Backflip"],"picked":"Poisoned Stab+1","floor":31}],"player_experience":114763,"relics_obtained":[{"floor":5,"key":"Paper Crane"},{"floor":6,"key":"PreservedInsect"},{"floor":9,"key":"Letter Opener"},{"floor":13,"key":"Dead Branch"},{"floor":23,"key":"Oddly Smooth Stone"},{"floor":23,"key":"Pocketwatch"},{"floor":26,"key":"Mercury Hourglass"},{"floor":28,"key":"Art of War"},{"floor":28,"key":"Old Coin"}],"event_choices":[{"damage_healed":0.0,"max_hp_gain":0.0,"max_hp_loss":0.0,"gold_gain":100.0,"event_name":"Wheel of Change","player_choice":"Gold","floor":2.0,"gold_loss":0.0,"damage_taken":0.0},{"damage_healed":0,"gold_gain":0,"player_choice":"Searched \u00272\u0027 times","damage_taken":0,"relics_obtained":["Regal Pillow"],"max_hp_gain":0,"max_hp_loss":0,"event_name":"Dead Adventurer","floor":7,"gold_loss":0},{"damage_healed":0,"gold_gain":75,"player_choice":"Gather Gold","damage_taken":11,"max_hp_gain":0,"max_hp_loss":0,"event_name":"World of Goop","floor":12,"gold_loss":0},{"damage_healed":0,"gold_gain":0,"player_choice":"Obtained Relic","damage_taken":0,"relics_obtained":["Anchor"],"max_hp_gain":0,"max_hp_loss":0,"event_name":"Addict","floor":19,"gold_loss":85},{"damage_healed":0,"gold_gain":0,"player_choice":"Paid Fearfully","damage_taken":0,"max_hp_gain":0,"max_hp_loss":0,"event_name":"Masked Bandits","floor":21,"gold_loss":21},{"damage_healed":0,"gold_gain":0,"player_choice":"Fight","damage_taken":0,"max_hp_gain":0,"max_hp_loss":0,"event_name":"Colosseum","floor":24,"gold_loss":0},{"damage_healed":0,"gold_gain":0,"player_choice":"Fled From Nobs","damage_taken":0,"max_hp_gain":0,"max_hp_loss":0,"event_name":"Colosseum","floor":24,"gold_loss":0},{"damage_healed":23,"gold_gain":0,"player_choice":"Heal","damage_taken":0,"max_hp_gain":0,"max_hp_loss":0,"event_name":"The Library","floor":25,"gold_loss":0},{"damage_healed":0,"gold_gain":0,"player_choice":"Opened","damage_taken":0,"relics_obtained":["Smiling Mask"],"max_hp_gain":0,"max_hp_loss":0,"event_name":"The Mausoleum","floor":29,"gold_loss":0}],"is_beta":false,"boss_relics":[{"not_picked":["Fusion Hammer","Orrery"],"picked":"Black Star"}],"items_purged_floors":[],"is_endless":false,"potions_floor_spawned":[3,4,6,10,16,22,23,24,28],"killed_by":"Automaton","ascension_level":0}