{"gold_per_floor":[117,117,117,130,155,155,179,104,104,123,158,158,202,202,202,331,331,354,354,281,294,294,294],"floor_reached":23,"playtime":1098,"items_purged":["Injury"],"score":219,"play_id":"576f877e-da6c-4f32-9e21-a896473fd73e","local_time":"20190417223053","is_ascension_mode":true,"campfire_choices":[{"data":"Infinite Blades","floor":6.0,"key":"SMITH"},{"floor":12.0,"key":"REST"},{"floor":15.0,"key":"REST"}],"neow_cost":"NONE","seed_source_timestamp":0,"circlet_count":0,"master_deck":["Defend_G","Defend_G","Defend_G","Defend_G","Defend_G","Strike_G","Strike_G","Strike_G","Strike_G","Strike_G","Survivor","Neutralize","Backflip","Infinite Blades+1","Terror","Blade Dance","After Image","Envenom","Infinite Blades","Infinite Blades"],"special_seed":0,"relics":["Ring of the Snake","NeowsBlessing","Golden Idol","Regal Pillow","Ornamental Fan","Dodecahedron","Black Star","Nilry\u0027s Codex"],"potions_floor_usage":[23],"damage_taken":[{"damage":0.0,"enemies":"2 Louse","floor":1.0,"turns":1.0},{"damage":0.0,"enemies":"Cultist","floor":4.0,"turns":1.0},{"damage":0.0,"enemies":"Small Slimes","floor":5.0,"turns":1.0},{"damage":14.0,"enemies":"Exordium Thugs","floor":7.0,"turns":6.0},{"damage":4.0,"enemies":"Blue Slaver","floor":10.0,"turns":4.0},{"damage":24.0,"enemies":"Lagavulin","floor":11.0,"turns":6.0},{"damage":19.0,"enemies":"Gremlin Nob","floor":13.0,"turns":4.0},{"damage":37.0,"enemies":"The Guardian","floor":16.0,"turns":12.0},{"damage":0.0,"enemies":"2 Thieves","floor":18.0,"turns":4.0},{"damage":7.0,"enemies":"Spheric Guardian","floor":21.0,"turns":6.0},{"damage":52,"enemies":"Slavers","floor":23,"turns":3}],"seed_played":"-8006608536091737760","potions_obtained":[{"floor":4.0,"key":"Dexterity Potion"},{"floor":11.0,"key":"SpeedPotion"},{"floor":13.0,"key":"GhostInAJar"},{"floor":16.0,"key":"AttackPotion"},{"floor":18.0,"key":"GamblersBrew"},{"floor":21.0,"key":"GamblersBrew"}],"is_trial":false,"path_per_floor":["M","?","?","M","M","R","M","$","T","M","E","R","E","?","R","B",null,"M","?","$","M","$","E"],"character_chosen":"THE_SILENT","items_purchased":["Infinite Blades"],"campfire_rested":2,"item_purchase_floors":[20],"current_hp_per_floor":[70,70,63,63,63,63,49,49,49,45,21,57,38,38,70,33,70,70,54,54,47,47,0],"gold":294,"neow_bonus":"THREE_ENEMY_KILL","is_prod":false,"is_daily":false,"chose_seed":false,"campfire_upgraded":1,"win_rate":0,"timestamp":1555504253,"path_taken":["M","?","?","?","M","R","?","$","T","M","E","R","E","?","R","BOSS","M","?","$","M","$","E"],"build_version":"2019-01-23","purchased_purges":1,"victory":false,"max_hp_per_floor":[70,70,70,70,70,70,70,70,70,70,70,70,70,70,70,70,70,70,70,70,70,70,70],"card_choices":[{"not_picked":["Underhanded Strike","PiercingWail","Quick Slash"],"picked":"SKIP","floor":1.0},{"not_picked":["Prepared","Slice"],"picked":"Backflip","floor":4.0},{"not_picked":["All Out Attack","Underhanded Strike"],"picked":"Infinite Blades","floor":5.0},{"not_picked":["Riddle With Holes","Poisoned Stab"],"picked":"Terror","floor":7.0},{"not_picked":["Backstab","Dagger Spray"],"picked":"Blade Dance","floor":10.0},{"not_picked":["Flechettes","All Out Attack"],"picked":"After Image","floor":11.0},{"not_picked":["Slice","Riddle With Holes","Poisoned Stab"],"picked":"SKIP","floor":13.0},{"not_picked":["Storm of Steel","Unload"],"picked":"Envenom","floor":16.0},{"not_picked":["Terror","Underhanded Strike"],"picked":"Infinite Blades","floor":18.0},{"not_picked":["Slice","Backflip","Caltrops"],"picked":"SKIP","floor":21.0}],"player_experience":317292,"relics_obtained":[{"floor":9.0,"key":"Regal Pillow"},{"floor":11.0,"key":"Ornamental Fan"},{"floor":13.0,"key":"Dodecahedron"},{"floor":19.0,"key":"Nilry\u0027s Codex"}],"event_choices":[{"damage_healed":0.0,"max_hp_gain":0.0,"max_hp_loss":0.0,"gold_gain":0.0,"event_name":"Golden Idol","player_choice":"Take Wound","floor":2.0,"gold_loss":0.0,"damage_taken":0.0,"relics_obtained":["Golden Idol"],"cards_obtained":["Injury"]},{"damage_healed":0.0,"max_hp_gain":0.0,"max_hp_loss":0.0,"gold_gain":0.0,"event_name":"Wheel of Change","player_choice":"Damaged","floor":3.0,"gold_loss":0.0,"damage_taken":7.0},{"damage_healed":0.0,"max_hp_gain":0.0,"max_hp_loss":0.0,"gold_gain":0.0,"event_name":"Golden Wing","player_choice":"Ignored","floor":14.0,"gold_loss":0.0,"damage_taken":0.0},{"damage_healed":0.0,"max_hp_gain":0.0,"max_hp_loss":0.0,"gold_gain":0.0,"event_name":"Cursed Tome","player_choice":"Obtained Book","floor":19.0,"gold_loss":0.0,"damage_taken":16.0}],"is_beta":false,"boss_relics":[{"not_picked":["Runic Pyramid","Pandora\u0027s Box"],"picked":"Black Star"}],"items_purged_floors":[8],"is_endless":false,"potions_floor_spawned":[4,11,13,16,18,21],"killed_by":"Slavers","ascension_level":2}