{"gold_per_floor":[10,10,20,34,34,66,66,66,66,66,66,98,110,140,152,269,281,306,298,310,322],"floor_reached":21,"playtime":834,"items_purged":[],"score":224,"play_id":"34fcdf4e-a6f0-4bab-8292-2caaf326e3e3","local_time":"20190317194345","is_ascension_mode":true,"campfire_choices":[{"floor":8,"key":"REST"},{"floor":10,"key":"REST"},{"floor":15,"key":"REST"}],"neow_cost":"NO_GOLD","seed_source_timestamp":179533204902310,"circlet_count":0,"master_deck":["Strike_B","Strike_B","Strike_B","Strike_B+1","Defend_B","Defend_B","Defend_B","Defend_B+1","Zap","Dualcast","Defragment","Ball Lightning","Electrodynamics","Melter","Static Discharge","Conserve Battery","Static Discharge","Conserve Battery","Bandage Up"],"relics":["Cracked Core","Prayer Wheel","Calipers","Shovel","MawBank","Inserter"],"potions_floor_usage":[6,6,16,21,21],"damage_taken":[{"damage":15,"enemies":"2 Louse","floor":1,"turns":2},{"damage":2,"enemies":"Jaw Worm","floor":3,"turns":3},{"damage":5,"enemies":"Small Slimes","floor":4,"turns":3},{"damage":6,"enemies":"Gremlin Nob","floor":6,"turns":3},{"damage":40,"enemies":"Lagavulin","floor":12,"turns":4},{"damage":15,"enemies":"Gremlin Gang","floor":14,"turns":3},{"damage":36,"enemies":"Hexaghost","floor":16,"turns":8},{"damage":39,"enemies":"Shell Parasite","floor":18,"turns":5},{"damage":28,"enemies":"2 Thieves","floor":19,"turns":4},{"damage":9,"enemies":"Shelled Parasite and Fungi","floor":21,"turns":1}],"seed_played":"-4031104354173911791","potions_obtained":[{"floor":1,"key":"SpeedPotion"},{"floor":3,"key":"Explosive Potion"},{"floor":4,"key":"Dexterity Potion"},{"floor":14,"key":"FocusPotion"},{"floor":18,"key":"PowerPotion"}],"is_trial":false,"path_per_floor":["M","?","M","M","?","E","$","R","T","R","?","E","$","M","R","B",null,"M","M","?","M"],"character_chosen":"DEFECT","items_purchased":[],"campfire_rested":3,"item_purchase_floors":[],"current_hp_per_floor":[60,45,43,38,38,32,32,54,54,75,75,35,35,20,42,6,75,36,8,8,0],"gold":322,"neow_bonus":"ONE_RARE_RELIC","is_prod":false,"is_daily":false,"chose_seed":false,"campfire_upgraded":0,"win_rate":0,"timestamp":1552812225,"path_taken":["M","?","M","M","?","E","$","R","T","R","?","E","$","?","R","BOSS","M","M","?","?"],"build_version":"2019-01-23","purchased_purges":0,"victory":false,"max_hp_per_floor":[75,75,75,75,75,75,75,75,75,75,75,75,75,75,75,75,75,75,75,75,75],"card_choices":[{"not_picked":["Capacitor","Loop"],"picked":"Defragment","floor":1},{"not_picked":["Darkness","Rebound","Coolheaded"],"picked":"SKIP","floor":1},{"not_picked":["Storm","Redo"],"picked":"Ball Lightning","floor":3},{"not_picked":["Cold Snap","Conserve Battery"],"picked":"Electrodynamics","floor":3},{"not_picked":["Glacier","Double Energy","Stack"],"picked":"SKIP","floor":4},{"not_picked":["Cold Snap","Leap","Redo"],"picked":"SKIP","floor":4},{"not_picked":["Glacier","Doom and Gloom"],"picked":"Melter","floor":6},{"not_picked":["Buffer","Go for the Eyes"],"picked":"Static Discharge","floor":12},{"not_picked":["Beam Cell","Turbo","Go for the Eyes"],"picked":"SKIP","floor":14},{"not_picked":["Coolheaded","Cold Snap","Rip and Tear"],"picked":"SKIP","floor":14},{"not_picked":["White Noise","Ball Lightning"],"picked":"Conserve Battery","floor":18},{"not_picked":["Lockon","Stack+1","Rebound"],"picked":"SKIP","floor":18},{"not_picked":["Steam","Beam Cell"],"picked":"Static Discharge","floor":19},{"not_picked":["Creative AI","Barrage"],"picked":"Conserve Battery","floor":19}],"player_experience":228213,"relics_obtained":[{"floor":6,"key":"Calipers"},{"floor":9,"key":"Shovel"},{"floor":12,"key":"MawBank"}],"event_choices":[{"damage_healed":0,"gold_gain":0,"player_choice":"Entered Light","damage_taken":15,"max_hp_gain":0,"max_hp_loss":0,"event_name":"Shining Light","floor":2,"gold_loss":0,"cards_upgraded":["Defend_B","Strike_B"]},{"damage_healed":0,"gold_gain":0,"player_choice":"Leave","damage_taken":0,"max_hp_gain":0,"max_hp_loss":0,"event_name":"The Cleric","floor":5,"gold_loss":0},{"damage_healed":0,"gold_gain":0,"player_choice":"Ignored","damage_taken":0,"max_hp_gain":0,"max_hp_loss":0,"event_name":"Liars Game","floor":11,"gold_loss":0},{"damage_healed":0,"gold_gain":0,"player_choice":"1 cards matched","damage_taken":0,"max_hp_gain":0,"max_hp_loss":0,"event_name":"Match and Keep!","floor":20,"gold_loss":0,"cards_obtained":["Bandage Up"]}],"is_beta":false,"boss_relics":[{"not_picked":["Runic Dome","Snecko Eye"],"picked":"Inserter"}],"items_purged_floors":[],"is_endless":false,"potions_floor_spawned":[1,3,4,14,18],"killed_by":"Shelled Parasite and Fungi","ascension_level":4}