{"gold_per_floor":[115,134,148,73,83,116,131,131,131,131,131,151,151,151,151,250,250,270,280,296,310,136,136,150,150,202,217,217,235,263,277,277,378,378,397,21,34,34,52,52,152,152,152,166,166,166],"floor_reached":46,"playtime":3408,"items_purged":["Defend_R","Strike_R","Defend_R"],"score":471,"play_id":"7d460379-2b59-4682-b672-11189ea57ce0","local_time":"20190623152644","is_ascension_mode":false,"campfire_choices":[{"floor":13,"key":"REST"},{"data":"Flame Barrier","floor":15,"key":"SMITH"},{"data":"Bash","floor":23,"key":"SMITH"},{"floor":28,"key":"REST"},{"data":"Dual Wield","floor":32,"key":"SMITH"},{"floor":40,"key":"REST"},{"floor":42,"key":"REST"}],"neow_cost":"NONE","seed_source_timestamp":13568863077429,"circlet_count":0,"master_deck":["Strike_R","Strike_R","Defend_R","Defend_R+1","Bash+1","Flame Barrier+1","Flex","Anger","Flex+1","Inflame","Flex","Juggernaut+1","Armaments+1","Disarm","Headbutt","Headbutt+1","Inflame+1","RitualDagger","Pommel Strike+1","Rampage+1","Dual Wield+1","Demon Form+1","Havoc+1","Anger","Flex","Madness","Madness","Feel No Pain+1","Havoc+1"],"relics":["Black Blood","Orichalcum","War Paint","Mercury Hourglass","Frozen Egg 2","Mark of Pain","PreservedInsect","Red Skull","Vajra","Dodecahedron"],"potions_floor_usage":[16,30,33,46,46,46],"damage_taken":[{"damage":0,"enemies":"2 Louse","floor":1,"turns":3},{"damage":0,"enemies":"Small Slimes","floor":2,"turns":4},{"damage":0,"enemies":"Cultist","floor":3,"turns":5},{"damage":0,"enemies":"Gremlin Gang","floor":5,"turns":7},{"damage":29,"enemies":"Lagavulin","floor":6,"turns":7},{"damage":8,"enemies":"Large Slime","floor":7,"turns":4},{"damage":4,"enemies":"Looter","floor":12,"turns":2},{"damage":34,"enemies":"Hexaghost","floor":16,"turns":9},{"damage":4,"enemies":"Shell Parasite","floor":18,"turns":4},{"damage":13,"enemies":"Spheric Guardian","floor":19,"turns":5},{"damage":17,"enemies":"3 Cultists","floor":20,"turns":5},{"damage":2,"enemies":"Chosen and Byrds","floor":21,"turns":6},{"damage":13,"enemies":"Snecko","floor":24,"turns":5},{"damage":9,"enemies":"Snake Plant","floor":27,"turns":4},{"damage":0,"enemies":"Chosen and Byrds","floor":29,"turns":4},{"damage":6,"enemies":"Book of Stabbing","floor":30,"turns":4},{"damage":3,"enemies":"3 Cultists","floor":31,"turns":5},{"damage":58,"enemies":"Automaton","floor":33,"turns":8},{"damage":26,"enemies":"3 Shapes","floor":35,"turns":4},{"damage":32,"enemies":"3 Darklings","floor":37,"turns":4},{"damage":5,"enemies":"Transient","floor":39,"turns":5},{"damage":8,"enemies":"Sphere and 2 Shapes","floor":44,"turns":4},{"damage":88,"enemies":"Donu and Deca","floor":46,"turns":6}],"seed_played":"6039746589415871470","potions_obtained":[{"floor":2,"key":"GamblersBrew"},{"floor":3,"key":"Strength Potion"},{"floor":6,"key":"Regen Potion"},{"floor":16,"key":"Dexterity Potion"},{"floor":18,"key":"AttackPotion"},{"floor":37,"key":"LiquidBronze"},{"floor":39,"key":"Dexterity Potion"},{"floor":44,"key":"Energy Potion"}],"is_trial":false,"path_per_floor":["M","M","M","$","M","E","M","?","T","?","?","M","R","T","R","B",null,"M","M","M","M","$","R","M","?","T","M","R","M","E","M","R","B",null,"M","$","M","?","M","R","?","R","T","M","?","B"],"character_chosen":"IRONCLAD","items_purchased":["Inflame+1","Anger","Flex","Vajra"],"campfire_rested":4,"item_purchase_floors":[22,36,36,36],"current_hp_per_floor":[80,80,80,80,80,57,55,48,48,48,53,55,80,80,80,67,85,85,78,67,71,71,71,64,58,58,55,80,85,85,85,85,33,85,69,69,47,36,41,66,66,85,85,85,85,0],"gold":166,"neow_bonus":"RANDOM_COMMON_RELIC","is_prod":false,"is_daily":false,"chose_seed":false,"campfire_upgraded":3,"win_rate":0.0,"timestamp":1561318004,"path_taken":["M","M","M","$","M","E","M","?","T","?","?","M","R","?","R","BOSS","M","?","M","M","$","R","?","?","T","M","R","M","E","M","R","BOSS","M","$","M","?","M","R","?","R","T","?","?","BOSS"],"build_version":"2019-01-23","purchased_purges":3,"victory":false,"max_hp_per_floor":[80,80,80,80,80,80,80,80,80,80,85,85,85,85,85,85,85,85,85,85,85,85,85,85,85,85,85,85,85,85,85,85,85,85,85,85,85,85,85,85,85,85,85,85,85,85],"card_choices":[{"not_picked":["True Grit","Heavy Blade"],"picked":"Flame Barrier","floor":1},{"not_picked":["Thunderclap","Inflame"],"picked":"Flex","floor":2},{"not_picked":["Armaments","Body Slam"],"picked":"Anger","floor":3},{"not_picked":["Wild Strike","Flame Barrier"],"picked":"Flex","floor":5},{"not_picked":["Twin Strike","Shrug It Off"],"picked":"Inflame","floor":6},{"not_picked":["Sword Boomerang","Battle Trance"],"picked":"Flex","floor":7},{"not_picked":["Blood for Blood","Thunderclap","Armaments"],"picked":"SKIP","floor":12},{"not_picked":["Demon Form+1","Bludgeon"],"picked":"Juggernaut+1","floor":16},{"not_picked":["Clash","Wild Strike"],"picked":"Armaments+1","floor":18},{"not_picked":["Searing Blow","Rupture+1"],"picked":"Disarm","floor":19},{"not_picked":["Sword Boomerang","Clothesline"],"picked":"Headbutt","floor":20},{"not_picked":["Reckless Charge","Armaments"],"picked":"Headbutt+1","floor":21},{"not_picked":["Cleave","Shrug It Off+1","Feel No Pain+1"],"picked":"SKIP","floor":24},{"not_picked":["Havoc","Burning Pact+1"],"picked":"Pommel Strike+1","floor":27},{"not_picked":["Headbutt+1","Cleave"],"picked":"Rampage+1","floor":29},{"not_picked":["Headbutt","Wild Strike+1"],"picked":"Dual Wield","floor":30},{"not_picked":["Spot Weakness","True Grit","Pummel"],"picked":"SKIP","floor":31},{"not_picked":["Offering","Dark Embrace+1"],"picked":"Demon Form+1","floor":33},{"not_picked":["Heavy Blade","Perfected Strike"],"picked":"Havoc+1","floor":35},{"not_picked":["Wild Strike","Iron Wave","Clothesline"],"picked":"SKIP","floor":37},{"not_picked":["Pommel Strike","Wild Strike+1"],"picked":"Feel No Pain+1","floor":39},{"not_picked":["Sever Soul","Clash+1"],"picked":"Havoc+1","floor":44}],"player_experience":153731,"relics_obtained":[{"floor":6,"key":"War Paint"},{"floor":9,"key":"Mercury Hourglass"},{"floor":14,"key":"Frozen Egg 2"},{"floor":26,"key":"PreservedInsect"},{"floor":30,"key":"Red Skull"},{"floor":43,"key":"Dodecahedron"}],"event_choices":[{"cards_removed":["Strike_R"],"damage_healed":0,"gold_gain":0,"player_choice":"Card Removal","damage_taken":7,"max_hp_gain":0,"max_hp_loss":0,"event_name":"Golden Wing","floor":8,"gold_loss":0},{"cards_removed":["Strike_R"],"damage_healed":0,"gold_gain":0,"player_choice":"Forget","damage_taken":0,"max_hp_gain":0,"max_hp_loss":0,"event_name":"Living Wall","floor":10,"gold_loss":0},{"damage_healed":0,"gold_gain":0,"player_choice":"Donut","damage_taken":0,"max_hp_gain":5,"max_hp_loss":0,"event_name":"Big Fish","floor":11,"gold_loss":0},{"damage_healed":0,"gold_gain":0,"player_choice":"Joined the Cult","damage_taken":6,"max_hp_gain":0,"max_hp_loss":0,"event_name":"Nest","floor":25,"gold_loss":0,"cards_obtained":["RitualDagger"]},{"damage_healed":0,"gold_gain":0,"player_choice":"Embrace Madness","damage_taken":11,"max_hp_gain":0,"max_hp_loss":0,"event_name":"Winding Halls","floor":38,"gold_loss":0,"cards_obtained":["Madness","Madness"]},{"damage_healed":0,"gold_gain":100,"player_choice":"Pray","damage_taken":0,"max_hp_gain":0,"max_hp_loss":0,"event_name":"Golden Shrine","floor":41,"gold_loss":0},{"damage_healed":0,"gold_gain":0,"player_choice":"Took Portal","damage_taken":0,"max_hp_gain":0,"max_hp_loss":0,"event_name":"SecretPortal","floor":45,"gold_loss":0}],"is_beta":false,"boss_relics":[{"not_picked":["Cursed Key","Tiny House"],"picked":"Mark of Pain"},{"not_picked":["Runic Pyramid","Coffee Dripper"],"picked":"Black Blood"}],"items_purged_floors":[4,22,36],"is_endless":false,"potions_floor_spawned":[2,3,6,16,18,21,24,27,37,39,44],"killed_by":"Donu and Deca","ascension_level":0}