{"gold_per_floor":[114,126,136,149,160,195,207,238,304,335,347,369,391,578,590,703,715,737,749,771,783,795,807],"floor_reached":23,"playtime":1547,"items_purged":[],"score":197,"play_id":"b80f025a-d097-4141-b23b-a2a1e8bb8d16","local_time":"20190113195211","is_ascension_mode":false,"campfire_choices":[{"data":"Deadly Poison","floor":7,"key":"SMITH"},{"floor":15,"key":"REST"}],"neow_cost":"NONE","seed_source_timestamp":260263508132293,"circlet_count":0,"master_deck":["Defend_G","Defend_G","Defend_G","Defend_G","Defend_G","Strike_G","Strike_G","Strike_G","Strike_G","Strike_G","Survivor","Neutralize","Deflect","Deflect","Backflip","Dagger Spray","Blade Dance","Deadly Poison+1","Bouncing Flask","Dagger Spray","Quick Slash","Poisoned Stab","Doubt","Corpse Explosion","Poisoned Stab","RitualDagger","Deadly Poison","Writhe"],"relics":["Ring of the Snake","NeowsBlessing","MawBank","Orichalcum","WristBlade","Enchiridion","Bird Faced Urn"],"potions_floor_usage":[4,16,23],"damage_taken":[{"damage":0,"enemies":"Jaw Worm","floor":1,"turns":1},{"damage":0,"enemies":"Small Slimes","floor":2,"turns":1},{"damage":0,"enemies":"2 Louse","floor":3,"turns":1},{"damage":3,"enemies":"Blue Slaver","floor":4,"turns":6},{"damage":11,"enemies":"3 Louse","floor":5,"turns":3},{"damage":19,"enemies":"3 Sentries","floor":6,"turns":10},{"damage":22,"enemies":"Exordium Wildlife","floor":8,"turns":5},{"damage":6,"enemies":"Large Slime","floor":10,"turns":6},{"damage":2,"enemies":"Blue Slaver","floor":12,"turns":4},{"damage":0,"enemies":"2 Fungi Beasts","floor":13,"turns":2},{"damage":31,"enemies":"The Guardian","floor":16,"turns":9},{"damage":4,"enemies":"Chosen","floor":18,"turns":4},{"damage":6,"enemies":"3 Byrds","floor":20,"turns":3},{"damage":40,"enemies":"Slavers","floor":23,"turns":3}],"seed_played":"6094385032274969496","potions_obtained":[{"floor":3,"key":"EntropicBrew"},{"floor":4,"key":"Ancient Potion"},{"floor":8,"key":"AttackPotion"}],"is_trial":false,"path_per_floor":["M","M","M","M","M","E","R","M","T","M","?","M","M","?","R","B",null,"M","?","M","?","?","E"],"character_chosen":"THE_SILENT","items_purchased":[],"campfire_rested":1,"item_purchase_floors":[],"current_hp_per_floor":[70,70,70,67,56,37,37,15,15,9,32,30,30,30,51,20,70,66,60,54,38,38,0],"gold":807,"neow_bonus":"THREE_ENEMY_KILL","is_prod":false,"is_daily":false,"chose_seed":false,"campfire_upgraded":1,"win_rate":0.0,"timestamp":1547369531,"path_taken":["M","M","M","M","M","E","R","M","T","M","?","M","M","?","R","BOSS","M","?","M","?","?","E"],"build_version":"2019-01-10","purchased_purges":0,"victory":false,"max_hp_per_floor":[70,70,70,70,70,70,70,70,70,70,70,70,70,70,70,70,70,70,70,70,70,70,70],"card_choices":[{"not_picked":["Prepared","Outmaneuver"],"picked":"Deflect","floor":1},{"not_picked":["Underhanded Strike","Reflex"],"picked":"Deflect","floor":2},{"not_picked":["Terror","Malaise"],"picked":"Backflip","floor":3},{"not_picked":["Acrobatics","Sucker Punch"],"picked":"Dagger Spray","floor":4},{"not_picked":["Outmaneuver","Crippling Poison"],"picked":"Blade Dance","floor":5},{"not_picked":["Dodge and Roll","Well Laid Plans"],"picked":"Deadly Poison","floor":6},{"not_picked":["Leg Sweep","Backstab"],"picked":"Bouncing Flask","floor":8},{"not_picked":["Dagger Throw","Blade Dance"],"picked":"Dagger Spray","floor":10},{"not_picked":["PiercingWail","Eviscerate"],"picked":"Quick Slash","floor":12},{"not_picked":["Flying Knee","Cloak And Dagger"],"picked":"Poisoned Stab","floor":13},{"not_picked":["Wraith Form v2","Unload"],"picked":"Corpse Explosion","floor":16},{"not_picked":["Footwork","Deflect+1"],"picked":"Poisoned Stab","floor":18},{"not_picked":["Eviscerate","Underhanded Strike+1"],"picked":"Deadly Poison","floor":20}],"player_experience":48104,"relics_obtained":[{"floor":6,"key":"MawBank"},{"floor":9,"key":"Orichalcum"},{"floor":21,"key":"Enchiridion"}],"event_choices":[{"damage_healed":23,"gold_gain":0,"player_choice":"Banana","damage_taken":0,"max_hp_gain":0,"max_hp_loss":0,"event_name":"Big Fish","floor":11,"gold_loss":0},{"damage_healed":0,"gold_gain":175,"player_choice":"AGREE","damage_taken":0,"max_hp_gain":0,"max_hp_loss":0,"event_name":"Liars Game","floor":14,"gold_loss":0,"cards_obtained":["Doubt"]},{"damage_healed":0,"gold_gain":0,"player_choice":"Joined the Cult","damage_taken":6,"max_hp_gain":0,"max_hp_loss":0,"event_name":"Nest","floor":19,"gold_loss":0,"cards_obtained":["RitualDagger"]},{"damage_healed":0,"gold_gain":0,"player_choice":"Obtained Book","damage_taken":16,"max_hp_gain":0,"max_hp_loss":0,"event_name":"Cursed Tome","floor":21,"gold_loss":0},{"damage_healed":0,"gold_gain":0,"player_choice":"Opened","damage_taken":0,"relics_obtained":["Bird Faced Urn"],"max_hp_gain":0,"max_hp_loss":0,"event_name":"The Mausoleum","floor":22,"gold_loss":0,"cards_obtained":["Writhe"]}],"is_beta":false,"boss_relics":[{"not_picked":["Tiny House","White Beast Statue"],"picked":"WristBlade"}],"items_purged_floors":[],"is_endless":false,"potions_floor_spawned":[3,4,8,10,13],"killed_by":"Slavers","ascension_level":0}