{"gold_per_floor":[112,287,287,352,75,103,103,103,103,103,129,140,168,188,188,286,286,304,304,319,319,333,365,365,381,407,407,440,440,452,471,471,471],"floor_reached":33,"playtime":1807,"items_purged":["Doubt"],"score":470,"play_id":"4956e3b4-df98-45a1-8242-36529af9387d","local_time":"20190623133804","is_ascension_mode":true,"campfire_choices":[{"data":"Magnetism","floor":8,"key":"SMITH"},{"data":"Metallicize","floor":15,"key":"SMITH"},{"data":"Disarm","floor":24,"key":"SMITH"},{"data":"Bludgeon","floor":27,"key":"SMITH"},{"floor":32,"key":"REST"}],"neow_cost":"TEN_PERCENT_HP_LOSS","seed_source_timestamp":849044834326513,"circlet_count":0,"master_deck":["AscendersBane","Strike_R+1","Strike_R+1","Strike_R+1","Strike_R+1","Strike_R+1","Defend_R+1","Defend_R+1","Defend_R+1","Defend_R+1","Bash+1","Finesse+1","Iron Wave+1","Feel No Pain","Magnetism+1","Metallicize+1","Whirlwind","Sever Soul","True Grit+1","Pommel Strike","Bludgeon+1","Disarm+1","Metallicize+1","Flame Barrier+1","Dropkick","Feel No Pain","Warcry+1","Double Tap","Headbutt+1"],"relics":["Burning Blood","Du-Vu Doll","Bottled Tornado","Ancient Tea Set","Sozu","Blood Vial","War Paint","Centennial Puzzle","Nloth\u0027s Gift"],"potions_floor_usage":[28,31],"damage_taken":[{"damage":9,"enemies":"Jaw Worm","floor":1,"turns":5},{"damage":28,"enemies":"Lagavulin","floor":6,"turns":6},{"damage":15,"enemies":"3 Sentries","floor":11,"turns":9},{"damage":2,"enemies":"Small Slimes","floor":12,"turns":4},{"damage":15,"enemies":"Lagavulin","floor":13,"turns":8},{"damage":3,"enemies":"Cultist","floor":14,"turns":4},{"damage":38,"enemies":"The Guardian","floor":16,"turns":12},{"damage":18,"enemies":"Shell Parasite","floor":18,"turns":5},{"damage":11,"enemies":"Spheric Guardian","floor":20,"turns":5},{"damage":0,"enemies":"Cultist and Chosen","floor":22,"turns":7},{"damage":10,"enemies":"Book of Stabbing","floor":23,"turns":7},{"damage":8,"enemies":"Centurion and Healer","floor":25,"turns":7},{"damage":13,"enemies":"Gremlin Leader","floor":28,"turns":6},{"damage":24,"enemies":"Snake Plant","floor":30,"turns":3},{"damage":8,"enemies":"Chosen and Byrds","floor":31,"turns":6},{"damage":49,"enemies":"Collector","floor":33,"turns":5}],"seed_played":"6628235688590012187","potions_obtained":[{"floor":1,"key":"Fire Potion"},{"floor":12,"key":"Swift Potion"}],"is_trial":false,"path_per_floor":["M","?","?","?","$","E","$","R","T","?","E","M","E","M","R","B",null,"M","?","M","?","M","E","R","M","T","R","E","?","M","M","R","B"],"character_chosen":"IRONCLAD","items_purchased":["Feel No Pain","Magnetism"],"campfire_rested":1,"item_purchase_floors":[5,5],"current_hp_per_floor":[69,69,69,69,69,47,47,47,47,72,63,67,58,61,61,29,61,49,49,44,44,50,46,46,46,46,46,41,41,25,25,46,0],"gold":471,"neow_bonus":"RANDOM_COLORLESS_2","is_prod":false,"is_daily":false,"chose_seed":false,"campfire_upgraded":4,"win_rate":0,"timestamp":1561261084,"path_taken":["M","?","?","?","$","E","$","R","T","?","E","?","E","M","R","BOSS","M","?","?","?","M","E","R","M","T","R","E","?","?","?","R","BOSS"],"build_version":"2019-01-23","purchased_purges":1,"victory":false,"max_hp_per_floor":[72,72,72,72,72,72,72,72,72,72,72,72,72,72,72,72,72,72,72,72,72,72,72,72,72,72,72,72,72,72,72,72,72],"card_choices":[{"not_picked":["Twin Strike","Rupture"],"picked":"Iron Wave","floor":1},{"not_picked":["Thunderclap","True Grit"],"picked":"Metallicize","floor":6},{"not_picked":["Brutality","Pommel Strike"],"picked":"Whirlwind","floor":11},{"not_picked":["Body Slam","Armaments"],"picked":"Sever Soul","floor":12},{"not_picked":["Sentinel","Thunderclap"],"picked":"True Grit","floor":13},{"not_picked":["Flex","Thunderclap"],"picked":"Pommel Strike","floor":14},{"not_picked":["Impervious","Offering"],"picked":"Bludgeon","floor":16},{"not_picked":["Shrug It Off","Twin Strike"],"picked":"Disarm","floor":18},{"not_picked":["Wild Strike","Iron Wave"],"picked":"Flame Barrier+1","floor":20},{"not_picked":["Twin Strike","Cleave"],"picked":"Dropkick","floor":22},{"not_picked":["Uppercut","Bloodletting+1"],"picked":"Feel No Pain","floor":23},{"not_picked":["Thunderclap","Rupture+1","Dropkick"],"picked":"SKIP","floor":25},{"not_picked":["Shrug It Off","Headbutt+1"],"picked":"Warcry+1","floor":28},{"not_picked":["Perfected Strike","Armaments"],"picked":"Double Tap","floor":30},{"not_picked":["Limit Break","Clothesline"],"picked":"Headbutt+1","floor":31}],"player_experience":491559,"relics_obtained":[{"floor":6,"key":"Du-Vu Doll"},{"floor":9,"key":"Bottled Tornado"},{"floor":11,"key":"Whetstone"},{"floor":13,"key":"Ancient Tea Set"},{"floor":23,"key":"Blood Vial"},{"floor":26,"key":"War Paint"},{"floor":28,"key":"Centennial Puzzle"}],"event_choices":[{"damage_healed":0,"gold_gain":175,"player_choice":"AGREE","damage_taken":0,"max_hp_gain":0,"max_hp_loss":0,"event_name":"Liars Game","floor":2,"gold_loss":0,"cards_obtained":["Doubt"]},{"damage_healed":0,"gold_gain":0,"player_choice":"Grow","damage_taken":0,"max_hp_gain":0,"max_hp_loss":0,"event_name":"Living Wall","floor":3,"gold_loss":0,"cards_upgraded":["Bash"]},{"damage_healed":0,"gold_gain":65,"player_choice":"Gained Gold","damage_taken":0,"max_hp_gain":0,"max_hp_loss":0,"event_name":"Golden Wing","floor":4,"gold_loss":0},{"cards_removed":["Purity"],"damage_healed":25,"gold_gain":0,"player_choice":"Offered Uncommon","damage_taken":0,"max_hp_gain":0,"max_hp_loss":0,"event_name":"Bonfire Elementals","floor":10,"gold_loss":0},{"damage_healed":0,"gold_gain":0,"player_choice":"Copied","damage_taken":0,"max_hp_gain":0,"max_hp_loss":0,"event_name":"Duplicator","floor":19,"gold_loss":0,"cards_obtained":["Metallicize"]},{"damage_healed":0,"gold_gain":0,"player_choice":"Simplicity","damage_taken":0,"max_hp_gain":0,"max_hp_loss":0,"event_name":"Back to Basics","floor":21,"gold_loss":0,"cards_upgraded":["Strike_R","Strike_R","Strike_R","Strike_R","Defend_R","Defend_R","Defend_R","Defend_R"]},{"damage_healed":0,"gold_gain":0,"player_choice":"Traded Relic","damage_taken":0,"relics_obtained":["Nloth\u0027s Gift"],"max_hp_gain":0,"max_hp_loss":0,"event_name":"N\u0027loth","floor":29,"relics_lost":["Whetstone"],"gold_loss":0}],"is_beta":false,"boss_relics":[{"not_picked":["Runic Cube","Runic Dome"],"picked":"Sozu"}],"items_purged_floors":[5],"is_endless":false,"potions_floor_spawned":[1,12,13,14,22,23,25,28],"killed_by":"Collector","ascension_level":11}