{"gold_per_floor":[119,131,145,145,74,105,105,140,167,167,181,191,205,205,205,309,309,321,335,89,106,66,66,76,76,76,95,114,114,126,159,159,159],"floor_reached":33,"playtime":2695,"items_purged":[],"score":281,"play_id":"2f26c9ff-1057-4005-8f30-a1f5e2e0f1b2","local_time":"20190319195245","is_ascension_mode":false,"campfire_choices":[{"floor":10,"key":"REST"},{"floor":15,"key":"REST"},{"floor":23,"key":"REST"},{"floor":25,"key":"REST"},{"floor":29,"key":"REST"},{"floor":32,"key":"REST"}],"neow_cost":"NONE","seed_source_timestamp":351018902677312,"circlet_count":0,"master_deck":["Defend_G+1","Defend_G","Defend_G","Defend_G","Defend_G","Strike_G","Strike_G","Strike_G","Strike_G","Strike_G","Survivor","Neutralize","Glass Knife","Backflip","Bouncing Flask+1","Backstab","Bane","Terror","Flying Knee","Caltrops","Envenom","Catalyst+1","Outmaneuver+1","Backflip"],"relics":["Ring of the Serpent","Ancient Tea Set","Boot","Bag of Preparation","Shuriken","Calipers","Incense Burner"],"potions_floor_usage":[8,16,31,31],"damage_taken":[{"damage":0,"enemies":"Small Slimes","floor":1,"turns":3},{"damage":0,"enemies":"Cultist","floor":2,"turns":3},{"damage":9,"enemies":"2 Louse","floor":3,"turns":2},{"damage":8,"enemies":"Gremlin Nob","floor":6,"turns":4},{"damage":16,"enemies":"3 Sentries","floor":8,"turns":6},{"damage":2,"enemies":"Blue Slaver","floor":11,"turns":3},{"damage":5,"enemies":"Gremlin Gang","floor":12,"turns":3},{"damage":0,"enemies":"2 Fungi Beasts","floor":13,"turns":2},{"damage":39,"enemies":"Hexaghost","floor":16,"turns":6},{"damage":15,"enemies":"3 Byrds","floor":18,"turns":4},{"damage":26,"enemies":"2 Thieves","floor":19,"turns":4},{"damage":23,"enemies":"Centurion and Healer","floor":21,"turns":5},{"damage":11,"enemies":"Cultist and Chosen","floor":24,"turns":5},{"damage":13,"enemies":"3 Cultists","floor":27,"turns":4},{"damage":22,"enemies":"Chosen and Byrds","floor":28,"turns":5},{"damage":5,"enemies":"Snake Plant","floor":30,"turns":3},{"damage":16,"enemies":"Book of Stabbing","floor":31,"turns":5},{"damage":31,"enemies":"Automaton","floor":33,"turns":8}],"seed_played":"4391052405014225607","potions_obtained":[{"floor":1,"key":"SkillPotion"},{"floor":3,"key":"FairyPotion"},{"floor":11,"key":"Regen Potion"},{"floor":13,"key":"Energy Potion"},{"floor":24,"key":"PowerPotion"}],"is_trial":false,"path_per_floor":["M","M","M","?","$","E","$","E","T","R","M","M","M","?","R","B",null,"M","M","$","M","?","R","M","R","T","M","M","R","M","E","R","B"],"character_chosen":"THE_SILENT","items_purchased":["Backstab","Shuriken"],"campfire_rested":6,"item_purchase_floors":[5,20],"current_hp_per_floor":[70,70,61,61,61,53,53,37,37,58,56,51,51,37,58,33,70,55,29,29,6,6,27,16,37,37,24,2,23,18,2,23,0],"gold":159,"neow_bonus":"ONE_RANDOM_RARE_CARD","is_prod":false,"is_daily":false,"chose_seed":false,"campfire_upgraded":0,"win_rate":0,"timestamp":1552985565,"path_taken":["M","M","M","?","$","E","?","E","T","R","M","M","M","?","R","BOSS","M","M","$","M","?","R","M","R","T","?","M","R","M","E","R","BOSS"],"build_version":"2019-01-23","purchased_purges":0,"victory":false,"max_hp_per_floor":[70,70,70,70,70,70,70,70,70,70,70,70,70,70,70,70,70,70,70,70,70,70,70,70,70,70,70,70,70,70,70,70,70],"card_choices":[{"not_picked":["Deadly Poison","Quick Slash"],"picked":"Backflip","floor":1},{"not_picked":["Bane","Outmaneuver"],"picked":"Bouncing Flask","floor":2},{"not_picked":["Distraction","Dagger Spray","Quick Slash"],"picked":"SKIP","floor":3},{"not_picked":["Heel Hook","Dodge and Roll"],"picked":"Bane","floor":6},{"not_picked":["Cloak And Dagger","Outmaneuver"],"picked":"Terror","floor":8},{"not_picked":["PiercingWail","Riddle With Holes","Blur"],"picked":"SKIP","floor":11},{"not_picked":["Sucker Punch","Quick Slash"],"picked":"Flying Knee","floor":12},{"not_picked":["Outmaneuver","Dagger Spray"],"picked":"Caltrops","floor":13},{"not_picked":["Adrenaline","Wraith Form v2"],"picked":"Envenom","floor":16},{"not_picked":["Quick Slash+1","Dash","Sucker Punch"],"picked":"SKIP","floor":18},{"not_picked":["Cloak And Dagger+1","Acrobatics"],"picked":"Catalyst","floor":19},{"not_picked":["Dagger Throw","Heel Hook+1","Die Die Die"],"picked":"SKIP","floor":21},{"not_picked":["Blade Dance+1","PiercingWail","Finisher"],"picked":"SKIP","floor":24},{"not_picked":["Dash","Acrobatics","Deadly Poison"],"picked":"SKIP","floor":27},{"not_picked":["Deflect","Bane"],"picked":"Outmaneuver+1","floor":28},{"not_picked":["Storm of Steel","Skewer","Sucker Punch"],"picked":"SKIP","floor":30},{"not_picked":["Quick Slash","Setup"],"picked":"Backflip","floor":31}],"player_experience":244467,"relics_obtained":[{"floor":6,"key":"Ancient Tea Set"},{"floor":8,"key":"Boot"},{"floor":9,"key":"Bag of Preparation"},{"floor":26,"key":"Calipers"},{"floor":31,"key":"Incense Burner"}],"event_choices":[{"damage_healed":0,"gold_gain":0,"player_choice":"0 cards matched","damage_taken":0,"max_hp_gain":0,"max_hp_loss":0,"event_name":"Match and Keep!","floor":4,"gold_loss":0,"cards_obtained":[]},{"damage_healed":0,"gold_gain":0,"player_choice":"Entered Light","damage_taken":14,"max_hp_gain":0,"max_hp_loss":0,"event_name":"Shining Light","floor":14,"gold_loss":0,"cards_upgraded":["Bouncing Flask","Defend_G"]},{"damage_healed":0,"gold_gain":0,"player_choice":"Upgrade","damage_taken":0,"max_hp_gain":0,"max_hp_loss":0,"event_name":"Designer","floor":22,"gold_loss":40,"cards_upgraded":["Catalyst"]}],"is_beta":false,"boss_relics":[{"not_picked":["Tiny House","Runic Pyramid"],"picked":"Ring of the Serpent"}],"items_purged_floors":[],"is_endless":false,"potions_floor_spawned":[1,3,11,13,24,27,28],"killed_by":"Automaton","ascension_level":0}