{"path_per_floor":["M","M","?","$","T","M","R","E","T","R","M","R","E","M","R","B",null,"M","M","$","M","?","R","E","M","T","M","M","M","M","E","R","B",null,"M","M","M","M","?","M","E","$","T","?","?","$","M","E","R","B"],"character_chosen":"IRONCLAD","items_purchased":["Bandage Up","Second Wind","Bottled Lightning"],"gold_per_floor":[119,135,135,60,142,157,157,185,234,234,251,251,278,289,289,386,386,402,414,181,194,194,194,227,245,245,259,276,293,304,329,329,429,429,441,457,470,482,482,492,521,158,182,182,0,0,15,40,40,40],"floor_reached":51,"campfire_rested":1,"playtime":9785,"current_hp_per_floor":[80,80,80,80,80,80,80,48,48,72,64,64,51,40,40,23,80,76,77,77,80,80,80,80,80,80,80,80,80,80,76,76,62,80,80,80,74,80,80,78,70,70,70,70,70,70,78,66,66,42],"items_purged":["Strike_R","Strike_R","Defend_R"],"gold":40,"play_id":"e63e7861-5b87-4dc3-845b-2554cc48ed35","is_prod":false,"is_daily":false,"campfire_rituals":0,"campfire_upgraded":6,"is_hardmode":false,"path_taken":["M","?","?","$","?","M","R","E","T","R","M","R","E","M","R","BOSS","M","M","$","M","?","R","E","M","T","M","M","M","M","E","R","BOSS","M","M","M","M","?","M","E","$","T","?","?","$","M","E","R","BOSS"],"build_version":"2018-01-18-PROD4","purchased_purges":4,"victory":true,"master_deck":["Defend_R","Defend_R","Defend_R","Bash","Shrug It Off","Thunderclap","Metallicize","Flex","Brutality","Warcry","Uppercut","Reaper","Fire Breathing","Shrug It Off","Bandage Up","Second Wind","True Grit","Bite_R","Bite_R","Bite_R","Bite_R","Battle Trance","Blood for Blood","Double Tap","Armaments","Body Slam","Armaments","Dark Embrace","Disarm","Burning Pact","Anger","Body Slam","Clothesline","Dual Wield","True Grit","Combust","Pommel Strike","Rupture"],"max_hp_per_floor":[80,80,80,80,80,80,80,80,80,80,80,80,80,80,80,80,80,80,80,80,80,80,80,80,80,80,80,80,80,80,80,80,80,80,80,80,80,80,80,80,80,80,80,80,80,80,80,80,80,80],"relics":["Burning Blood","Self Forming Clay","Bottled Flame","Vajra","Sozu","Bag of Marbles","Shuriken","War Paint","Orrery","Lantern","Bottled Lightning","Happy Flower","Red Mask","Calipers"],"campfire_meditates":0,"card_choices":[{"not_picked":["Flex","Pommel Strike"],"picked":"Shrug It Off"},{"not_picked":["Cleave","Warcry"],"picked":"Thunderclap"},{"not_picked":["Hemokinesis","Rampage"],"picked":"Metallicize"},{"not_picked":["Sword Boomerang","Whirlwind"],"picked":"Flex"},{"not_picked":["Rage","Blood for Blood"],"picked":"Brutality"},{"not_picked":["Combust","Cleave"],"picked":"Warcry"},{"not_picked":["Clothesline","Clash"],"picked":"Uppercut"},{"not_picked":["Dark Embrace","Brutality"],"picked":"Reaper"},{"not_picked":["Iron Wave","True Grit"],"picked":"Fire Breathing"},{"not_picked":["Rampage","Body Slam"],"picked":"Shrug It Off"},{"not_picked":["Fire Breathing","Intimidate"],"picked":"True Grit"},{"not_picked":["Warcry","Feel No Pain"],"picked":"Battle Trance"},{"not_picked":["Clash","Bloodletting"],"picked":"Blood for Blood"},{"not_picked":["Shockwave","Flex"],"picked":"Double Tap"},{"not_picked":["Flex","Clothesline"],"picked":"Armaments"},{"not_picked":["Shrug It Off","Armaments"],"picked":"Body Slam"},{"not_picked":["Rage","Twin Strike"],"picked":"Armaments"},{"not_picked":["Berserk","Bludgeon"],"picked":"Dark Embrace"},{"not_picked":["Clothesline","Inflame"],"picked":"Disarm"},{"not_picked":["Perfected Strike","Iron Wave"],"picked":"Burning Pact"},{"not_picked":["Inflame","Pummel"],"picked":"Anger"},{"not_picked":["Twin Strike","Headbutt"],"picked":"Body Slam"},{"not_picked":["Pommel Strike","Clash"],"picked":"Clothesline"},{"not_picked":["Rage","Iron Wave"],"picked":"Dual Wield"},{"not_picked":["Armaments","Fiend Fire"],"picked":"True Grit"},{"not_picked":["Rage","True Grit"],"picked":"Combust"},{"not_picked":["Armaments","Warcry"],"picked":"Pommel Strike"},{"not_picked":["Headbutt","Cleave"],"picked":"Rupture"}],"player_experience":17089,"potions_floor_usage":[8,13],"damage_taken":[{"damage":6,"enemies":"Blue Slaver","floor":1,"turns":10},{"damage":0,"enemies":"Small Slimes","floor":2,"turns":4},{"damage":0,"enemies":"2 Louse","floor":6,"turns":2},{"damage":38,"enemies":"Lagavulin","floor":8,"turns":16},{"damage":14,"enemies":"Exordium Thugs","floor":11,"turns":6},{"damage":19,"enemies":"Gremlin Nob","floor":13,"turns":6},{"damage":19,"enemies":"Exordium Wildlife","floor":14,"turns":5},{"damage":25,"enemies":"Slime Boss","floor":16,"turns":11},{"damage":13,"enemies":"Chosen","floor":18,"turns":7},{"damage":7,"enemies":"Shell Parasite","floor":19,"turns":5},{"damage":8,"enemies":"Centurion and Healer","floor":21,"turns":8},{"damage":34,"enemies":"Slavers","floor":24,"turns":7},{"damage":13,"enemies":"Sentry and Sphere","floor":25,"turns":7},{"damage":17,"enemies":"3 Cultists","floor":27,"turns":6},{"damage":10,"enemies":"Centurion and Healer","floor":28,"turns":5},{"damage":13,"enemies":"Snake Plant","floor":29,"turns":3},{"damage":14,"enemies":"Chosen and Byrds","floor":30,"turns":6},{"damage":17,"enemies":"Book of Stabbing","floor":31,"turns":4},{"damage":42,"enemies":"Automaton","floor":33,"turns":7},{"damage":13,"enemies":"3 Darklings","floor":35,"turns":5},{"damage":7,"enemies":"Orb Walker","floor":36,"turns":3},{"damage":25,"enemies":"Sphere and 2 Shapes","floor":37,"turns":6},{"damage":19,"enemies":"Maw","floor":38,"turns":8},{"damage":29,"enemies":"4 Shapes","floor":40,"turns":4},{"damage":27,"enemies":"2 Orb Walkers","floor":41,"turns":5},{"damage":29,"enemies":"3 Darklings","floor":47,"turns":4},{"damage":29,"enemies":"Nemesis","floor":48,"turns":7},{"damage":59,"enemies":"Donu and Deca","floor":50,"turns":7}],"event_choices":[{"event_name":"Purifier","player_choice":"One Purge","floor":3,"damage_taken":0},{"event_name":"Vampires","player_choice":"Became a vampire (Vial)","floor":22,"damage_taken":0},{"event_name":"The Lab","player_choice":"Got Potions","floor":39,"damage_taken":0},{"event_name":"Purifier","player_choice":"One Purge","floor":44,"damage_taken":0},{"event_name":"Tomb of Lord Red Mask","player_choice":"Paid","floor":45,"damage_taken":0}],"boss_relics":[{"not_picked":["Eternal Feather","Cursed Key"],"picked":"Sozu"},{"not_picked":["White Beast Statue","Tiny House"],"picked":"Orrery"}],"potions_floor_spawned":[2,6,8,19,24,27,28,29,30,33,35,37,40,47,48],"seed_played":"-474354026708932034","is_trial":false}