{"path_per_floor":["M","?","$","M","?","R","M","T","T","M","M","?","$","M","R","B",null,"M","M","$","?","M","R","E","R","T","M","R","?","E","T","R"],"character_chosen":"THE_SILENT","items_purchased":["Bane"],"gold_per_floor":[115,115,40,58,58,58,72,72,72,83,102,102,2,21,21,147,147,171,192,17,17,42,42,75,75,75,99,99,199,243,268,268],"floor_reached":33,"campfire_rested":4,"playtime":2685,"current_hp_per_floor":[69,69,69,69,69,69,69,69,69,70,62,62,62,64,64,41,70,69,64,64,64,47,68,4,25,25,3,24,24,25,25,46],"items_purged":["Defend_G","Defend_G","Strike_G"],"gold":268,"play_id":"6bfb66e2-2944-46ea-8a1e-7b890f447828","is_prod":false,"is_daily":false,"is_ascension_mode":false,"campfire_upgraded":2,"path_taken":["M","?","$","M","?","R","M","?","T","M","M","?","$","M","R","BOSS","M","M","$","?","M","R","E","R","T","M","R","?","E","?","R","BOSS"],"build_version":"2018-02-01-PROD3","purchased_purges":3,"victory":false,"master_deck":["Defend_G","Defend_G","Strike_G","Survivor","Neutralize","Clumsy","Predator+1","Footwork","Outmaneuver","Catalyst","Cloak And Dagger","Riddle With Holes","Outmaneuver","Dagger Throw","Injury","Bouncing Flask+1","Glass Knife","Blade Dance","Deflect+1","Bane","Noxious Fumes","Flying Knee","Quick Slash","Slice+1"],"max_hp_per_floor":[70,70,70,70,70,70,70,70,70,70,70,70,70,70,70,70,70,70,70,70,70,70,70,70,70,70,70,70,70,70,70,70],"relics":["Ring of the Snake","Bird Faced Urn","Gambling Chip","Golden Idol","Sozu","Mummified Hand","Torii","Bag of Preparation","Anchor"],"card_choices":[{"not_picked":["Tactician","Predator"],"picked":"Outmaneuver"},{"not_picked":["Caltrops","Deadly Poison"],"picked":"Cloak And Dagger"},{"not_picked":["Acrobatics","Dodge and Roll"],"picked":"Riddle With Holes"},{"not_picked":["Skewer","Prepared"],"picked":"Outmaneuver"},{"not_picked":["All Out Attack","Bane"],"picked":"Dagger Throw"},{"not_picked":["Heel Hook","Reflex"],"picked":"Bouncing Flask"},{"not_picked":["Night Terror","After Image"],"picked":"Glass Knife"},{"not_picked":["Acrobatics","Reflex"],"picked":"Blade Dance"},{"not_picked":["Caltrops","Sucker Punch"],"picked":"Deflect"},{"not_picked":["Sucker Punch","Well Laid Plans"],"picked":"Noxious Fumes"},{"not_picked":["Outmaneuver","Eviscerate"],"picked":"Flying Knee"},{"not_picked":["Backflip","Flechettes"],"picked":"Quick Slash"},{"not_picked":["Predator","Crippling Poison"],"picked":"Slice"}],"player_experience":68477,"potions_floor_usage":[],"damage_taken":[{"damage":1,"enemies":"Jaw Worm","floor":1,"turns":4},{"damage":0,"enemies":"Blue Slaver","floor":4,"turns":5},{"damage":0,"enemies":"Cultist","floor":7,"turns":3},{"damage":0,"enemies":"Large Slime","floor":10,"turns":5},{"damage":10,"enemies":"Lots of Slimes","floor":11,"turns":5},{"damage":0,"enemies":"Looter","floor":14,"turns":3},{"damage":25,"enemies":"The Guardian","floor":16,"turns":9},{"damage":1,"enemies":"Spheric Guardian","floor":18,"turns":4},{"damage":6,"enemies":"Chosen","floor":19,"turns":4},{"damage":19,"enemies":"Snake Plant","floor":22,"turns":4},{"damage":68,"enemies":"Slavers","floor":24,"turns":7},{"damage":26,"enemies":"Cultist and Chosen","floor":27,"turns":6},{"damage":3,"enemies":"Book of Stabbing","floor":30,"turns":5},{"damage":51,"enemies":"Champ","floor":33,"turns":8}],"event_choices":[{"event_name":"Transmorgrifier","player_choice":"Transform","floor":2,"damage_taken":0},{"event_name":"Purifier","player_choice":"One Purge","floor":5,"damage_taken":0},{"event_name":"Golden Idol","player_choice":"Take Wound","floor":12,"damage_taken":0},{"event_name":"Beggar","player_choice":"Ignored","floor":21,"damage_taken":0},{"event_name":"Golden Shrine","player_choice":"Pray","floor":29,"damage_taken":0}],"boss_relics":[{"not_picked":["Calling Bell","Cursed Key"],"picked":"Sozu"}],"potions_floor_spawned":[1,7,10,14,22,27],"seed_played":"4936226774232549278","killed_by":"Champ","ascension_level":0,"is_trial":false}