{"path_per_floor":["M","?","M","M","M","E","R","?","T","M","R","M","M","M","R","B",null,"M","M","M","M","M","R","?","R","T","?","M","M","?","$","R","B",null,"M","M","?","?","M","R","E","M","T","M","R","M","M","$","R"],"character_chosen":"IRONCLAD","items_purchased":["Cleave","Apotheosis","Flash of Steel","Anger","Mind Blast"],"gold_per_floor":[113,113,130,148,162,189,189,154,180,191,191,205,220,233,233,328,328,338,357,375,394,410,410,325,325,325,325,338,352,352,19,19,121,121,135,155,0,0,20,20,45,65,114,127,127,141,153,36,36],"floor_reached":50,"campfire_rested":7,"playtime":4955,"current_hp_per_floor":[88,93,89,93,93,76,76,93,93,93,93,92,88,73,97,40,97,99,97,66,40,29,62,62,95,95,95,98,67,52,52,88,52,122,112,88,88,88,58,94,79,66,73,49,87,67,72,72,110],"items_purged":[],"gold":36,"play_id":"18b551e5-df64-4f7d-92da-887b805e6c6e","is_prod":false,"is_daily":false,"is_ascension_mode":false,"campfire_upgraded":2,"path_taken":["M","?","M","M","M","E","R","?","T","M","R","M","M","M","R","BOSS","M","?","M","M","M","R","?","R","T","?","M","M","?","$","R","BOSS","M","M","?","?","?","R","E","M","T","M","R","M","M","$","R","BOSS"],"build_version":"2018-02-01-PROD3","purchased_purges":0,"victory":false,"master_deck":["Strike_R","Strike_R","Strike_R","Strike_R","Defend_R","Defend_R","Defend_R","Defend_R","Bash","Anger","Shrug It Off","Inflame","Rage","Whirlwind+1","Feed+1","Perfected Strike","Armaments","Metallicize","Impervious","Uppercut","Clothesline","Whirlwind","Body Slam+1","Spot Weakness+1","Body Slam","Twin Strike","Cleave","Apotheosis","Flash of Steel","Barricade","Anger","Iron Wave","Flex","Searing Blow","Searing Blow","Sword Boomerang+1","Pommel Strike+1","Perfected Strike+1","Anger","Mind Blast"],"max_hp_per_floor":[88,93,93,93,93,93,93,93,93,93,93,97,97,97,97,97,97,101,105,109,113,113,113,113,113,113,113,113,117,122,122,122,122,122,122,122,122,122,122,122,122,122,129,129,129,129,129,129,129],"relics":["Burning Blood","Anchor","Ancient Tea Set","Mark of Pain","Thread and Needle","Peace Pipe","Sozu","Red Mask","Torii","Strawberry"],"card_choices":[{"not_picked":["Pummel","Iron Wave"],"picked":"Anger"},{"not_picked":["Seeing Red","Clothesline"],"picked":"Shrug It Off"},{"not_picked":["Second Wind","Shrug It Off"],"picked":"Inflame"},{"not_picked":["Combust","Corruption"],"picked":"Rage"},{"not_picked":["Anger","Shrug It Off"],"picked":"Whirlwind"},{"not_picked":["Body Slam","Pommel Strike"],"picked":"Feed"},{"not_picked":["Shrug It Off","Intimidate"],"picked":"Perfected Strike"},{"not_picked":["Thunderclap","Shrug It Off"],"picked":"Armaments"},{"not_picked":["Flame Barrier","Blood for Blood"],"picked":"Metallicize"},{"not_picked":["Demon Form","Juggernaut"],"picked":"Impervious"},{"not_picked":["Inflame","Burning Pact"],"picked":"Uppercut"},{"not_picked":["Rupture","Pummel"],"picked":"Clothesline"},{"not_picked":["Perfected Strike","Thunderclap"],"picked":"Whirlwind"},{"not_picked":["Blood for Blood","Metallicize"],"picked":"Body Slam"},{"not_picked":["Perfected Strike","Battle Trance"],"picked":"Spot Weakness"},{"not_picked":["Seeing Red","True Grit"],"picked":"Body Slam"},{"not_picked":["Anger","Uppercut"],"picked":"Twin Strike"},{"not_picked":["Juggernaut","Dark Embrace"],"picked":"Barricade"},{"not_picked":["Body Slam","Bloodletting"],"picked":"Anger"},{"not_picked":["Pummel","Anger"],"picked":"Iron Wave"},{"not_picked":["Sword Boomerang","Warcry"],"picked":"Flex"},{"not_picked":["Flex","Battle Trance"],"picked":"Searing Blow"},{"not_picked":["Anger","Offering"],"picked":"Searing Blow"},{"not_picked":["Perfected Strike","Headbutt"],"picked":"Sword Boomerang"},{"not_picked":["Flex","Disarm"],"picked":"Pommel Strike"},{"not_picked":["Feel No Pain","True Grit"],"picked":"Perfected Strike"}],"player_experience":21475,"potions_floor_usage":[33,33,33],"damage_taken":[{"damage":0,"enemies":"Small Slimes","floor":1,"turns":3},{"damage":10,"enemies":"Jaw Worm","floor":3,"turns":4},{"damage":0,"enemies":"2 Louse","floor":4,"turns":2},{"damage":1,"enemies":"2 Fungi Beasts","floor":5,"turns":4},{"damage":23,"enemies":"Gremlin Nob","floor":6,"turns":5},{"damage":0,"enemies":"Gremlin Gang","floor":10,"turns":1},{"damage":11,"enemies":"3 Louse","floor":12,"turns":4},{"damage":10,"enemies":"Looter","floor":13,"turns":3},{"damage":21,"enemies":"Red Slaver","floor":14,"turns":5},{"damage":63,"enemies":"The Guardian","floor":16,"turns":11},{"damage":8,"enemies":"3 Byrds","floor":18,"turns":4},{"damage":12,"enemies":"2 Thieves","floor":19,"turns":5},{"damage":41,"enemies":"Centurion and Healer","floor":20,"turns":6},{"damage":36,"enemies":"Slaver and Parasite","floor":21,"turns":8},{"damage":17,"enemies":"Snake Plant","floor":22,"turns":6},{"damage":3,"enemies":"3 Cultists","floor":28,"turns":3},{"damage":41,"enemies":"Slaver and Parasite","floor":29,"turns":7},{"damage":54,"enemies":"Collector","floor":33,"turns":8},{"damage":16,"enemies":"3 Darklings","floor":35,"turns":4},{"damage":30,"enemies":"Orb Walker","floor":36,"turns":6},{"damage":36,"enemies":"Sphere and 2 Shapes","floor":39,"turns":7},{"damage":21,"enemies":"2 Orb Walkers","floor":41,"turns":6},{"damage":19,"enemies":"3 Darklings","floor":42,"turns":9},{"damage":30,"enemies":"Maw","floor":44,"turns":8},{"damage":26,"enemies":"4 Shapes","floor":46,"turns":2},{"damage":1,"enemies":"3 Darklings","floor":47,"turns":3},{"damage":125,"enemies":"Awakened One","floor":50,"turns":10}],"event_choices":[{"event_name":"Big Fish","player_choice":"Donut","floor":2,"damage_taken":0},{"event_name":"The Cleric","player_choice":"Healed","floor":8,"damage_taken":0},{"event_name":"Addict","player_choice":"Obtained Relic","floor":24,"damage_taken":0},{"event_name":"Purifier","player_choice":"One Purge","floor":27,"damage_taken":0},{"event_name":"Forgotten Altar","player_choice":"Shed Blood","floor":30,"damage_taken":0},{"event_name":"Tomb of Lord Red Mask","player_choice":"Paid","floor":37,"damage_taken":0},{"event_name":"Mysterious Sphere","player_choice":"Ignore","floor":38,"damage_taken":0}],"boss_relics":[{"not_picked":["Astrolabe","Runic Cube"],"picked":"Mark of Pain"},{"not_picked":["Runic Dome","Runic Pyramid"],"picked":"Sozu"}],"potions_floor_spawned":[1,6,12,13,21,22,29,33,35,36,41,44],"seed_played":"-727211699139149583","killed_by":"Awakened One","ascension_level":0,"is_trial":false}