{"gold_per_floor":[112,129,143,143,161,161,193,193,193,193,205,225,237,33,33,107,107,123,123,141,141,141,167,167,193,216,228,143,175,187,111,111,187,187,202,221,240,10,20,20,53,53,76,76,128,128,38,53,53,53,53],"floor_reached":52,"playtime":2824,"items_purged":[],"score":2030,"play_id":"89eb03f0-648f-4074-aecb-b40dd826d065","local_time":"20190624133713","is_ascension_mode":true,"campfire_choices":[{"data":"Neutralize","floor":6.0,"key":"SMITH"},{"floor":8.0,"key":"REST"},{"floor":10.0,"key":"DIG"},{"data":"Catalyst","floor":15.0,"key":"SMITH"},{"floor":24.0,"key":"REST"},{"floor":30.0,"key":"REST"},{"data":"Wraith Form v2","floor":32.0,"key":"SMITH"},{"data":"Night Terror","floor":40.0,"key":"SMITH"},{"floor":46.0,"key":"DIG"},{"floor":49.0,"key":"REST"}],"neow_cost":"NONE","seed_source_timestamp":1069107397444760,"circlet_count":0,"master_deck":["AscendersBane","Defend_G+1","Defend_G+1","Defend_G+1","Defend_G+1","Defend_G+1","Strike_G+1","Strike_G+1","Strike_G+1","Survivor","Neutralize+1","PiercingWail","Poisoned Stab+1","Dagger Spray","Quick Slash","Dagger Throw","Catalyst+1","Burst","Deadly Poison","Wraith Form v2+1","Deadly Poison","Footwork","Calculated Gamble","Escape Plan","Escape Plan","Backflip","Leg Sweep","Night Terror+1","Blur","Prepared","Parasite","Crippling Poison+1","Deadly Poison+1","Backflip+1","Catalyst","PiercingWail+1"],"special_seed":0,"relics":["Ring of the Snake","Happy Flower","Pocketwatch","Shovel","Thread and Needle","Runic Pyramid","Ornamental Fan","Oddly Smooth Stone","Bronze Scales","MawBank","Medical Kit","Dream Catcher","Snake Skull","Incense Burner","PreservedInsect"],"potions_floor_usage":[],"damage_taken":[{"damage":1.0,"enemies":"2 Louse","floor":1.0,"turns":4.0},{"damage":5.0,"enemies":"Cultist","floor":2.0,"turns":4.0},{"damage":2.0,"enemies":"Small Slimes","floor":3.0,"turns":5.0},{"damage":0.0,"enemies":"Blue Slaver","floor":5.0,"turns":4.0},{"damage":33.0,"enemies":"Gremlin Nob","floor":7.0,"turns":5.0},{"damage":5.0,"enemies":"Exordium Wildlife","floor":11.0,"turns":4.0},{"damage":0.0,"enemies":"3 Louse","floor":12.0,"turns":4.0},{"damage":0.0,"enemies":"2 Fungi Beasts","floor":13.0,"turns":2.0},{"damage":13.0,"enemies":"Hexaghost","floor":16.0,"turns":8.0},{"damage":0.0,"enemies":"Shell Parasite","floor":18.0,"turns":6.0},{"damage":23.0,"enemies":"3 Byrds","floor":20.0,"turns":7.0},{"damage":15.0,"enemies":"Slavers","floor":23.0,"turns":7.0},{"damage":5.0,"enemies":"Gremlin Leader","floor":25.0,"turns":5.0},{"damage":0.0,"enemies":"Shelled Parasite and Fungi","floor":27.0,"turns":4.0},{"damage":1.0,"enemies":"Book of Stabbing","floor":29.0,"turns":5.0},{"damage":4.0,"enemies":"Automaton","floor":33.0,"turns":11.0},{"damage":1.0,"enemies":"3 Shapes","floor":35.0,"turns":5.0},{"damage":0.0,"enemies":"Orb Walker","floor":36.0,"turns":5.0},{"damage":0.0,"enemies":"Maw","floor":37.0,"turns":8.0},{"damage":0.0,"enemies":"Writhing Mass","floor":39.0,"turns":6.0},{"damage":0.0,"enemies":"Giant Head","floor":41.0,"turns":13.0},{"damage":19.0,"enemies":"2 Orb Walkers","floor":45.0,"turns":9.0},{"damage":20.0,"enemies":"Jaw Worm Horde","floor":48.0,"turns":4.0},{"damage":0.0,"enemies":"Time Eater","floor":50.0,"turns":11.0},{"damage":38,"enemies":"Awakened One","floor":51,"turns":17}],"seed_played":"-899331570086452432","potions_obtained":[{"floor":3.0,"key":"Block Potion"},{"floor":11.0,"key":"SkillPotion"},{"floor":12.0,"key":"Fire Potion"},{"floor":16.0,"key":"GhostInAJar"},{"floor":18.0,"key":"SkillPotion"},{"floor":27.0,"key":"GamblersBrew"}],"is_trial":false,"path_per_floor":["M","M","M","?","M","R","E","R","T","R","M","M","M","$","R","B",null,"M","?","M","?","?","E","R","E","T","M","$","E","R","$","R","B",null,"M","M","M","$","M","R","E","?","T","?","?","R","$","M","R","B","B",null],"character_chosen":"THE_SILENT","items_purchased":["Burst","Deadly Poison","GhostInAJar","Leg Sweep","Medical Kit","Catalyst"],"campfire_rested":4,"item_purchase_floors":[14,14,28,31,38,47],"current_hp_per_floor":[58,53,51,51,51,51,18,37,37,37,32,32,32,32,32,19,54,54,54,31,31,31,16,35,30,30,30,30,29,48,48,48,44,61,60,60,60,60,60,60,60,60,60,60,41,41,41,21,39,39,1],"gold":53,"neow_bonus":"RANDOM_COMMON_RELIC","is_prod":false,"is_daily":false,"chose_seed":false,"campfire_upgraded":4,"win_rate":0,"timestamp":1561397833,"path_taken":["M","M","M","?","M","R","E","R","T","R","?","M","M","$","R","BOSS","M","?","M","?","?","E","R","E","T","M","$","E","R","$","R","BOSS","M","M","M","$","M","R","E","?","T","?","?","R","$","M","R","BOSS","BOSS"],"build_version":"2019-01-23","purchased_purges":0,"victory":true,"max_hp_per_floor":[66,66,66,66,66,66,66,66,66,66,66,66,66,66,66,66,66,66,66,66,66,66,66,66,66,66,66,66,66,66,66,66,66,66,66,66,66,66,66,66,66,63,63,63,63,63,63,63,63,63,63],"card_choices":[{"not_picked":["Outmaneuver","Setup","Heel Hook"],"picked":"SKIP","floor":1.0},{"not_picked":["Accuracy","Underhanded Strike"],"picked":"PiercingWail","floor":2.0},{"not_picked":["Outmaneuver","Dagger Spray"],"picked":"Poisoned Stab","floor":3.0},{"not_picked":["Blade Dance","Tactician","Sucker Punch"],"picked":"SKIP","floor":5.0},{"not_picked":["Escape Plan","Sucker Punch"],"picked":"Dagger Spray","floor":7.0},{"not_picked":["Sucker Punch","Prepared"],"picked":"Quick Slash","floor":11.0},{"not_picked":["Prepared","Skewer"],"picked":"Dagger Throw","floor":12.0},{"not_picked":["Backflip","Deadly Poison"],"picked":"Catalyst","floor":13.0},{"not_picked":["Die Die Die","Tools of the Trade"],"picked":"Wraith Form v2","floor":16.0},{"not_picked":["Dagger Spray","Backflip"],"picked":"Deadly Poison","floor":18.0},{"not_picked":["Cloak And Dagger","Sucker Punch"],"picked":"Escape Plan","floor":20.0},{"not_picked":["Setup","Quick Slash","Deflect"],"picked":"SKIP","floor":23.0},{"not_picked":["Predator","Accuracy"],"picked":"Escape Plan","floor":25.0},{"not_picked":["Acrobatics","Phantasmal Killer"],"picked":"Backflip","floor":27.0},{"not_picked":["Heel Hook","Caltrops","Backstab"],"picked":"SKIP","floor":29.0},{"not_picked":["Glass Knife","Bullet Time"],"picked":"Night Terror","floor":33.0},{"not_picked":["Dodge and Roll","Terror+1"],"picked":"Blur","floor":35.0},{"not_picked":["Deflect","Cloak And Dagger+1","Caltrops+1"],"picked":"SKIP","floor":36.0},{"not_picked":["Tactician","Underhanded Strike"],"picked":"Prepared","floor":37.0},{"not_picked":["Distraction","Escape Plan+1"],"picked":"Crippling Poison+1","floor":39.0},{"not_picked":["All Out Attack","Dagger Throw"],"picked":"Deadly Poison+1","floor":41.0},{"not_picked":["Deflect+1","Quick Slash"],"picked":"Backflip+1","floor":45.0},{"not_picked":["Backstab+1","Masterful Stab","Quick Slash+1"],"picked":"SKIP","floor":48.0},{"not_picked":["Poisoned Stab","Crippling Poison"],"picked":"PiercingWail+1","floor":49.0}],"player_experience":891994,"relics_obtained":[{"floor":7.0,"key":"Pocketwatch"},{"floor":9.0,"key":"Shovel"},{"floor":10.0,"key":"Thread and Needle"},{"floor":23.0,"key":"Ornamental Fan"},{"floor":25.0,"key":"Oddly Smooth Stone"},{"floor":26.0,"key":"Bronze Scales"},{"floor":29.0,"key":"MawBank"},{"floor":41.0,"key":"Dream Catcher"},{"floor":43.0,"key":"Snake Skull"},{"floor":45.0,"key":"Incense Burner"},{"floor":46.0,"key":"PreservedInsect"}],"event_choices":[{"damage_healed":0.0,"max_hp_gain":0.0,"max_hp_loss":0.0,"gold_gain":0.0,"event_name":"Upgrade Shrine","player_choice":"Upgraded","floor":4.0,"gold_loss":0.0,"damage_taken":0.0,"cards_upgraded":["Poisoned Stab"]},{"damage_healed":0.0,"max_hp_gain":0.0,"max_hp_loss":0.0,"gold_gain":0.0,"cards_transformed":["Strike_G","Strike_G"],"event_name":"Drug Dealer","player_choice":"Became Test Subject","floor":19.0,"gold_loss":0.0,"damage_taken":0.0,"cards_obtained":["Footwork","Calculated Gamble"]},{"damage_healed":0.0,"max_hp_gain":0.0,"max_hp_loss":0.0,"gold_gain":0.0,"event_name":"Vampires","player_choice":"Ignored","floor":21.0,"gold_loss":0.0,"damage_taken":0.0},{"damage_healed":0.0,"max_hp_gain":0.0,"max_hp_loss":0.0,"gold_gain":0.0,"event_name":"Back to Basics","player_choice":"Simplicity","floor":22.0,"gold_loss":0.0,"damage_taken":0.0,"cards_upgraded":["Defend_G","Defend_G","Defend_G","Defend_G","Defend_G","Strike_G","Strike_G","Strike_G"]},{"damage_healed":0.0,"max_hp_gain":0.0,"max_hp_loss":3.0,"gold_gain":0.0,"event_name":"Winding Halls","player_choice":"Max HP","floor":42.0,"gold_loss":0.0,"damage_taken":0.0},{"damage_healed":0.0,"max_hp_gain":0.0,"max_hp_loss":0.0,"gold_gain":0.0,"event_name":"SensoryStone","player_choice":"Memory 1","floor":44.0,"gold_loss":0.0,"damage_taken":0.0},{"damage_healed":0.0,"max_hp_gain":0.0,"max_hp_loss":0.0,"gold_gain":0.0,"event_name":"Mysterious Sphere","player_choice":"Fight","floor":45.0,"gold_loss":0.0,"damage_taken":0.0}],"is_beta":false,"boss_relics":[{"not_picked":["Ectoplasm","Astrolabe"],"picked":"Runic Pyramid"},{"not_picked":["Runic Dome","Velvet Choker","WristBlade"]}],"items_purged_floors":[],"is_endless":false,"potions_floor_spawned":[3,11,12,13,16,18,27,36,37,48],"ascension_level":20}