{"gold_per_floor":[115,134,144,154,164,195,195,195,219,219,235,262,273,303,303,403,403,419,83,83,83,101,132,132,164,164,177,212,227,239,209,209,307,357,373,259,259,272,17,47,47,74,74,100,200,212,212,223,223,223],"floor_reached":51,"playtime":4509,"items_purged":["Strike_G","Strike_G"],"score":830,"play_id":"53d750e5-021d-4485-b9e1-aeb058c01edf","local_time":"20190531012053","is_ascension_mode":true,"campfire_choices":[{"floor":8,"key":"REST"},{"data":"Dagger Spray","floor":10,"key":"SMITH"},{"floor":15,"key":"REST"},{"floor":24,"key":"DIG"},{"floor":32,"key":"REST"},{"floor":41,"key":"REST"},{"floor":47,"key":"REST"},{"floor":49,"key":"DIG"}],"neow_cost":"NONE","seed_source_timestamp":10154687995672,"circlet_count":0,"master_deck":["Defend_G","Defend_G","Defend_G","Defend_G","Survivor","Neutralize","Endless Agony+1","PiercingWail","Dagger Spray+1","Dash","Bouncing Flask","Glass Knife+1","Deadly Poison","Dodge and Roll","Well Laid Plans","Blur","PiercingWail+1","Expertise","Flying Knee+1","Iron Wave","Leg Sweep","Footwork","Terror","Endless Agony+1","Footwork","Calculated Gamble+1","Dodge and Roll","A Thousand Cuts","Backflip","Caltrops","Noxious Fumes+1","Die Die Die","Crippling Poison+1","Adrenaline","Acrobatics+1","Blade Dance+1","Blur+1"],"relics":["Empty Cage","Anchor","Lantern","Pen Nib","Dream Catcher","Philosopher\u0027s Stone","Oddly Smooth Stone","Potion Belt","Shovel","Orichalcum","Regal Pillow","Kunai","Gremlin Horn","Tiny House","Ancient Tea Set","Whetstone","Centennial Puzzle","Mercury Hourglass","Happy Flower","Calipers","Bottled Lightning"],"potions_floor_usage":[6,16,27,27,28,33,33,42,44,50],"damage_taken":[{"damage":3,"enemies":"Small Slimes","floor":1,"turns":5},{"damage":1,"enemies":"Cultist","floor":2,"turns":5},{"damage":4,"enemies":"Jaw Worm","floor":3,"turns":6},{"damage":10,"enemies":"Looter","floor":4,"turns":4},{"damage":2,"enemies":"Gremlin Gang","floor":5,"turns":4},{"damage":24,"enemies":"3 Sentries","floor":6,"turns":8},{"damage":0,"enemies":"3 Louse","floor":11,"turns":1},{"damage":17,"enemies":"Lagavulin","floor":12,"turns":5},{"damage":0,"enemies":"Exordium Thugs","floor":13,"turns":3},{"damage":8,"enemies":"3 Sentries","floor":14,"turns":5},{"damage":20,"enemies":"Slime Boss","floor":16,"turns":7},{"damage":6,"enemies":"2 Thieves","floor":18,"turns":4},{"damage":9,"enemies":"Spheric Guardian","floor":22,"turns":4},{"damage":10,"enemies":"Slavers","floor":23,"turns":6},{"damage":9,"enemies":"Book of Stabbing","floor":25,"turns":6},{"damage":0,"enemies":"Cultist and Chosen","floor":27,"turns":4},{"damage":3,"enemies":"Slavers","floor":28,"turns":5},{"damage":2,"enemies":"Chosen and Byrds","floor":29,"turns":5},{"damage":8,"enemies":"Snake Plant","floor":30,"turns":2},{"damage":14,"enemies":"Automaton","floor":33,"turns":12},{"damage":13,"enemies":"3 Darklings","floor":35,"turns":5},{"damage":3,"enemies":"3 Shapes","floor":38,"turns":2},{"damage":41,"enemies":"Giant Head","floor":40,"turns":11},{"damage":6,"enemies":"Nemesis","floor":42,"turns":7},{"damage":11,"enemies":"Reptomancer","floor":44,"turns":7},{"damage":0,"enemies":"Mind Bloom Boss Battle","floor":45,"turns":6},{"damage":7,"enemies":"Transient","floor":46,"turns":5},{"damage":0,"enemies":"3 Darklings","floor":48,"turns":4},{"damage":29,"enemies":"Awakened One","floor":50,"turns":14}],"seed_played":"1502530329065427353","potions_obtained":[{"floor":1,"key":"Explosive Potion"},{"floor":4,"key":"PowerPotion"},{"floor":6,"key":"AttackPotion"},{"floor":13,"key":"Fire Potion"},{"floor":22,"key":"SkillPotion"},{"floor":25,"key":"Fire Potion"},{"floor":28,"key":"Swift Potion"},{"floor":30,"key":"FearPotion"},{"floor":31,"key":"GamblersBrew"},{"floor":31,"key":"Poison Potion"},{"floor":33,"key":"SteroidPotion"},{"floor":34,"key":"SmokeBomb"},{"floor":44,"key":"SpeedPotion"},{"floor":48,"key":"Swift Potion"}],"is_trial":false,"path_per_floor":["M","M","M","M","M","E","?","R","T","R","M","E","M","E","R","B",null,"M","$","?","?","M","E","R","E","T","M","E","M","M","?","R","B",null,"M","$","?","M","$","E","R","E","T","E","?","M","R","M","R","B",null],"character_chosen":"THE_SILENT","items_purchased":["Oddly Smooth Stone","Expertise","Potion Belt","Caltrops","Ancient Tea Set"],"campfire_rested":5,"item_purchase_floors":[19,19,19,36,39],"current_hp_per_floor":[67,66,62,52,50,26,26,47,47,47,47,30,30,22,43,23,70,64,64,64,64,55,45,45,36,36,36,33,31,23,23,59,45,75,62,62,62,59,59,18,55,49,49,38,38,31,68,68,68,39],"gold":223,"neow_bonus":"BOSS_RELIC","is_prod":false,"is_daily":false,"chose_seed":false,"campfire_upgraded":1,"win_rate":0,"timestamp":1559280053,"path_taken":["M","M","M","M","M","E","?","R","T","R","M","E","?","E","R","BOSS","M","$","?","?","M","E","R","E","T","M","E","M","?","?","R","BOSS","M","$","?","M","$","E","R","E","T","E","?","M","R","?","R","BOSS"],"build_version":"2019-01-23","purchased_purges":2,"victory":true,"max_hp_per_floor":[70,70,70,70,70,70,70,70,70,70,70,70,70,70,70,70,70,70,70,70,70,70,70,70,70,70,70,70,70,70,70,70,70,75,75,75,75,75,75,75,75,75,75,75,75,75,75,75,75,75],"card_choices":[{"not_picked":["Prepared","Acrobatics"],"picked":"Endless Agony","floor":1},{"not_picked":["Catalyst","Deflect"],"picked":"PiercingWail","floor":2},{"not_picked":["Dodge and Roll","Unload"],"picked":"Dagger Spray","floor":3},{"not_picked":["Sucker Punch","Prepared"],"picked":"Dash","floor":4},{"not_picked":["PiercingWail","Crippling Poison"],"picked":"Bouncing Flask","floor":5},{"not_picked":["Cloak And Dagger","Underhanded Strike"],"picked":"Glass Knife","floor":6},{"not_picked":["Underhanded Strike","Endless Agony"],"picked":"Deadly Poison","floor":11},{"not_picked":["Sucker Punch","Acrobatics"],"picked":"Dodge and Roll","floor":12},{"not_picked":["Dash","Slice","All Out Attack"],"picked":"SKIP","floor":13},{"not_picked":["Dash","Unload"],"picked":"Well Laid Plans","floor":14},{"not_picked":["Poisoned Stab","Eviscerate"],"picked":"Blur","floor":15},{"not_picked":["Phantasmal Killer","Envenom"],"picked":"Die Die Die","floor":16},{"not_picked":["Crippling Poison","Acrobatics+1"],"picked":"PiercingWail+1","floor":18},{"not_picked":["Underhanded Strike","Concentrate"],"picked":"Leg Sweep","floor":22},{"not_picked":["Escape Plan+1","PiercingWail"],"picked":"Footwork","floor":23},{"not_picked":["Cloak And Dagger","Reflex"],"picked":"Terror","floor":25},{"not_picked":["Dagger Throw+1","Prepared"],"picked":"Endless Agony+1","floor":27},{"not_picked":["Concentrate","Finisher"],"picked":"Footwork","floor":28},{"not_picked":["Finisher+1","Reflex+1","Underhanded Strike+1"],"picked":"SKIP","floor":29},{"not_picked":["Predator","Well Laid Plans"],"picked":"Calculated Gamble","floor":30},{"not_picked":["Prepared","Wraith Form v2"],"picked":"Dodge and Roll","floor":32},{"not_picked":["Wraith Form v2","Envenom"],"picked":"A Thousand Cuts","floor":33},{"not_picked":["Deadly Poison","Cloak And Dagger"],"picked":"Backflip","floor":34},{"not_picked":["Deadly Poison","Sucker Punch","Outmaneuver+1"],"picked":"SKIP","floor":35},{"not_picked":["Dodge and Roll+1","Skewer+1"],"picked":"Noxious Fumes+1","floor":38},{"not_picked":["Dagger Throw+1","Accuracy"],"picked":"Die Die Die","floor":40},{"not_picked":["Backstab","Flying Knee"],"picked":"Crippling Poison+1","floor":42},{"not_picked":["Bouncing Flask","Dagger Throw"],"picked":"Adrenaline","floor":44},{"not_picked":["Choke","Underhanded Strike+1"],"picked":"Acrobatics+1","floor":45},{"not_picked":["All Out Attack+1","Concentrate"],"picked":"Blade Dance+1","floor":46},{"not_picked":["Poisoned Stab","Dagger Spray+1"],"picked":"Blur+1","floor":48}],"player_experience":276522,"relics_obtained":[{"floor":6,"key":"Anchor"},{"floor":9,"key":"Lantern"},{"floor":12,"key":"Pen Nib"},{"floor":14,"key":"Dream Catcher"},{"floor":23,"key":"Shovel"},{"floor":24,"key":"Orichalcum"},{"floor":25,"key":"Regal Pillow"},{"floor":26,"key":"Kunai"},{"floor":28,"key":"Gremlin Horn"},{"floor":40,"key":"Whetstone"},{"floor":42,"key":"Centennial Puzzle"},{"floor":43,"key":"Mercury Hourglass"},{"floor":44,"key":"Happy Flower"},{"floor":45,"key":"Calipers"},{"floor":49,"key":"Bottled Lightning"}],"event_choices":[{"damage_healed":0,"gold_gain":0,"player_choice":"Upgraded","damage_taken":0,"max_hp_gain":0,"max_hp_loss":0,"event_name":"Upgrade Shrine","floor":7,"gold_loss":0,"cards_upgraded":["Glass Knife"]},{"damage_healed":0,"gold_gain":0,"cards_transformed":["Defend_G","Strike_G"],"player_choice":"Became Test Subject","damage_taken":0,"max_hp_gain":0,"max_hp_loss":0,"event_name":"Drug Dealer","floor":20,"gold_loss":0,"cards_obtained":["Flying Knee","Well Laid Plans"]},{"cards_removed":["Well Laid Plans"],"damage_healed":0,"gold_gain":0,"player_choice":"Took Card","damage_taken":0,"max_hp_gain":0,"max_hp_loss":0,"event_name":"NoteForYourself","floor":21,"gold_loss":0,"cards_obtained":["Iron Wave"]},{"damage_healed":0,"gold_gain":0,"player_choice":"Bought 2 Potions","damage_taken":0,"max_hp_gain":0,"max_hp_loss":0,"event_name":"The Woman in Blue","floor":31,"gold_loss":0},{"cards_removed":["Die Die Die"],"damage_healed":0,"gold_gain":0,"player_choice":"Removed Attack","damage_taken":0,"max_hp_gain":0,"max_hp_loss":0,"event_name":"Falling","floor":37,"gold_loss":0},{"damage_healed":0,"gold_gain":0,"player_choice":"Fight","damage_taken":0,"max_hp_gain":0,"max_hp_loss":0,"event_name":"MindBloom","floor":45,"gold_loss":0}],"is_beta":false,"boss_relics":[{"not_picked":["Black Star","HoveringKite"],"picked":"Philosopher\u0027s Stone"},{"not_picked":["Pandora\u0027s Box","WristBlade"],"picked":"Tiny House"}],"items_purged_floors":[36,39],"is_endless":false,"potions_floor_spawned":[1,4,6,13,22,25,28,30,33,38,44,48],"ascension_level":1}