{"gold_per_floor":[113,113,129,15,30,65,65,85,85,85],"floor_reached":10,"playtime":467,"items_purged":["Regret"],"score":68,"play_id":"8d49ac71-74f2-4a11-83fa-47cc23930872","local_time":"20190322172307","is_ascension_mode":false,"campfire_choices":[],"neow_cost":"NONE","seed_source_timestamp":0,"circlet_count":0,"master_deck":["Defend_G","Defend_G","Defend_G","Defend_G","Defend_G","Strike_G","Strike_G","Strike_G","Strike_G","Strike_G","Survivor","Neutralize","Dagger Spray","Terror","Infinite Blades","Backflip+1","Backflip"],"special_seed":0,"relics":["Runic Pyramid","Sundial","Bird Faced Urn","Thread and Needle"],"potions_floor_usage":[],"damage_taken":[{"damage":0,"enemies":"2 Louse","floor":1,"turns":3},{"damage":2,"enemies":"Small Slimes","floor":3,"turns":3},{"damage":6,"enemies":"Jaw Worm","floor":5,"turns":3},{"damage":21,"enemies":"Lagavulin","floor":6,"turns":6},{"damage":20,"enemies":"3 Louse","floor":8,"turns":4},{"damage":2,"enemies":"Gremlin Gang","floor":10,"turns":3}],"seed_played":"-3940060918783900594","potions_obtained":[{"floor":3,"key":"LiquidBronze"},{"floor":8,"key":"Energy Potion"}],"is_trial":false,"path_per_floor":["M","?","M","$","M","E","?","M","T","M"],"character_chosen":"THE_SILENT","items_purchased":["Infinite Blades"],"campfire_rested":0,"item_purchase_floors":[4],"current_hp_per_floor":[70,70,68,68,62,41,41,23,23,23],"gold":85,"neow_bonus":"BOSS_RELIC","is_prod":false,"is_daily":false,"chose_seed":false,"campfire_upgraded":0,"win_rate":0,"timestamp":1553235787,"path_taken":["M","?","M","$","M","E","?","?","T","M"],"build_version":"2019-01-23","purchased_purges":1,"victory":false,"max_hp_per_floor":[70,70,70,70,70,70,70,70,70,70],"card_choices":[{"not_picked":["Underhanded Strike","Acrobatics"],"picked":"Dagger Spray","floor":1},{"not_picked":["Finisher","Underhanded Strike"],"picked":"Terror","floor":3},{"not_picked":["Riddle With Holes","Eviscerate"],"picked":"Backflip","floor":5},{"not_picked":["Dagger Throw","PiercingWail","Acrobatics"],"picked":"SKIP","floor":6},{"not_picked":["Backstab","Tactician"],"picked":"Backflip","floor":8}],"player_experience":260195,"relics_obtained":[{"floor":6,"key":"Bird Faced Urn"},{"floor":9,"key":"Thread and Needle"}],"event_choices":[{"damage_healed":0,"gold_gain":0,"player_choice":"Box","damage_taken":0,"relics_obtained":["Sundial"],"max_hp_gain":0,"max_hp_loss":0,"event_name":"Big Fish","floor":2,"gold_loss":0,"cards_obtained":["Regret"]},{"damage_healed":0,"gold_gain":0,"player_choice":"Grow","damage_taken":0,"max_hp_gain":0,"max_hp_loss":0,"event_name":"Living Wall","floor":7,"gold_loss":0,"cards_upgraded":["Backflip"]}],"is_beta":false,"boss_relics":[],"items_purged_floors":[4],"is_endless":false,"potions_floor_spawned":[3,8],"killed_by":"Gremlin Gang","ascension_level":0}