{"gold_per_floor":[109,120,120,134,151,151,185,150,150,164,164,164,194,205,205,276,276,296,296],"floor_reached":19,"playtime":914,"items_purged":[],"score":349,"play_id":"01fac823-6a84-4f13-a165-4bf9afb70f25","local_time":"20190621150406","is_ascension_mode":true,"campfire_choices":[{"data":"Predator","floor":6.0,"key":"SMITH"},{"floor":11.0,"key":"REST"},{"floor":15.0,"key":"REST"}],"neow_cost":"NONE","seed_source_timestamp":0,"circlet_count":0,"master_deck":["AscendersBane","Defend_G","Defend_G","Defend_G","Defend_G","Defend_G","Strike_G","Strike_G","Strike_G","Strike_G","Survivor","Neutralize","Footwork","Crippling Poison","Predator+1","Dagger Throw","Masterful Stab","Well Laid Plans","Infinite Blades","Cloak And Dagger","Storm of Steel","PiercingWail"],"special_seed":0,"relics":["Ring of the Serpent","Potion Belt","Dodecahedron","Matryoshka"],"potions_floor_usage":[18,19],"damage_taken":[{"damage":0.0,"enemies":"Cultist","floor":1.0,"turns":5.0},{"damage":13.0,"enemies":"Jaw Worm","floor":2.0,"turns":5.0},{"damage":0.0,"enemies":"Small Slimes","floor":4.0,"turns":4.0},{"damage":5.0,"enemies":"Exordium Wildlife","floor":5.0,"turns":5.0},{"damage":23.0,"enemies":"Lagavulin","floor":7.0,"turns":9.0},{"damage":10.0,"enemies":"Gremlin Gang","floor":10.0,"turns":5.0},{"damage":24.0,"enemies":"Gremlin Nob","floor":13.0,"turns":4.0},{"damage":0.0,"enemies":"2 Fungi Beasts","floor":14.0,"turns":3.0},{"damage":10.0,"enemies":"The Guardian","floor":16.0,"turns":14.0},{"damage":32,"enemies":"Chosen","floor":18,"turns":5},{"damage":24,"enemies":"Spheric Guardian","floor":19,"turns":5}],"seed_played":"9130956751647619133","potions_obtained":[{"floor":2.0,"key":"Swift Potion"},{"floor":3.0,"key":"Explosive Potion"},{"floor":7.0,"key":"SkillPotion"},{"floor":10.0,"key":"Weak Potion"},{"floor":14.0,"key":"Strength Potion"},{"floor":16.0,"key":"Explosive Potion"},{"floor":18,"key":"Dexterity Potion"}],"is_trial":false,"path_per_floor":["M","M","?","M","M","R","E","?","T","M","R","?","E","M","R","B",null,"M","M"],"character_chosen":"THE_SILENT","items_purchased":[],"campfire_rested":2,"item_purchase_floors":[],"current_hp_per_floor":[59,46,46,46,41,41,18,34,34,24,43,34,10,10,29,19,54,22,0],"gold":296,"neow_bonus":"TRANSFORM_CARD","is_prod":false,"is_daily":false,"chose_seed":false,"campfire_upgraded":1,"win_rate":0,"timestamp":1561143846,"path_taken":["M","M","?","?","?","R","E","?","T","M","R","?","E","?","R","BOSS","M","?"],"build_version":"2019-01-23","purchased_purges":0,"victory":false,"max_hp_per_floor":[66,66,66,66,66,66,66,66,66,66,66,66,66,66,66,66,66,66,66],"card_choices":[{"not_picked":["Outmaneuver","Prepared","Terror"],"picked":"SKIP","floor":1.0},{"not_picked":["Blade Dance","Setup"],"picked":"Crippling Poison","floor":2.0},{"not_picked":["Bouncing Flask","Cloak And Dagger"],"picked":"Predator","floor":4.0},{"not_picked":["Cloak And Dagger","Backflip"],"picked":"Dagger Throw","floor":5.0},{"not_picked":["Quick Slash","Terror"],"picked":"Masterful Stab","floor":7.0},{"not_picked":["Cloak And Dagger","Doppelganger"],"picked":"Well Laid Plans","floor":10.0},{"not_picked":["Dagger Throw","Underhanded Strike"],"picked":"Infinite Blades","floor":13.0},{"not_picked":["Prepared","Reflex"],"picked":"Cloak And Dagger","floor":14.0},{"not_picked":["Unload","Tools of the Trade"],"picked":"Storm of Steel","floor":16.0},{"not_picked":["Deadly Poison","Tactician"],"picked":"PiercingWail","floor":18}],"player_experience":850194,"relics_obtained":[{"floor":7.0,"key":"Potion Belt"},{"floor":9.0,"key":"Dodecahedron"},{"floor":13.0,"key":"Matryoshka"}],"event_choices":[{"damage_healed":0.0,"max_hp_gain":0.0,"max_hp_loss":0.0,"gold_gain":0.0,"event_name":"Lab","player_choice":"Got Potions","floor":3.0,"gold_loss":0.0,"damage_taken":0.0},{"damage_healed":16.0,"max_hp_gain":0.0,"max_hp_loss":0.0,"gold_gain":0.0,"event_name":"The Cleric","player_choice":"Healed","floor":8.0,"gold_loss":35.0,"damage_taken":0.0},{"damage_healed":0.0,"max_hp_gain":0.0,"max_hp_loss":0.0,"gold_gain":0.0,"event_name":"Wheel of Change","player_choice":"Damaged","floor":12.0,"gold_loss":0.0,"damage_taken":9.0}],"is_beta":false,"boss_relics":[{"not_picked":["Empty Cage","HoveringKite"],"picked":"Ring of the Serpent"}],"items_purged_floors":[],"is_endless":false,"potions_floor_spawned":[2,7,10,14,16,18],"killed_by":"Spheric Guardian","ascension_level":19}