{"gold_per_floor":[114,89,89,109,109,144,144,157,157,185,185,202,202,217,217,292,292,309,35,51,51],"floor_reached":21,"playtime":575,"items_purged":[],"score":428,"play_id":"44888c77-4acb-4a13-a82c-9616e5d64dfe","local_time":"20190621224042","is_ascension_mode":true,"campfire_choices":[{"floor":11.0,"key":"REST"},{"floor":13.0,"key":"REST"},{"floor":15.0,"key":"DIG"}],"neow_cost":"NONE","seed_source_timestamp":30440541609300,"circlet_count":0,"master_deck":["AscendersBane","Strike_B","Strike_B+1","Defend_B","Defend_B","Zap","Dualcast+1","Cold Snap","White Noise+1","Cold Snap","White Noise","Glacier","Undo","Seek","Compile Driver+1","Rip and Tear+1","Sweeping Beam+1","Beam Cell","Hologram"],"special_seed":0,"relics":["Cracked Core","NeowsBlessing","Shovel","Sundial","DataDisk","Mercury Hourglass","Astrolabe","Kunai"],"potions_floor_usage":[],"damage_taken":[{"damage":0.0,"enemies":"Jaw Worm","floor":1.0,"turns":1.0},{"damage":0.0,"enemies":"Cultist","floor":4.0,"turns":1.0},{"damage":0.0,"enemies":"Gremlin Nob","floor":6.0,"turns":1.0},{"damage":7.0,"enemies":"2 Louse","floor":8.0,"turns":2.0},{"damage":19.0,"enemies":"Lagavulin","floor":10.0,"turns":5.0},{"damage":10.0,"enemies":"Exordium Thugs","floor":12.0,"turns":4.0},{"damage":6.0,"enemies":"Red Slaver","floor":14.0,"turns":3.0},{"damage":16.0,"enemies":"Hexaghost","floor":16.0,"turns":10.0},{"damage":24,"enemies":"3 Byrds","floor":18,"turns":3},{"damage":22,"enemies":"Shell Parasite","floor":20,"turns":5},{"damage":13,"enemies":"Centurion and Healer","floor":21,"turns":2}],"seed_played":"6969940678893954293","potions_obtained":[{"floor":6.0,"key":"SteroidPotion"},{"floor":12.0,"key":"Strength Potion"},{"floor":16.0,"key":"Swift Potion"},{"floor":20,"key":"GamblersBrew"}],"is_trial":false,"path_per_floor":["M","$","?","M","?","E","?","M","T","E","R","M","R","M","R","B",null,"M","$","M","M"],"character_chosen":"DEFECT","items_purchased":["Cold Snap","Kunai"],"campfire_rested":2,"item_purchase_floors":[2,19],"current_hp_per_floor":[64,64,64,64,57,57,36,29,29,10,31,21,42,36,36,20,58,34,34,12,0],"gold":51,"neow_bonus":"THREE_ENEMY_KILL","is_prod":false,"is_daily":false,"chose_seed":false,"campfire_upgraded":0,"win_rate":0,"timestamp":1561128042,"path_taken":["M","$","?","?","?","E","?","M","T","E","R","M","R","M","R","BOSS","M","$","M","M"],"build_version":"2019-01-23","purchased_purges":0,"victory":false,"max_hp_per_floor":[71,71,71,71,71,71,71,71,71,71,71,71,71,71,71,71,71,71,71,71,71],"card_choices":[{"not_picked":["Turbo","Redo","Steam"],"picked":"SKIP","floor":1.0},{"not_picked":["Turbo","Redo","Steam"],"picked":"SKIP","floor":1.0},{"not_picked":["Ball Lightning","Coolheaded"],"picked":"White Noise","floor":4.0},{"not_picked":["Leap","Melter"],"picked":"Cold Snap","floor":6.0},{"not_picked":["Leap","Fission","Static Discharge"],"picked":"SKIP","floor":8.0},{"not_picked":["Gash","Sweeping Beam"],"picked":"White Noise","floor":10.0},{"not_picked":["Reprogram","Coolheaded"],"picked":"Glacier","floor":12.0},{"not_picked":["Beam Cell","Sweeping Beam"],"picked":"Undo","floor":14.0},{"not_picked":["Amplify","Creative AI"],"picked":"Seek","floor":16.0},{"not_picked":["Conserve Battery","Doom and Gloom"],"picked":"Beam Cell","floor":18},{"not_picked":["Barrage+1","Self Repair"],"picked":"Hologram","floor":20}],"player_experience":721663,"relics_obtained":[{"floor":6.0,"key":"Shovel"},{"floor":9.0,"key":"Sundial"},{"floor":10.0,"key":"DataDisk"},{"floor":15.0,"key":"Mercury Hourglass"}],"event_choices":[{"damage_healed":0.0,"max_hp_gain":0.0,"max_hp_loss":0.0,"gold_gain":0.0,"event_name":"Accursed Blacksmith","player_choice":"Forge","floor":3.0,"gold_loss":0.0,"damage_taken":0.0,"cards_upgraded":["Dualcast"]},{"cards_removed":["Defend_B"],"damage_healed":0.0,"max_hp_gain":0.0,"max_hp_loss":0.0,"gold_gain":0.0,"event_name":"Golden Wing","player_choice":"Card Removal","floor":5.0,"gold_loss":0.0,"damage_taken":7.0},{"damage_healed":0.0,"max_hp_gain":0.0,"max_hp_loss":0.0,"gold_gain":0.0,"event_name":"Shining Light","player_choice":"Entered Light","floor":7.0,"gold_loss":0.0,"damage_taken":21.0,"cards_upgraded":["White Noise","Strike_B"]}],"is_beta":false,"boss_relics":[{"not_picked":["Runic Dome","Ectoplasm"],"picked":"Astrolabe"}],"items_purged_floors":[],"is_endless":false,"potions_floor_spawned":[6,12,16,20],"killed_by":"Centurion and Healer","ascension_level":20}