{"gold_per_floor":[110,110,41,41,58,58,93,93,93,93,93,93,113,128,128,230,230,247,247],"floor_reached":19,"playtime":911,"items_purged":[],"score":182,"play_id":"ff429eea-ac83-4fd9-b7a7-25e68796c98d","local_time":"20190526120439","is_ascension_mode":true,"campfire_choices":[{"data":"Noxious Fumes","floor":6,"key":"SMITH"},{"floor":8,"key":"REST"},{"data":"Backflip","floor":10,"key":"SMITH"},{"floor":15,"key":"REST"}],"neow_cost":"NONE","seed_source_timestamp":663620061390024,"circlet_count":0,"master_deck":["Defend_G","Defend_G","Defend_G","Defend_G","Defend_G","Strike_G","Strike_G","Strike_G","Strike_G","Strike_G","Survivor","Neutralize","Noxious Fumes+1","Backflip+1","Pain","Blade Dance","Blade Dance","A Thousand Cuts","Cloak And Dagger","Unload"],"relics":["Ring of the Snake","Lantern","Incense Burner","Juzu Bracelet","Paper Crane","WarpedTongs","Orrery"],"potions_floor_usage":[13],"damage_taken":[{"damage":0,"enemies":"Small Slimes","floor":1,"turns":4},{"damage":2,"enemies":"Jaw Worm","floor":5,"turns":5},{"damage":25,"enemies":"Lagavulin","floor":7,"turns":8},{"damage":4,"enemies":"Cultist","floor":13,"turns":4},{"damage":3,"enemies":"Red Slaver","floor":14,"turns":4},{"damage":50,"enemies":"Hexaghost","floor":16,"turns":11},{"damage":15,"enemies":"Spheric Guardian","floor":18,"turns":5},{"damage":6,"enemies":"3 Byrds","floor":19,"turns":1}],"seed_played":"-2426649165778895790","potions_obtained":[{"floor":7,"key":"Swift Potion"},{"floor":14,"key":"Strength Potion"},{"floor":16,"key":"SteroidPotion"}],"is_trial":false,"path_per_floor":["M","?","$","?","M","R","E","R","T","R","?","?","M","M","R","B",null,"M","M"],"character_chosen":"THE_SILENT","items_purchased":["Noxious Fumes"],"campfire_rested":2,"item_purchase_floors":[3],"current_hp_per_floor":[70,52,52,52,50,50,25,46,46,46,46,46,42,39,60,10,70,55,49],"gold":247,"neow_bonus":"RANDOM_COMMON_RELIC","is_prod":false,"is_daily":false,"chose_seed":false,"campfire_upgraded":2,"win_rate":0,"timestamp":1558836279,"path_taken":["M","?","$","?","M","R","E","R","T","R","?","?","M","M","R","BOSS","M","M"],"build_version":"2019-01-23","purchased_purges":0,"victory":false,"max_hp_per_floor":[70,70,70,70,70,70,70,70,70,70,70,70,70,70,70,70,70,70,70],"card_choices":[{"not_picked":["Deadly Poison","Acrobatics","Outmaneuver"],"picked":"SKIP","floor":1},{"not_picked":["Expertise","Dagger Spray"],"picked":"Backflip","floor":5},{"not_picked":["Choke","Dagger Throw","Riddle With Holes"],"picked":"SKIP","floor":7},{"not_picked":["Sucker Punch","PiercingWail"],"picked":"Blade Dance","floor":13},{"not_picked":["Outmaneuver","Backflip"],"picked":"Blade Dance","floor":14},{"not_picked":["Malaise","Grand Finale"],"picked":"A Thousand Cuts","floor":16},{"not_picked":["Dagger Throw","Infinite Blades"],"picked":"Cloak And Dagger","floor":17},{"not_picked":["Dodge and Roll","Outmaneuver"],"picked":"Unload","floor":18}],"player_experience":386139,"relics_obtained":[{"floor":7,"key":"Juzu Bracelet"},{"floor":9,"key":"Paper Crane"}],"event_choices":[{"damage_healed":0,"gold_gain":0,"player_choice":"Success","damage_taken":18,"relics_obtained":["Incense Burner"],"max_hp_gain":0,"max_hp_loss":0,"event_name":"Scrap Ooze","floor":2,"gold_loss":0},{"damage_healed":0,"gold_gain":0,"player_choice":"Ignored","damage_taken":0,"max_hp_gain":0,"max_hp_loss":0,"event_name":"Liars Game","floor":4,"gold_loss":0},{"damage_healed":0,"gold_gain":0,"player_choice":"Rummage","damage_taken":0,"relics_obtained":["WarpedTongs"],"max_hp_gain":0,"max_hp_loss":0,"event_name":"Accursed Blacksmith","floor":11,"gold_loss":0,"cards_obtained":["Pain"]},{"damage_healed":0,"gold_gain":0,"player_choice":"Bought 0 Potions","damage_taken":0,"max_hp_gain":0,"max_hp_loss":0,"event_name":"The Woman in Blue","floor":12,"gold_loss":0}],"is_beta":false,"boss_relics":[{"not_picked":["Fusion Hammer","White Beast Statue"],"picked":"Orrery"}],"items_purged_floors":[],"is_endless":false,"potions_floor_spawned":[7,14,16],"killed_by":"3 Byrds","ascension_level":2}