{"gold_per_floor":[116,116,116,134,49,76,76,109,177,277,277,308,319,339,339,442,442,461,461,481,493,164,197,197,214,239,274,126,126,142,159,159,262,262,276,352,371,52,72,72,72,106,106,106,120,120,137,168,168,168],"floor_reached":51,"playtime":2549,"items_purged":[],"score":892,"play_id":"97e4e01b-e3c7-476f-a5a4-adf6edf403ad","local_time":"20190203220245","is_ascension_mode":true,"campfire_choices":[{"data":"Zap","floor":7,"key":"SMITH"},{"floor":11,"key":"REST"},{"floor":15,"key":"REST"},{"data":"Defragment","floor":24,"key":"SMITH"},{"floor":32,"key":"REST"},{"floor":40,"key":"REST"},{"floor":44,"key":"REST"},{"floor":49,"key":"REST"}],"neow_cost":"NONE","seed_source_timestamp":2081525815449660,"circlet_count":0,"master_deck":["Strike_B","Strike_B","Strike_B","Defend_B","Defend_B","Defend_B","Defend_B","Zap+1","Dualcast","Static Discharge","Conserve Battery","Defragment+1","Melter","Doom and Gloom","Machine Learning+1","Static Discharge+1","Ball Lightning","Self Repair+1","Gash+1","Auto Shields","Static Discharge+1","Glacier+1","Thunder Strike","Loop+1"],"relics":["Cracked Core","NeowsBlessing","Happy Flower","PreservedInsect","DataDisk","Frozen Egg 2","Bag of Marbles","Lizard Tail","Bottled Tornado","Mango","Boot","Red Mask","Fusion Hammer","Cables","Singing Bowl","Pen Nib","Pantograph","Dream Catcher"],"potions_floor_usage":[16,21,21,21,21,23,33,50,50],"damage_taken":[{"damage":0,"enemies":"Jaw Worm","floor":1,"turns":1},{"damage":0,"enemies":"Small Slimes","floor":4,"turns":1},{"damage":0,"enemies":"Gremlin Nob","floor":6,"turns":1},{"damage":21,"enemies":"Lagavulin","floor":8,"turns":5},{"damage":14,"enemies":"3 Sentries","floor":12,"turns":4},{"damage":3,"enemies":"2 Louse","floor":13,"turns":2},{"damage":7,"enemies":"Red Slaver","floor":14,"turns":3},{"damage":35,"enemies":"The Guardian","floor":16,"turns":7},{"damage":2,"enemies":"Chosen","floor":18,"turns":4},{"damage":40,"enemies":"2 Thieves","floor":20,"turns":4},{"damage":28,"enemies":"Chosen and Byrds","floor":21,"turns":4},{"damage":27,"enemies":"Slavers","floor":23,"turns":2},{"damage":22,"enemies":"Snake Plant","floor":25,"turns":3},{"damage":24,"enemies":"Masked Bandits","floor":27,"turns":2},{"damage":14,"enemies":"Cultist and Chosen","floor":30,"turns":3},{"damage":9,"enemies":"Sentry and Sphere","floor":31,"turns":2},{"damage":33,"enemies":"Champ","floor":33,"turns":12},{"damage":21,"enemies":"Orb Walker","floor":35,"turns":2},{"damage":8,"enemies":"3 Shapes","floor":37,"turns":3},{"damage":27,"enemies":"Maw","floor":39,"turns":6},{"damage":17,"enemies":"Giant Head","floor":42,"turns":5},{"damage":47,"enemies":"Transient","floor":45,"turns":5},{"damage":8,"enemies":"3 Darklings","floor":47,"turns":4},{"damage":31,"enemies":"Reptomancer","floor":48,"turns":2},{"damage":43,"enemies":"Donu and Deca","floor":50,"turns":5}],"seed_played":"7349320469677285371","potions_obtained":[{"floor":1,"key":"Regen Potion"},{"floor":6,"key":"SkillPotion"},{"floor":12,"key":"AttackPotion"},{"floor":14,"key":"EntropicBrew"},{"floor":18,"key":"FearPotion"},{"floor":21,"key":"FearPotion"},{"floor":30,"key":"Weak Potion"},{"floor":37,"key":"Ancient Potion"},{"floor":48,"key":"Strength Potion"}],"is_trial":false,"path_per_floor":["M","?","?","M","$","E","R","E","T","?","R","E","M","M","R","B",null,"M","?","M","M","$","E","R","M","T","?","$","?","M","M","R","B",null,"M","T","M","$","M","R","$","E","T","R","M","?","M","E","R","B",null],"character_chosen":"DEFECT","items_purchased":["Static Discharge","Conserve Battery","Bottled Tornado","Self Repair+1","Auto Shields","Static Discharge+1","Loop+1","Singing Bowl"],"campfire_rested":6,"item_purchase_floors":[5,5,22,22,28,28,38,38],"current_hp_per_floor":[75,75,68,68,68,68,68,47,47,47,69,55,52,45,67,32,75,73,73,33,17,17,59,59,47,47,23,23,23,19,10,36,13,89,68,68,70,70,55,82,82,77,77,93,58,58,62,33,64,56],"gold":168,"neow_bonus":"THREE_ENEMY_KILL","is_prod":false,"is_daily":false,"chose_seed":false,"campfire_upgraded":2,"win_rate":0,"timestamp":1549191765,"path_taken":["M","?","?","M","$","E","R","E","T","?","R","E","M","M","R","BOSS","M","?","M","M","$","E","R","M","T","?","$","?","M","?","R","BOSS","M","?","M","$","?","R","?","E","T","R","M","?","M","E","R","BOSS"],"build_version":"2019-01-23","purchased_purges":0,"victory":true,"max_hp_per_floor":[75,75,75,75,75,75,75,75,75,75,75,75,75,75,75,75,75,75,75,75,75,75,89,89,89,89,89,89,89,89,89,89,89,89,89,89,89,89,91,91,91,93,93,93,95,95,97,99,101,101],"card_choices":[{"not_picked":["Rebound","Rip and Tear","Barrage"],"picked":"SKIP","floor":1},{"not_picked":["Streamline","Recycle","Coolheaded"],"picked":"SKIP","floor":4},{"not_picked":["Conserve Battery","Skim","Stack"],"picked":"SKIP","floor":6},{"not_picked":["Reinforced Body","Leap"],"picked":"Defragment","floor":8},{"not_picked":["Core Surge","Leap"],"picked":"Melter","floor":12},{"not_picked":["Beam Cell","Gash"],"picked":"Doom and Gloom","floor":13},{"not_picked":["Beam Cell","Steam Power","Blizzard"],"picked":"SKIP","floor":14},{"not_picked":["Multi-Cast","Biased Cognition+1"],"picked":"Machine Learning+1","floor":16},{"not_picked":["Rebound","Streamline","Coolheaded+1"],"picked":"SKIP","floor":18},{"not_picked":["Coolheaded","Steam","Rebound"],"picked":"SKIP","floor":20},{"not_picked":["Aggregate","Scrape"],"picked":"Ball Lightning","floor":21},{"not_picked":["Streamline","Skim"],"picked":"Gash+1","floor":23},{"not_picked":["Compile Driver+1","Genetic Algorithm"],"picked":"Chaos","floor":25},{"not_picked":["Core Surge","Hologram"],"picked":"Glacier+1","floor":30},{"not_picked":["Consume","Gash","Capacitor+1"],"picked":"SKIP","floor":31},{"not_picked":["Creative AI+1","Meteor Strike"],"picked":"Thunder Strike","floor":33},{"not_picked":["Turbo+1","Cold Snap","Storm+1"],"picked":"SKIP","floor":35},{"not_picked":["White Noise+1","Turbo+1","Stack"],"picked":"SKIP","floor":37},{"not_picked":["Skim+1","Conserve Battery+1","Stack"],"picked":"Singing Bowl","floor":39},{"not_picked":["Glacier","Compile Driver+1","Redo+1"],"picked":"Singing Bowl","floor":42},{"not_picked":["Double Energy","Conserve Battery+1","Streamline+1"],"picked":"Singing Bowl","floor":45},{"not_picked":["Melter","Steam","Beam Cell"],"picked":"Singing Bowl","floor":47},{"not_picked":["Meteor Strike","Barrage","Genetic Algorithm+1"],"picked":"Singing Bowl","floor":48},{"not_picked":["Beam Cell","Auto Shields","Redo"],"picked":"Singing Bowl","floor":49}],"player_experience":137518,"relics_obtained":[{"floor":6,"key":"PreservedInsect"},{"floor":8,"key":"DataDisk"},{"floor":9,"key":"Frozen Egg 2"},{"floor":12,"key":"Bag of Marbles"},{"floor":23,"key":"Mango"},{"floor":26,"key":"Boot"},{"floor":27,"key":"Red Mask"},{"floor":36,"key":"Cables"},{"floor":42,"key":"Pen Nib"},{"floor":43,"key":"Pantograph"},{"floor":48,"key":"Dream Catcher"}],"event_choices":[{"damage_healed":0,"gold_gain":0,"player_choice":"Ignored","damage_taken":0,"max_hp_gain":0,"max_hp_loss":0,"event_name":"Golden Wing","floor":2,"gold_loss":0},{"damage_healed":0,"gold_gain":0,"player_choice":"Success","damage_taken":7,"relics_obtained":["Happy Flower"],"max_hp_gain":0,"max_hp_loss":0,"event_name":"Scrap Ooze","floor":3,"gold_loss":0},{"damage_healed":0,"gold_gain":100,"player_choice":"Pray","damage_taken":0,"max_hp_gain":0,"max_hp_loss":0,"event_name":"Golden Shrine","floor":10,"gold_loss":0},{"damage_healed":0,"gold_gain":0,"player_choice":"Read","damage_taken":0,"max_hp_gain":0,"max_hp_loss":0,"event_name":"The Library","floor":19,"gold_loss":0,"cards_obtained":["Static Discharge"]},{"damage_healed":0,"gold_gain":0,"player_choice":"Fought Bandits","damage_taken":0,"max_hp_gain":0,"max_hp_loss":0,"event_name":"Masked Bandits","floor":27,"gold_loss":0},{"cards_removed":["Chaos"],"damage_healed":0,"gold_gain":0,"player_choice":"Purged","damage_taken":0,"max_hp_gain":0,"max_hp_loss":0,"event_name":"Purifier","floor":29,"gold_loss":0},{"cards_removed":["Strike_B"],"damage_healed":0,"gold_gain":0,"player_choice":"Removed Attack","damage_taken":0,"max_hp_gain":0,"max_hp_loss":0,"event_name":"Falling","floor":46,"gold_loss":0}],"is_beta":false,"boss_relics":[{"not_picked":["Empty Cage","Runic Pyramid"],"picked":"Lizard Tail"},{"not_picked":["Coffee Dripper","Orrery"],"picked":"Fusion Hammer"}],"items_purged_floors":[],"is_endless":false,"potions_floor_spawned":[1,6,12,13,14,18,21,30,37,48],"ascension_level":2}