{"path_per_floor":["M","?","T","M","?","E","M","E","T","E","M","?","M","$","R","B",null,"M","?","?","?","?","E","M","M","T","E","M","E","M","M","R","B",null,"M","?","?","?","M","E","M","R","T","?","$","E","?","E","R","B"],"character_chosen":"THE_SILENT","items_purchased":["Frozen Egg 2","Acrobatics","Blood Vial","Pear"],"gold_per_floor":[111,111,111,122,122,154,164,190,266,293,307,382,395,31,31,136,136,152,242,242,242,157,182,201,213,237,265,276,301,314,325,325,428,428,439,439,493,493,507,535,547,547,572,572,62,89,0,27,27,27],"floor_reached":51,"campfire_rested":2,"playtime":6316,"current_hp_per_floor":[70,70,70,70,70,61,61,60,60,47,37,26,26,26,47,44,70,60,39,39,39,39,16,20,32,32,36,42,21,24,32,32,29,49,49,39,29,29,28,4,6,20,20,20,30,42,42,54,54,35],"items_purged":["Strike_G","Normality"],"gold":27,"play_id":"ea281925-93cc-481a-8566-fc363321bafd","is_prod":false,"is_daily":false,"is_ascension_mode":true,"campfire_upgraded":2,"path_taken":["M","?","?","M","?","E","M","E","T","E","M","?","?","$","R","BOSS","M","?","?","?","?","E","M","M","T","E","M","E","M","M","R","BOSS","M","?","?","?","M","E","M","R","T","?","$","E","?","E","R","BOSS"],"build_version":"2018-02-01-PROD3","purchased_purges":2,"victory":true,"master_deck":["Defend_G","Defend_G","Defend_G","Defend_G","Survivor","Neutralize+1","Dagger Throw","Flying Knee","Footwork+1","Footwork","Backflip","Choke","Slice","Calculated Gamble+1","Acrobatics","Adrenaline","Dodge and Roll","Panacea","Bite","Bite","Bite","Bite","Bite","Prepared+1","Backflip+1","Sucker Punch+1","Riddle With Holes+1","Reflex","Blur","Backstab","Eviscerate+1","After Image+1","Caltrops+1","Madness+1","Madness","Finisher+1","Dagger Throw+1","Predator+1","Flechettes","Dramatic Entrance","Underhanded Strike","Backflip"],"max_hp_per_floor":[70,70,70,70,70,70,70,70,70,70,70,70,70,70,70,70,70,70,70,70,49,49,49,49,49,49,49,49,49,49,49,49,49,49,49,49,49,49,49,49,49,49,49,49,59,59,59,59,59,59],"relics":["Ring of the Snake","Orichalcum","Tingsha","Bag of Marbles","Whetstone","Bronze Scales","Tough Bandages","Ancient Tea Set","Frozen Egg 2","Runic Dome","Mummified Hand","Shuriken","Pen Nib","Lantern","Vajra","Sozu","Sundial","Frozen Eye","Omamori","Blood Vial","Pear","Bag of Preparation","Red Mask","Oddly Smooth Stone"],"card_choices":[{"not_picked":["Poisoned Stab","Endless Agony"],"picked":"Dagger Throw"},{"not_picked":["Reflex","Slice"],"picked":"Flying Knee"},{"not_picked":["Heel Hook","Deadly Poison"],"picked":"Footwork"},{"not_picked":["Caltrops","Crippling Poison"],"picked":"Footwork"},{"not_picked":["Blade Dance","Prepared"],"picked":"Backflip"},{"not_picked":["Flying Knee","Night Terror"],"picked":"Choke"},{"not_picked":["Flying Knee","Backflip"],"picked":"Slice"},{"not_picked":["Deadly Poison","Acrobatics"],"picked":"Calculated Gamble"},{"not_picked":["Burst","Venomology"],"picked":"Adrenaline"},{"not_picked":["Slice","Flying Knee"],"picked":"Dodge and Roll"},{"not_picked":["Burst","Dagger Throw"],"picked":"Prepared"},{"not_picked":["Deadly Poison","Distraction"],"picked":"Backflip"},{"not_picked":["Acrobatics","Underhanded Strike"],"picked":"Sucker Punch"},{"not_picked":["Bane","Underhanded Strike"],"picked":"Riddle With Holes"},{"not_picked":["Footwork","Deadly Poison"],"picked":"Reflex"},{"not_picked":["Doppelganger","Distraction"],"picked":"Blur"},{"not_picked":["Sucker Punch","Deflect"],"picked":"Backstab"},{"not_picked":["Flying Knee","Quick Slash"],"picked":"Eviscerate"},{"not_picked":["Burst","Bullet Time"],"picked":"After Image"},{"not_picked":["Underhanded Strike","Terror"],"picked":"Caltrops"},{"not_picked":["Well Laid Plans","Poisoned Stab"],"picked":"Finisher"},{"not_picked":["Poisoned Stab","Acrobatics"],"picked":"Dagger Throw"},{"not_picked":["Malaise","Bane"],"picked":"Predator"},{"not_picked":["Slice","Deadly Poison"],"picked":"Flechettes"},{"not_picked":["Finisher","Phantasmal Killer"],"picked":"Underhanded Strike"},{"not_picked":["Outmaneuver","Slice"],"picked":"Backflip"}],"player_experience":92347,"potions_floor_usage":[11,16,18,23,33],"damage_taken":[{"damage":0,"enemies":"Small Slimes","floor":1,"turns":3},{"damage":0,"enemies":"Blue Slaver","floor":4,"turns":3},{"damage":9,"enemies":"Gremlin Nob","floor":6,"turns":4},{"damage":0,"enemies":"Jaw Worm","floor":7,"turns":3},{"damage":1,"enemies":"3 Sentries","floor":8,"turns":9},{"damage":13,"enemies":"Gremlin Nob","floor":10,"turns":5},{"damage":10,"enemies":"Exordium Thugs","floor":11,"turns":6},{"damage":0,"enemies":"Looter","floor":13,"turns":3},{"damage":3,"enemies":"The Guardian","floor":16,"turns":10},{"damage":10,"enemies":"2 Thieves","floor":18,"turns":4},{"damage":31,"enemies":"Slavers","floor":23,"turns":6},{"damage":0,"enemies":"Shell Parasite","floor":24,"turns":2},{"damage":0,"enemies":"3 Cultists","floor":25,"turns":4},{"damage":0,"enemies":"Book of Stabbing","floor":27,"turns":4},{"damage":0,"enemies":"Centurion and Healer","floor":28,"turns":3},{"damage":29,"enemies":"Gremlin Leader","floor":29,"turns":6},{"damage":1,"enemies":"Snake Plant","floor":30,"turns":2},{"damage":0,"enemies":"3 Cultists","floor":31,"turns":5},{"damage":15,"enemies":"Collector","floor":33,"turns":8},{"damage":0,"enemies":"3 Shapes","floor":35,"turns":2},{"damage":16,"enemies":"Mysterious Sphere","floor":37,"turns":5},{"damage":5,"enemies":"3 Darklings","floor":39,"turns":5},{"damage":36,"enemies":"Nemesis","floor":40,"turns":7},{"damage":4,"enemies":"Maw","floor":41,"turns":6},{"damage":0,"enemies":"Giant Head","floor":46,"turns":6},{"damage":2,"enemies":"Nemesis","floor":48,"turns":7},{"damage":30,"enemies":"Awakened One","floor":50,"turns":10}],"event_choices":[{"event_name":"Upgrade Shrine","player_choice":"Upgraded","floor":2,"damage_taken":0},{"event_name":"Accursed Blacksmith","player_choice":"Rummage","floor":5,"damage_taken":0},{"event_name":"World of Goop","player_choice":"Gather Gold","floor":12,"damage_taken":0},{"event_name":"Knowing Skull","player_choice":"CARD GOLD ","floor":19,"damage_taken":0},{"event_name":"Upgrade Shrine","player_choice":"Upgraded","floor":20,"damage_taken":0},{"event_name":"Vampires","player_choice":"Became a vampire","floor":21,"damage_taken":0},{"event_name":"Addict","player_choice":"Obtained Relic","floor":22,"damage_taken":0},{"event_name":"Winding Halls","player_choice":"Embrace Madness","floor":36,"damage_taken":0},{"event_name":"Mysterious Sphere","player_choice":"Fight","floor":37,"damage_taken":0},{"event_name":"Match and Keep!","player_choice":"1 cards matched","floor":44,"damage_taken":0},{"event_name":"Tomb of Lord Red Mask","player_choice":"Paid","floor":47,"damage_taken":0}],"boss_relics":[{"not_picked":["Snecko Eye","Ectoplasm"],"picked":"Runic Dome"},{"not_picked":["Astrolabe","Orrery"],"picked":"Sozu"}],"potions_floor_spawned":[7,8,10,16,18,23,25,31,33,35,39],"seed_played":"-1264447418497371738","ascension_level":1,"is_trial":false}