{"gold_per_floor":[117,117,137,17,17,46,57,57,83,37,69,69,80,94,94,192,192,205,215,215,22,37,37,37,37,83,98,15,32,32],"floor_reached":30,"playtime":1882,"items_purged":["Strike_R","Strike_R"],"score":318,"play_id":"a9f33a35-22bd-4ab6-b5b5-310a7d2aff35","local_time":"20190531000513","is_ascension_mode":true,"campfire_choices":[{"data":"Bash","floor":8,"key":"SMITH"},{"data":"Pommel Strike","floor":12,"key":"SMITH"},{"data":"Twin Strike","floor":15,"key":"SMITH"},{"floor":23,"key":"REST"},{"floor":25,"key":"REST"}],"neow_cost":"NONE","seed_source_timestamp":8250719148006,"circlet_count":0,"master_deck":["Strike_R","Strike_R","Strike_R","Defend_R","Defend_R","Defend_R","Defend_R","Bash+1","Pommel Strike+1","Sword Boomerang","Intimidate","Ghostly Armor","Twin Strike+1","Shrug It Off+1","Dropkick","Impervious+1","Battle Trance+1","Shrug It Off+1","True Grit+1","Headbutt","Rampage","Corruption+1","Havoc+1","Anger","Shrug It Off+1","Flash of Steel"],"relics":["Burning Blood","NeowsBlessing","Potion Belt","Ancient Tea Set","Pen Nib","Toxic Egg 2","Orrery","Enchiridion","Juzu Bracelet"],"potions_floor_usage":[11,11,11,11,16,29],"damage_taken":[{"damage":0,"enemies":"Small Slimes","floor":1,"turns":1},{"damage":0,"enemies":"Cultist","floor":3,"turns":1},{"damage":0,"enemies":"Lagavulin","floor":6,"turns":1},{"damage":5,"enemies":"2 Louse","floor":7,"turns":3},{"damage":20,"enemies":"3 Sentries","floor":11,"turns":7},{"damage":6,"enemies":"Exordium Thugs","floor":13,"turns":3},{"damage":0,"enemies":"Exordium Wildlife","floor":14,"turns":3},{"damage":15,"enemies":"Slime Boss","floor":16,"turns":6},{"damage":14,"enemies":"Chosen","floor":18,"turns":5},{"damage":8,"enemies":"Spheric Guardian","floor":19,"turns":5},{"damage":44,"enemies":"Cultist and Chosen","floor":22,"turns":7},{"damage":26,"enemies":"Sentry and Sphere","floor":27,"turns":7},{"damage":28,"enemies":"Snake Plant","floor":29,"turns":5},{"damage":24,"enemies":"Chosen and Byrds","floor":30,"turns":4}],"seed_played":"-3170042341585973243","potions_obtained":[{"floor":1,"key":"EntropicBrew"},{"floor":3,"key":"Explosive Potion"},{"floor":6,"key":"Block Potion"},{"floor":13,"key":"SteroidPotion"},{"floor":18,"key":"SpeedPotion"},{"floor":29,"key":"GamblersBrew"}],"is_trial":false,"path_per_floor":["M","?","M","$","?","E","M","R","T","$","E","R","M","M","R","B",null,"M","M","?","$","M","R","?","R","T","M","$","M","M"],"character_chosen":"IRONCLAD","items_purchased":["Sword Boomerang","Twin Strike","Corruption","Havoc+1","Flash of Steel"],"campfire_rested":2,"item_purchase_floors":[4,10,21,21,28],"current_hp_per_floor":[80,80,80,80,80,80,80,80,80,80,74,74,74,80,80,71,80,72,70,54,54,16,40,40,64,64,44,44,22,0],"gold":32,"neow_bonus":"THREE_ENEMY_KILL","is_prod":false,"is_daily":false,"chose_seed":false,"campfire_upgraded":3,"win_rate":0,"timestamp":1559275513,"path_taken":["M","?","?","$","?","E","M","R","T","?","E","R","M","M","R","BOSS","M","M","?","?","M","R","?","R","T","M","$","M","M"],"build_version":"2019-01-23","purchased_purges":2,"victory":false,"max_hp_per_floor":[80,80,80,80,80,80,80,80,80,80,80,80,80,80,80,80,80,80,80,80,80,80,80,80,80,80,80,80,80,80],"card_choices":[{"not_picked":["Flex","Evolve"],"picked":"Inflame","floor":1},{"not_picked":["Flex","Armaments"],"picked":"Pommel Strike","floor":3},{"not_picked":["Sword Boomerang","Bloodletting"],"picked":"Intimidate","floor":6},{"not_picked":["Warcry","Sword Boomerang"],"picked":"Ghostly Armor","floor":7},{"not_picked":["Twin Strike","Feel No Pain","Perfected Strike"],"picked":"SKIP","floor":11},{"not_picked":["Whirlwind","Dual Wield+1"],"picked":"Shrug It Off+1","floor":13},{"not_picked":["Pommel Strike","Heavy Blade"],"picked":"Dropkick","floor":14},{"not_picked":["Limit Break+1","Fiend Fire"],"picked":"Impervious+1","floor":16},{"not_picked":["Havoc+1","Inflame"],"picked":"Battle Trance+1","floor":17},{"not_picked":["Thunderclap","Wild Strike"],"picked":"Shrug It Off+1","floor":17},{"not_picked":["Pommel Strike","Sentinel+1"],"picked":"True Grit+1","floor":17},{"not_picked":["Hemokinesis","Rupture"],"picked":"Headbutt","floor":17},{"not_picked":["Second Wind+1","Thunderclap"],"picked":"Rampage","floor":18},{"not_picked":["Clash","Second Wind+1","Evolve"],"picked":"SKIP","floor":19},{"not_picked":["Clothesline+1","Shrug It Off+1"],"picked":"Anger","floor":22},{"not_picked":["Brutality","Pummel"],"picked":"Shrug It Off+1","floor":27},{"not_picked":["Combust","Thunderclap","Fire Breathing"],"picked":"SKIP","floor":29}],"player_experience":274640,"relics_obtained":[{"floor":6,"key":"Ancient Tea Set"},{"floor":9,"key":"Pen Nib"},{"floor":11,"key":"Toxic Egg 2"},{"floor":20,"key":"Enchiridion"},{"floor":26,"key":"Juzu Bracelet"}],"event_choices":[{"cards_removed":["Inflame"],"damage_healed":0,"gold_gain":0,"player_choice":"Gave Card","damage_taken":0,"relics_obtained":["Potion Belt"],"max_hp_gain":0,"max_hp_loss":0,"event_name":"WeMeetAgain","floor":2,"gold_loss":0},{"damage_healed":0,"gold_gain":0,"player_choice":"0 cards matched","damage_taken":0,"max_hp_gain":0,"max_hp_loss":0,"event_name":"Match and Keep!","floor":5,"gold_loss":0,"cards_obtained":[]},{"damage_healed":0,"gold_gain":0,"player_choice":"Obtained Book","damage_taken":16,"max_hp_gain":0,"max_hp_loss":0,"event_name":"Cursed Tome","floor":20,"gold_loss":0},{"damage_healed":0,"gold_gain":0,"player_choice":"Upgraded","damage_taken":0,"max_hp_gain":0,"max_hp_loss":0,"event_name":"Upgrade Shrine","floor":24,"gold_loss":0,"cards_upgraded":["Corruption"]}],"is_beta":false,"boss_relics":[{"not_picked":["Black Blood","Eternal Feather"],"picked":"Orrery"}],"items_purged_floors":[4,21],"is_endless":false,"potions_floor_spawned":[1,3,6,13,18,27,29],"killed_by":"Chosen and Byrds","ascension_level":4}