{"gold_per_floor":[368,368,368,386,402,432,432,443,443,455,418,418,149,211,211,314,314,330,314,314,330,348,348,375,375,420,436,452,452,452,467,467,570,570,580,597,611,270,270,270,296,296,296,314,349,369,369],"floor_reached":47,"playtime":7338,"items_purged":["Defend_G","Defend_G"],"score":684,"play_id":"d8195388-75bb-4f45-a40b-e69c1e7052e3","local_time":"20190620171712","is_ascension_mode":false,"campfire_choices":[{"data":"Calculated Gamble","floor":7.0,"key":"SMITH"},{"floor":15.0,"key":"REST"},{"data":"After Image","floor":23.0,"key":"SMITH"},{"data":"Backflip","floor":25.0,"key":"SMITH"},{"data":"Neutralize","floor":29.0,"key":"SMITH"},{"data":"Backflip","floor":32.0,"key":"SMITH"},{"data":"Bouncing Flask","floor":40.0,"key":"SMITH"},{"data":"Well Laid Plans","floor":42.0,"key":"SMITH"}],"neow_cost":"TEN_PERCENT_HP_LOSS","seed_source_timestamp":0,"circlet_count":0,"master_deck":["Defend_G","Defend_G","Defend_G","Strike_G","Strike_G","Survivor","Neutralize+1","Backflip+1","Well Laid Plans+1","Calculated Gamble+1","Bouncing Flask+1","Escape Plan","After Image+1","Dodge and Roll","Iron Wave","Crippling Poison","Backflip+1","Footwork+1","After Image","Backflip+1","Acrobatics+1","Caltrops+1","Pain","Backflip+1","Caltrops","Parasite"],"special_seed":0,"relics":["Ring of the Snake","Lantern","Snake Skull","ClockworkSouvenir","Bottled Lightning","Velvet Choker","Bottled Tornado","Centennial Puzzle","MutagenicStrength","Cursed Key","Pear","Bag of Preparation","Kunai","Singing Bowl"],"potions_floor_usage":[46],"damage_taken":[{"damage":0.0,"enemies":"2 Louse","floor":1.0,"turns":3.0},{"damage":7.0,"enemies":"Jaw Worm","floor":4.0,"turns":6.0},{"damage":1.0,"enemies":"Cultist","floor":5.0,"turns":4.0},{"damage":24.0,"enemies":"Lagavulin","floor":6.0,"turns":12.0},{"damage":9.0,"enemies":"3 Louse","floor":8.0,"turns":4.0},{"damage":5.0,"enemies":"Large Slime","floor":10.0,"turns":5.0},{"damage":3.0,"enemies":"Lagavulin Event","floor":14.0,"turns":6.0},{"damage":2.0,"enemies":"Hexaghost","floor":16.0,"turns":8.0},{"damage":11.0,"enemies":"3 Byrds","floor":18.0,"turns":6.0},{"damage":7.0,"enemies":"2 Thieves","floor":19.0,"turns":4.0},{"damage":2.0,"enemies":"Centurion and Healer","floor":21.0,"turns":7.0},{"damage":4.0,"enemies":"Chosen and Byrds","floor":22.0,"turns":6.0},{"damage":28.0,"enemies":"Slavers","floor":24.0,"turns":7.0},{"damage":0.0,"enemies":"Snecko","floor":27.0,"turns":4.0},{"damage":0.0,"enemies":"Centurion and Healer","floor":28.0,"turns":6.0},{"damage":0.0,"enemies":"Sentry and Sphere","floor":31.0,"turns":4.0},{"damage":3.0,"enemies":"Automaton","floor":33.0,"turns":11.0},{"damage":4.0,"enemies":"3 Darklings","floor":35.0,"turns":5.0},{"damage":0.0,"enemies":"Orb Walker","floor":36.0,"turns":4.0},{"damage":17.0,"enemies":"Writhing Mass","floor":37.0,"turns":5.0},{"damage":3.0,"enemies":"Nemesis","floor":41.0,"turns":7.0},{"damage":6.0,"enemies":"Sphere and 2 Shapes","floor":44.0,"turns":5.0},{"damage":35.0,"enemies":"Reptomancer","floor":45.0,"turns":8.0},{"damage":4,"enemies":"Transient","floor":46,"turns":5},{"damage":19,"enemies":"Writhing Mass","floor":47,"turns":4}],"seed_played":"-4152962880249152743","potions_obtained":[{"floor":1.0,"key":"Poison Potion"},{"floor":4.0,"key":"GhostInAJar"},{"floor":10.0,"key":"PowerPotion"},{"floor":16.0,"key":"Regen Potion"},{"floor":18.0,"key":"PowerPotion"},{"floor":19.0,"key":"LiquidBronze"},{"floor":31.0,"key":"SkillPotion"},{"floor":35.0,"key":"PowerPotion"},{"floor":41.0,"key":"Block Potion"},{"floor":46,"key":"PowerPotion"}],"is_trial":false,"path_per_floor":["M","?","?","M","M","E","R","M","T","M","?","?","$","?","R","B",null,"M","M","?","M","M","R","E","R","T","M","M","R","?","M","R","B",null,"M","M","M","$","?","R","E","R","T","M","E","M","M"],"character_chosen":"THE_SILENT","items_purchased":["ClockworkSouvenir","Pear"],"campfire_rested":1,"item_purchase_floors":[13,38],"current_hp_per_floor":[63,63,63,56,55,31,31,22,22,17,17,10,10,7,25,23,63,52,45,45,43,39,39,26,26,26,26,26,26,26,26,26,23,63,59,59,42,52,52,52,49,49,49,43,8,6,0],"gold":369,"neow_bonus":"TWO_FIFTY_GOLD","is_prod":false,"is_daily":false,"chose_seed":false,"campfire_upgraded":7,"win_rate":0,"timestamp":1561065432,"path_taken":["M","?","?","M","?","E","R","M","T","M","?","?","$","?","R","BOSS","M","M","?","M","M","R","E","R","T","?","M","R","?","M","R","BOSS","M","M","M","$","?","R","E","R","T","M","E","M","M"],"build_version":"2019-01-23","purchased_purges":2,"victory":false,"max_hp_per_floor":[63,63,63,63,63,63,63,63,63,63,63,63,63,63,63,63,63,63,63,63,63,63,63,63,63,63,63,63,63,63,63,63,63,63,63,63,63,73,69,69,69,69,69,69,69,71,71],"card_choices":[{"not_picked":["Acrobatics","Deadly Poison"],"picked":"Blade Dance","floor":1.0},{"not_picked":["Poisoned Stab","Dodge and Roll"],"picked":"Backflip","floor":4.0},{"not_picked":["Dagger Spray","Cloak And Dagger"],"picked":"Well Laid Plans","floor":5.0},{"not_picked":["Dagger Throw","PiercingWail"],"picked":"Calculated Gamble","floor":6.0},{"not_picked":["Masterful Stab","Concentrate"],"picked":"Bouncing Flask","floor":8.0},{"not_picked":["Dodge and Roll","Cloak And Dagger"],"picked":"Escape Plan","floor":10.0},{"not_picked":["Tools of the Trade","Bullet Time"],"picked":"After Image","floor":16.0},{"not_picked":["Sucker Punch","Endless Agony+1"],"picked":"Dodge and Roll","floor":18.0},{"not_picked":["Cloak And Dagger","Accuracy","Concentrate+1"],"picked":"SKIP","floor":19.0},{"not_picked":["Sucker Punch","Dodge and Roll","Acrobatics"],"picked":"SKIP","floor":21.0},{"not_picked":["Setup","Well Laid Plans","Backstab"],"picked":"SKIP","floor":22.0},{"not_picked":["Flying Knee","Bouncing Flask+1"],"picked":"Crippling Poison","floor":24.0},{"not_picked":["Dodge and Roll","Terror"],"picked":"Backflip","floor":27.0},{"not_picked":["Blade Dance","Prepared","PiercingWail"],"picked":"SKIP","floor":28.0},{"not_picked":["Quick Slash","Blade Dance"],"picked":"Footwork+1","floor":31.0},{"not_picked":["Burst","Venomology"],"picked":"After Image","floor":33.0},{"not_picked":["Cloak And Dagger+1","Infinite Blades+1"],"picked":"Backflip+1","floor":35.0},{"not_picked":["Deflect+1","Quick Slash","Sucker Punch"],"picked":"SKIP","floor":36.0},{"not_picked":["Deadly Poison+1","Dagger Spray"],"picked":"Acrobatics+1","floor":37.0},{"not_picked":["Slice","Dodge and Roll+1"],"picked":"Caltrops+1","floor":41.0},{"not_picked":["Caltrops","Setup+1"],"picked":"Backflip+1","floor":44.0},{"not_picked":["Underhanded Strike","Dash"],"picked":"Caltrops","floor":45},{"not_picked":["Reflex","Blade Dance+1","Flying Knee+1"],"picked":"Singing Bowl","floor":46}],"player_experience":237272,"relics_obtained":[{"floor":6.0,"key":"Lantern"},{"floor":9.0,"key":"Snake Skull"},{"floor":14.0,"key":"Bottled Lightning"},{"floor":24.0,"key":"Bottled Tornado"},{"floor":26.0,"key":"Centennial Puzzle"},{"floor":41.0,"key":"Bag of Preparation"},{"floor":43.0,"key":"Kunai"},{"floor":45,"key":"Singing Bowl"}],"event_choices":[{"cards_removed":["Strike_G"],"damage_healed":0.0,"max_hp_gain":0.0,"max_hp_loss":0.0,"gold_gain":0.0,"event_name":"Living Wall","player_choice":"Forget","floor":2.0,"gold_loss":0.0,"damage_taken":0.0},{"cards_removed":["Strike_G"],"damage_healed":0.0,"max_hp_gain":0.0,"max_hp_loss":0.0,"gold_gain":0.0,"event_name":"Purifier","player_choice":"Purged","floor":3.0,"gold_loss":0.0,"damage_taken":0.0},{"damage_healed":0.0,"max_hp_gain":0.0,"max_hp_loss":0.0,"gold_gain":0.0,"event_name":"World of Goop","player_choice":"Left Gold","floor":11.0,"gold_loss":37.0,"damage_taken":0.0},{"cards_removed":["Strike_G"],"damage_healed":0.0,"max_hp_gain":0.0,"max_hp_loss":0.0,"gold_gain":0.0,"event_name":"Golden Wing","player_choice":"Card Removal","floor":12.0,"gold_loss":0.0,"damage_taken":7.0},{"damage_healed":0.0,"max_hp_gain":0.0,"max_hp_loss":0.0,"gold_gain":30.0,"event_name":"Dead Adventurer","player_choice":"Searched \u00272\u0027 times","floor":14.0,"gold_loss":0.0,"damage_taken":0.0},{"cards_removed":["Blade Dance"],"damage_healed":0.0,"max_hp_gain":0.0,"max_hp_loss":0.0,"gold_gain":0.0,"event_name":"NoteForYourself","player_choice":"Took Card","floor":20.0,"gold_loss":0.0,"damage_taken":0.0,"cards_obtained":["Iron Wave"]},{"damage_healed":0.0,"max_hp_gain":0.0,"max_hp_loss":0.0,"gold_gain":0.0,"event_name":"Drug Dealer","player_choice":"Inject Mutagens","floor":30.0,"gold_loss":0.0,"damage_taken":0.0,"relics_obtained":["MutagenicStrength"]},{"damage_healed":0.0,"max_hp_gain":0.0,"max_hp_loss":4.0,"gold_gain":0.0,"event_name":"Winding Halls","player_choice":"Max HP","floor":39.0,"gold_loss":0.0,"damage_taken":0.0}],"is_beta":false,"boss_relics":[{"not_picked":["Orrery","Empty Cage"],"picked":"Velvet Choker"},{"not_picked":["HoveringKite","WristBlade"],"picked":"Cursed Key"}],"items_purged_floors":[13,38],"is_endless":false,"potions_floor_spawned":[1,4,10,16,18,19,31,35,41,46],"killed_by":"Writhing Mass","ascension_level":0}