{"gold_per_floor":[115,134,152,163,180,180,202,233,258,274,274,274,294,329,329,428,428,447,465,483,495,495],"floor_reached":22,"playtime":1908,"items_purged":[],"score":202,"play_id":"3e29697f-7cc6-467d-b6f7-6dc3012cac4a","local_time":"20190623203836","is_ascension_mode":false,"campfire_choices":[{"data":"White Noise","floor":6,"key":"SMITH"},{"floor":12,"key":"REST"},{"floor":15,"key":"REST"}],"neow_cost":"NONE","seed_source_timestamp":209434456933100,"circlet_count":0,"master_deck":["Strike_B","Strike_B","Strike_B","Strike_B","Defend_B","Defend_B","Defend_B","Defend_B","Zap","Dualcast","Blizzard","Redo","Barrage","Electrodynamics","White Noise+1","Turbo","Loop","Consume","Hologram","Hello World","Seek","Cold Snap","Coolheaded+1","Go for the Eyes","Conserve Battery"],"relics":["Cracked Core","NeowsBlessing","Odd Mushroom","Bag of Preparation","Anchor","Oddly Smooth Stone","Philosopher\u0027s Stone"],"potions_floor_usage":[8,13,13,16],"damage_taken":[{"damage":0,"enemies":"2 Louse","floor":1,"turns":1},{"damage":0,"enemies":"Jaw Worm","floor":2,"turns":1},{"damage":0,"enemies":"Cultist","floor":3,"turns":1},{"damage":19,"enemies":"2 Fungi Beasts","floor":4,"turns":3},{"damage":15,"enemies":"Looter","floor":5,"turns":3},{"damage":7,"enemies":"The Mushroom Lair","floor":7,"turns":2},{"damage":27,"enemies":"Gremlin Nob","floor":8,"turns":4},{"damage":0,"enemies":"Gremlin Gang","floor":10,"turns":2},{"damage":0,"enemies":"Large Slime","floor":13,"turns":4},{"damage":18,"enemies":"Lagavulin","floor":14,"turns":4},{"damage":35,"enemies":"Slime Boss","floor":16,"turns":5},{"damage":11,"enemies":"Spheric Guardian","floor":18,"turns":3},{"damage":0,"enemies":"3 Byrds","floor":19,"turns":2},{"damage":15,"enemies":"Cultist and Chosen","floor":20,"turns":6},{"damage":29,"enemies":"Snake Plant","floor":21,"turns":6},{"damage":29,"enemies":"3 Cultists","floor":22,"turns":3}],"seed_played":"8262045666289050397","potions_obtained":[{"floor":1,"key":"SpeedPotion"},{"floor":2,"key":"GamblersBrew"},{"floor":3,"key":"SpeedPotion"},{"floor":5,"key":"Weak Potion"},{"floor":11,"key":"Weak Potion"},{"floor":13,"key":"Regen Potion"},{"floor":16,"key":"Energy Potion"},{"floor":20,"key":"Strength Potion"},{"floor":21,"key":"Energy Potion"}],"is_trial":false,"path_per_floor":["M","M","M","M","M","R","?","E","T","M","?","R","M","E","R","B",null,"M","M","M","M","M"],"character_chosen":"DEFECT","items_purchased":[],"campfire_rested":2,"item_purchase_floors":[],"current_hp_per_floor":[75,75,75,56,41,41,34,7,7,7,7,29,29,11,33,12,75,64,64,49,20,0],"gold":495,"neow_bonus":"THREE_ENEMY_KILL","is_prod":false,"is_daily":false,"chose_seed":false,"campfire_upgraded":1,"win_rate":0.0,"timestamp":1561336716,"path_taken":["M","M","M","M","M","R","?","E","T","M","?","R","M","E","R","BOSS","M","M","M","M","M"],"build_version":"2019-01-23","purchased_purges":0,"victory":false,"max_hp_per_floor":[75,75,75,75,75,75,75,75,75,75,75,75,75,75,75,75,75,75,75,75,75,75],"card_choices":[{"not_picked":["Lockon","Leap"],"picked":"Blizzard","floor":1},{"not_picked":["Leap","Fusion"],"picked":"Redo","floor":2},{"not_picked":["Steam Power","Sweeping Beam"],"picked":"Barrage","floor":3},{"not_picked":["Capacitor","Loop"],"picked":"Electrodynamics","floor":4},{"not_picked":["Beam Cell","Steam"],"picked":"White Noise","floor":5},{"not_picked":["Recycle","Aggregate"],"picked":"Turbo","floor":7},{"not_picked":["Coolheaded","Beam Cell"],"picked":"Loop","floor":8},{"not_picked":["Hologram","Rebound"],"picked":"Consume","floor":10},{"not_picked":["Turbo","Barrage"],"picked":"Hologram","floor":13},{"not_picked":["Steam","Hologram"],"picked":"Hello World","floor":14},{"not_picked":["Hyperbeam","Reboot"],"picked":"Seek","floor":16},{"not_picked":["Recycle","Blizzard"],"picked":"Cold Snap","floor":18},{"not_picked":["Cold Snap","Compile Driver"],"picked":"Coolheaded+1","floor":19},{"not_picked":["Leap","Echo Form"],"picked":"Go for the Eyes","floor":20},{"not_picked":["Reinforced Body","Beam Cell"],"picked":"Conserve Battery","floor":21}],"player_experience":96796,"relics_obtained":[{"floor":7,"key":"Odd Mushroom"},{"floor":8,"key":"Bag of Preparation"},{"floor":9,"key":"Anchor"},{"floor":14,"key":"Oddly Smooth Stone"}],"event_choices":[{"damage_healed":0,"gold_gain":0,"player_choice":"Fought Mushrooms","damage_taken":0,"max_hp_gain":0,"max_hp_loss":0,"event_name":"Mushrooms","floor":7,"gold_loss":0},{"damage_healed":0,"gold_gain":0,"player_choice":"Got Potions","damage_taken":0,"max_hp_gain":0,"max_hp_loss":0,"event_name":"Lab","floor":11,"gold_loss":0}],"is_beta":false,"boss_relics":[{"not_picked":["Lizard Tail","Astrolabe"],"picked":"Philosopher\u0027s Stone"}],"items_purged_floors":[],"is_endless":false,"potions_floor_spawned":[1,2,3,5,13,16,20,21],"killed_by":"3 Cultists","ascension_level":0}