{"gold_per_floor":[119,119,48,63,63,63,38,51,51,104,104,120,120,51,51,150,150,161,161,173,173,272,272,300,300,326,326,340,350,350,350,350,452,452,468,60,60,60,76,76,95,112,135,147,147,162,162],"floor_reached":47,"playtime":2685,"items_purged":[],"score":760,"play_id":"2bee3118-f4a6-43c6-b994-720c878dfffb","local_time":"20190623193206","is_ascension_mode":true,"campfire_choices":[{"data":"Spot Weakness","floor":6,"key":"SMITH"},{"data":"Heavy Blade","floor":11,"key":"SMITH"},{"data":"Infernal Blade","floor":13,"key":"SMITH"},{"data":"Flame Barrier","floor":15,"key":"SMITH"},{"floor":23,"key":"REST"},{"floor":25,"key":"REST"},{"data":"Infernal Blade","floor":30,"key":"SMITH"},{"data":"Cleave","floor":32,"key":"SMITH"},{"floor":40,"key":"REST"}],"neow_cost":"NONE","seed_source_timestamp":869405646014483,"circlet_count":0,"master_deck":["AscendersBane","Strike_R","Strike_R","Strike_R","Strike_R","Strike_R","Defend_R","Defend_R","Defend_R","Defend_R","Bash+1","Cleave+1","Flame Barrier+1","Spot Weakness+1","Heavy Blade+1","Dropkick","Infernal Blade+1","Blood for Blood","Reaper","True Grit+1","Inflame+1","Infernal Blade+1","Blood for Blood+1","Blood for Blood","Reaper","Feed","Clothesline+1","Demon Form","Writhe","Shrug It Off+1","Pommel Strike+1","Headbutt","Shockwave+1","Bandage Up+1","Violence+1","Enlightenment+1"],"relics":["Burning Blood","Pen Nib","Shuriken","Philosopher\u0027s Stone","Bronze Scales","Strawberry","Fusion Hammer","Toxic Egg 2"],"potions_floor_usage":[16,24,33,42,44],"damage_taken":[{"damage":12,"enemies":"2 Louse","floor":1,"turns":3},{"damage":6,"enemies":"Cultist","floor":4,"turns":3},{"damage":9,"enemies":"Jaw Worm","floor":8,"turns":3},{"damage":19,"enemies":"Large Slime","floor":12,"turns":7},{"damage":53,"enemies":"Hexaghost","floor":16,"turns":8},{"damage":28,"enemies":"Spheric Guardian","floor":18,"turns":4},{"damage":27,"enemies":"2 Thieves","floor":20,"turns":4},{"damage":34,"enemies":"Book of Stabbing","floor":24,"turns":4},{"damage":25,"enemies":"Centurion and Healer","floor":28,"turns":4},{"damage":14,"enemies":"3 Cultists","floor":29,"turns":3},{"damage":87,"enemies":"Champ","floor":33,"turns":8},{"damage":61,"enemies":"3 Darklings","floor":35,"turns":5},{"damage":26,"enemies":"Orb Walker","floor":39,"turns":3},{"damage":43,"enemies":"Sphere and 2 Shapes","floor":41,"turns":5},{"damage":47,"enemies":"4 Shapes","floor":42,"turns":4},{"damage":26,"enemies":"3 Darklings","floor":44,"turns":4},{"damage":37,"enemies":"Spire Growth","floor":46,"turns":4},{"damage":89,"enemies":"Reptomancer","floor":47,"turns":7}],"seed_played":"-2465206171977009090","potions_obtained":[{"floor":2,"key":"Regen Potion"},{"floor":2,"key":"SkillPotion"},{"floor":4,"key":"Fire Potion"},{"floor":16,"key":"SteroidPotion"},{"floor":24,"key":"EssenceOfSteel"},{"floor":35,"key":"SkillPotion"},{"floor":42,"key":"Dexterity Potion"}],"is_trial":false,"path_per_floor":["M","?","$","M","?","R","$","M","T","?","R","M","R","$","R","B",null,"M","?","M","?","?","R","E","R","T","?","M","M","R","?","R","B",null,"M","$","?","$","M","R","M","M","T","M","?","M","E"],"character_chosen":"IRONCLAD","items_purchased":["Flame Barrier","Heavy Blade","Blood for Blood","Demon Form","Toxic Egg 2"],"campfire_rested":3,"item_purchase_floors":[3,7,14,36,36],"current_hp_per_floor":[66,66,66,66,66,66,66,63,63,63,63,50,50,50,50,18,65,43,28,23,23,23,48,20,45,52,52,49,63,63,63,63,9,71,30,30,53,53,51,78,55,26,26,79,69,52,0],"gold":162,"neow_bonus":"RANDOM_COMMON_RELIC","is_prod":false,"is_daily":false,"chose_seed":false,"campfire_upgraded":6,"win_rate":0,"timestamp":1561282326,"path_taken":["M","?","?","?","?","R","?","M","T","?","R","M","R","$","R","BOSS","M","?","M","?","?","R","E","R","T","?","M","?","R","?","R","BOSS","M","$","?","$","M","R","M","M","T","M","?","M","E"],"build_version":"2019-01-23","purchased_purges":0,"victory":false,"max_hp_per_floor":[80,80,80,80,80,80,80,80,80,80,80,80,80,80,80,80,80,80,85,85,85,85,85,85,85,92,92,92,92,92,92,92,92,92,92,92,92,92,92,92,92,95,95,95,95,95,95],"card_choices":[{"not_picked":["Perfected Strike","Wild Strike"],"picked":"Cleave","floor":1},{"not_picked":["Flame Barrier","Warcry"],"picked":"Spot Weakness","floor":4},{"not_picked":["Inflame","Combust"],"picked":"Dropkick","floor":8},{"not_picked":["Warcry","Body Slam"],"picked":"Infernal Blade","floor":12},{"not_picked":["Double Tap","Feed"],"picked":"Reaper","floor":16},{"not_picked":["Searing Blow","Shrug It Off+1"],"picked":"True Grit+1","floor":18},{"not_picked":["Shrug It Off","Intimidate+1"],"picked":"Inflame+1","floor":20},{"not_picked":["Rupture","Sword Boomerang"],"picked":"Infernal Blade","floor":24},{"not_picked":["Thunderclap","Iron Wave+1"],"picked":"Blood for Blood+1","floor":28},{"not_picked":["Dual Wield","Evolve"],"picked":"Blood for Blood","floor":29},{"not_picked":["Offering","Brutality"],"picked":"Feed","floor":33},{"not_picked":["Hemokinesis","Anger+1"],"picked":"Clothesline+1","floor":35},{"not_picked":["Flex+1","Ghostly Armor+1"],"picked":"Shrug It Off+1","floor":39},{"not_picked":["Cleave+1","Battle Trance+1"],"picked":"Pommel Strike+1","floor":41},{"not_picked":["Berserk","Clothesline+1"],"picked":"Headbutt","floor":42},{"not_picked":["Clothesline+1","Shrug It Off+1"],"picked":"Shockwave+1","floor":44},{"not_picked":["Swift Strike","Violence+1"],"picked":"Bandage Up+1","floor":45},{"not_picked":["Panache","Mind Blast"],"picked":"Violence+1","floor":45},{"not_picked":["Dramatic Entrance","HandOfGreed"],"picked":"Enlightenment+1","floor":45},{"not_picked":["Body Slam","Twin Strike+1","Heavy Blade"],"picked":"SKIP","floor":46}],"player_experience":499657,"relics_obtained":[{"floor":9,"key":"Shuriken"},{"floor":24,"key":"Bronze Scales"},{"floor":26,"key":"Strawberry"}],"event_choices":[{"damage_healed":0,"gold_gain":0,"player_choice":"Got Potions","damage_taken":0,"max_hp_gain":0,"max_hp_loss":0,"event_name":"Lab","floor":2,"gold_loss":0},{"damage_healed":0,"gold_gain":0,"player_choice":"Grow","damage_taken":0,"max_hp_gain":0,"max_hp_loss":0,"event_name":"Living Wall","floor":5,"gold_loss":0,"cards_upgraded":["Bash"]},{"damage_healed":0,"gold_gain":53,"player_choice":"Gained Gold","damage_taken":0,"max_hp_gain":0,"max_hp_loss":0,"event_name":"Golden Wing","floor":10,"gold_loss":0},{"damage_healed":0,"gold_gain":0,"player_choice":"Shed Blood","damage_taken":20,"max_hp_gain":5,"max_hp_loss":0,"event_name":"Forgotten Altar","floor":19,"gold_loss":0},{"damage_healed":0,"gold_gain":0,"player_choice":"Ignored","damage_taken":0,"max_hp_gain":0,"max_hp_loss":0,"event_name":"Ghosts","floor":21,"gold_loss":0},{"damage_healed":0,"gold_gain":99,"player_choice":"Stole From Cult","damage_taken":0,"max_hp_gain":0,"max_hp_loss":0,"event_name":"Nest","floor":22,"gold_loss":0},{"damage_healed":0,"gold_gain":0,"player_choice":"Bought 0 Potions","damage_taken":0,"max_hp_gain":0,"max_hp_loss":0,"event_name":"The Woman in Blue","floor":27,"gold_loss":0},{"damage_healed":0,"gold_gain":0,"player_choice":"Read","damage_taken":0,"max_hp_gain":0,"max_hp_loss":0,"event_name":"The Library","floor":31,"gold_loss":0,"cards_obtained":["Reaper"]},{"damage_healed":23,"gold_gain":0,"player_choice":"Writhe","damage_taken":0,"max_hp_gain":0,"max_hp_loss":0,"event_name":"Winding Halls","floor":37,"gold_loss":0,"cards_obtained":["Writhe"]},{"damage_healed":0,"gold_gain":0,"player_choice":"Memory 3","damage_taken":10,"max_hp_gain":0,"max_hp_loss":0,"event_name":"SensoryStone","floor":45,"gold_loss":0}],"is_beta":false,"boss_relics":[{"not_picked":["Orrery","Runic Dome"],"picked":"Philosopher\u0027s Stone"},{"not_picked":["Runic Pyramid","Black Blood"],"picked":"Fusion Hammer"}],"items_purged_floors":[],"is_endless":false,"potions_floor_spawned":[4,8,16,20,24,29,35,42],"killed_by":"Reptomancer","ascension_level":11}