{"gold_per_floor":[118,138,151,151,151,177,177,197,197,226,236,269,279,279,279,381,381,400,7,107,119,138,168,168,178,204,204,233,233,252,271,271,372,372,385,731,744,310,310,310,339,339,366,120,140,152,187,199,199,199],"floor_reached":50,"playtime":6337,"items_purged":["Strike_B","Strike_B","Defend_B"],"score":614,"play_id":"a430c698-059b-4581-a1db-fafb0117b9b2","local_time":"20190616112203","is_ascension_mode":false,"campfire_choices":[{"data":"Dualcast","floor":7,"key":"SMITH"},{"floor":15,"key":"REST"},{"data":"White Noise","floor":24,"key":"SMITH"},{"data":"All For One","floor":32,"key":"SMITH"},{"data":"Seek","floor":40,"key":"SMITH"},{"data":"Flash of Steel","floor":49,"key":"SMITH"}],"neow_cost":"NONE","seed_source_timestamp":152743019609800,"circlet_count":0,"master_deck":["Strike_B","Strike_B","Defend_B","Defend_B","Zap+1","Dualcast+1","Coolheaded","Conserve Battery","Hologram","Steam","Ball Lightning","Skim","Electrodynamics+1","Self Repair+1","Creative AI+1","Heatsinks+1","Flash of Steel+1","Redo+1","White Noise+1","Streamline+1","Buffer+1","Genetic Algorithm","All For One+1","Steam Power+1","Seek+1","Skim+1","Capacitor+1","Dramatic Entrance+1","Hello World+1","White Noise+1","BootSequence+1","Capacitor+1"],"relics":["Cracked Core","NeowsBlessing","Pantograph","PreservedInsect","Frozen Egg 2","Ginger","Bird Faced Urn","Philosopher\u0027s Stone","Vajra","Torii","Meat on the Bone","Lantern","Bronze Scales","Bag of Marbles","MutagenicStrength","Coffee Dripper","Old Coin","Question Card","Molten Egg 2","Pen Nib","Bottled Flame"],"potions_floor_usage":[16],"damage_taken":[{"damage":0,"enemies":"Small Slimes","floor":1,"turns":1},{"damage":0,"enemies":"Jaw Worm","floor":2,"turns":1},{"damage":0,"enemies":"2 Louse","floor":3,"turns":1},{"damage":23,"enemies":"3 Sentries","floor":6,"turns":11},{"damage":0,"enemies":"Looter","floor":8,"turns":4},{"damage":16,"enemies":"Lagavulin","floor":10,"turns":5},{"damage":4,"enemies":"2 Fungi Beasts","floor":11,"turns":4},{"damage":2,"enemies":"3 Sentries","floor":12,"turns":4},{"damage":3,"enemies":"Large Slime","floor":13,"turns":4},{"damage":58,"enemies":"Hexaghost","floor":16,"turns":11},{"damage":28,"enemies":"2 Thieves","floor":18,"turns":4},{"damage":20,"enemies":"Colosseum Slavers","floor":20,"turns":3},{"damage":0,"enemies":"Colosseum Nobs","floor":20,"turns":2},{"damage":14,"enemies":"Shell Parasite","floor":21,"turns":7},{"damage":28,"enemies":"Shelled Parasite and Fungi","floor":22,"turns":4},{"damage":1,"enemies":"Slavers","floor":23,"turns":2},{"damage":17,"enemies":"Snake Plant","floor":25,"turns":3},{"damage":42,"enemies":"Book of Stabbing","floor":28,"turns":3},{"damage":0,"enemies":"3 Cultists","floor":30,"turns":4},{"damage":12,"enemies":"Chosen and Byrds","floor":31,"turns":4},{"damage":6,"enemies":"Automaton","floor":33,"turns":6},{"damage":0,"enemies":"Orb Walker","floor":35,"turns":2},{"damage":46,"enemies":"2 Orb Walkers","floor":36,"turns":5},{"damage":20,"enemies":"3 Shapes","floor":37,"turns":4},{"damage":11,"enemies":"Reptomancer","floor":41,"turns":3},{"damage":0,"enemies":"3 Darklings","floor":45,"turns":2},{"damage":28,"enemies":"Maw","floor":46,"turns":5},{"damage":0,"enemies":"Giant Head","floor":47,"turns":6},{"damage":10,"enemies":"Sphere and 2 Shapes","floor":48,"turns":3},{"damage":94,"enemies":"Awakened One","floor":50,"turns":5}],"seed_played":"2986435511899783879","potions_obtained":[{"floor":3,"key":"Energy Potion"},{"floor":6,"key":"SneckoOil"},{"floor":10,"key":"AttackPotion"},{"floor":18,"key":"SteroidPotion"},{"floor":23,"key":"Swift Potion"}],"is_trial":false,"path_per_floor":["M","M","M","?","?","E","R","M","T","E","M","E","M","?","R","B",null,"M","$","?","M","M","E","R","M","T","?","E","?","M","M","R","B",null,"M","?","M","$","?","R","E","?","T","$","M","M","E","M","R","B"],"character_chosen":"DEFECT","items_purchased":["Vajra","Heatsinks+1","Flash of Steel","Capacitor+1","Question Card","Dramatic Entrance+1","Hello World+1"],"campfire_rested":1,"item_purchase_floors":[19,19,19,38,38,44,44],"current_hp_per_floor":[75,75,75,68,73,50,50,50,50,34,30,28,27,27,51,32,80,72,72,74,80,66,71,71,76,76,76,42,42,62,72,72,80,80,80,44,58,58,58,58,67,67,67,67,80,74,80,80,80,0],"gold":199,"neow_bonus":"THREE_ENEMY_KILL","is_prod":false,"is_daily":false,"chose_seed":false,"campfire_upgraded":5,"win_rate":0.0,"timestamp":1560698523,"path_taken":["M","M","M","?","?","E","R","M","T","E","M","E","M","?","R","BOSS","M","$","?","M","M","E","R","M","T","?","E","?","M","M","R","BOSS","M","?","M","$","?","R","E","?","T","$","?","M","E","M","R","BOSS"],"build_version":"2019-01-23","purchased_purges":3,"victory":false,"max_hp_per_floor":[75,75,75,75,80,80,80,80,80,80,80,80,80,80,80,80,80,80,80,80,80,80,80,80,80,80,80,80,80,80,80,80,80,80,80,80,80,80,80,80,80,80,80,80,80,80,80,80,80,80],"card_choices":[{"not_picked":["Sweeping Beam","Redo"],"picked":"Coolheaded","floor":1},{"not_picked":["Self Repair","Redo"],"picked":"Conserve Battery","floor":2},{"not_picked":["Go for the Eyes","Defragment"],"picked":"Hologram","floor":3},{"not_picked":["Redo","Ball Lightning"],"picked":"Steam","floor":6},{"not_picked":["Rip and Tear","Coolheaded"],"picked":"Ball Lightning","floor":8},{"not_picked":["Biased Cognition+1","Rip and Tear"],"picked":"Skim","floor":10},{"not_picked":["Fusion","Compile Driver","Leap"],"picked":"SKIP","floor":11},{"not_picked":["Gash","Stack"],"picked":"Electrodynamics+1","floor":12},{"not_picked":["Streamline","Fusion"],"picked":"Self Repair+1","floor":13},{"not_picked":["Amplify","Seek"],"picked":"Creative AI+1","floor":16},{"not_picked":["Leap","Stack","Consume"],"picked":"SKIP","floor":18},{"not_picked":["Chaos+1","Leap"],"picked":"Redo+1","floor":20},{"not_picked":["Conserve Battery","Hologram"],"picked":"White Noise","floor":21},{"not_picked":["Ball Lightning","Compile Driver"],"picked":"Streamline+1","floor":22},{"not_picked":["Compile Driver+1","Gash"],"picked":"Buffer+1","floor":23},{"not_picked":["Reprogram","Tempest+1","Gash+1"],"picked":"SKIP","floor":25},{"not_picked":["Stack+1","Barrage","Hologram"],"picked":"SKIP","floor":28},{"not_picked":["Melter","Compile Driver"],"picked":"All For One","floor":30},{"not_picked":["Hologram+1","Streamline"],"picked":"Steam Power+1","floor":31},{"not_picked":["Thunder Strike","All For One"],"picked":"Seek","floor":33},{"not_picked":["Go for the Eyes+1","Steam"],"picked":"Skim+1","floor":35},{"not_picked":["Leap","Gash","Sweeping Beam"],"picked":"SKIP","floor":37},{"not_picked":["Glacier","Scrape+1","Steam","Tempest+1"],"picked":"SKIP","floor":41},{"not_picked":["Ball Lightning+1","Streamline+1","Multi-Cast"],"picked":"White Noise+1","floor":45},{"not_picked":["Leap","Streamline+1","Fusion+1"],"picked":"BootSequence+1","floor":46},{"not_picked":["Conserve Battery+1","Coolheaded","Doom and Gloom+1"],"picked":"Capacitor+1","floor":47},{"not_picked":["Steam+1","FTL+1","Beam Cell+1","Ball Lightning+1"],"picked":"SKIP","floor":48}],"player_experience":53481,"relics_obtained":[{"floor":6,"key":"PreservedInsect"},{"floor":9,"key":"Frozen Egg 2"},{"floor":10,"key":"Ginger"},{"floor":12,"key":"Bird Faced Urn"},{"floor":20,"key":"Torii"},{"floor":20,"key":"Meat on the Bone"},{"floor":23,"key":"Lantern"},{"floor":26,"key":"Bronze Scales"},{"floor":28,"key":"Bag of Marbles"},{"floor":36,"key":"Old Coin"},{"floor":41,"key":"Molten Egg 2"},{"floor":43,"key":"Pen Nib"},{"floor":47,"key":"Bottled Flame"}],"event_choices":[{"damage_healed":0,"gold_gain":0,"player_choice":"Success","damage_taken":7,"relics_obtained":["Pantograph"],"max_hp_gain":0,"max_hp_loss":0,"event_name":"Scrap Ooze","floor":4,"gold_loss":0},{"damage_healed":0,"gold_gain":0,"player_choice":"Donut","damage_taken":0,"max_hp_gain":5,"max_hp_loss":0,"event_name":"Big Fish","floor":5,"gold_loss":0},{"damage_healed":0,"gold_gain":0,"player_choice":"Grow","damage_taken":0,"max_hp_gain":0,"max_hp_loss":0,"event_name":"Living Wall","floor":14,"gold_loss":0,"cards_upgraded":["Zap"]},{"damage_healed":0,"gold_gain":0,"player_choice":"Fight","damage_taken":0,"max_hp_gain":0,"max_hp_loss":0,"event_name":"Colosseum","floor":20,"gold_loss":0},{"damage_healed":0,"gold_gain":0,"player_choice":"Fought Nobs","damage_taken":0,"max_hp_gain":0,"max_hp_loss":0,"event_name":"Colosseum","floor":20,"gold_loss":0},{"damage_healed":0,"gold_gain":0,"player_choice":"Read","damage_taken":0,"max_hp_gain":0,"max_hp_loss":0,"event_name":"The Library","floor":27,"gold_loss":0,"cards_obtained":["Genetic Algorithm"]},{"damage_healed":0,"gold_gain":0,"player_choice":"Inject Mutagens","damage_taken":0,"relics_obtained":["MutagenicStrength"],"max_hp_gain":0,"max_hp_loss":0,"event_name":"Drug Dealer","floor":29,"gold_loss":0},{"damage_healed":0,"gold_gain":0,"player_choice":"Fight","damage_taken":0,"max_hp_gain":0,"max_hp_loss":0,"event_name":"Mysterious Sphere","floor":36,"gold_loss":0},{"cards_removed":["Defend_B"],"damage_healed":0,"gold_gain":0,"player_choice":"Removed Skill","damage_taken":0,"max_hp_gain":0,"max_hp_loss":0,"event_name":"Falling","floor":39,"gold_loss":0},{"damage_healed":0,"gold_gain":0,"player_choice":"Relic","damage_taken":0,"max_hp_gain":0,"max_hp_loss":0,"event_name":"Wheel of Change","floor":42,"gold_loss":0}],"is_beta":false,"boss_relics":[{"not_picked":["Ectoplasm","Busted Crown"],"picked":"Philosopher\u0027s Stone"},{"not_picked":["Runic Dome","Lizard Tail"],"picked":"Coffee Dripper"}],"items_purged_floors":[19,38,44],"is_endless":false,"potions_floor_spawned":[3,6,10,11,18,20,23,28,33,37,41,45,47],"killed_by":"Awakened One","ascension_level":0}