{"gold_per_floor":[213,138,138,156,166,197,211,211,211,237,254,272,272,334,334,437,487,497,517,517,517],"floor_reached":21,"playtime":1413,"items_purged":[],"score":201,"play_id":"45769662-c297-483d-be9b-de7e46cd85b0","local_time":"20190402195357","is_ascension_mode":true,"campfire_choices":[{"data":"Spot Weakness","floor":8.0,"key":"SMITH"},{"floor":15,"key":"REST"}],"neow_cost":"NONE","seed_source_timestamp":0,"circlet_count":0,"master_deck":["Strike_R","Strike_R","Strike_R","Strike_R","Strike_R","Defend_R","Defend_R","Defend_R+1","Defend_R","Bash","Spot Weakness+1","Iron Wave","Armaments","Cleave","Pommel Strike","Heavy Blade","Inflame"],"special_seed":0,"relics":["Burning Blood","Bag of Marbles","Anchor","Darkstone Periapt","The Courier","Tiny House"],"potions_floor_usage":[16,16,16,21],"damage_taken":[{"damage":6.0,"enemies":"Cultist","floor":1.0,"turns":3.0},{"damage":4.0,"enemies":"2 Louse","floor":4.0,"turns":3.0},{"damage":6.0,"enemies":"Jaw Worm","floor":5.0,"turns":3.0},{"damage":34.0,"enemies":"3 Sentries","floor":6.0,"turns":9.0},{"damage":10.0,"enemies":"Looter","floor":7.0,"turns":3.0},{"damage":31.0,"enemies":"Lagavulin","floor":10.0,"turns":5.0},{"damage":3.0,"enemies":"Lots of Slimes","floor":11.0,"turns":4.0},{"damage":0.0,"enemies":"2 Fungi Beasts","floor":12.0,"turns":2.0},{"damage":28.0,"enemies":"Lagavulin Event","floor":14.0,"turns":5.0},{"damage":29,"enemies":"Hexaghost","floor":16,"turns":8},{"damage":37,"enemies":"2 Thieves","floor":18,"turns":4},{"damage":16,"enemies":"Shell Parasite","floor":19,"turns":9},{"damage":42,"enemies":"3 Cultists","floor":21,"turns":4}],"seed_played":"-471770576615322786","potions_obtained":[{"floor":1.0,"key":"FearPotion"},{"floor":4.0,"key":"EssenceOfSteel"},{"floor":10.0,"key":"SkillPotion"},{"floor":16,"key":"SkillPotion"},{"floor":17,"key":"FearPotion"},{"floor":18,"key":"FearPotion"}],"is_trial":false,"path_per_floor":["M","$","?","M","M","E","M","R","T","E","M","M","?","?","R","B",null,"M","M","?","M"],"character_chosen":"IRONCLAD","items_purchased":["Spot Weakness"],"campfire_rested":1,"item_purchase_floors":[2],"current_hp_per_floor":[80,80,80,80,80,52,48,48,48,23,26,32,32,10,34,11,85,54,44,36,0],"gold":517,"neow_bonus":"HUNDRED_GOLD","is_prod":false,"is_daily":false,"chose_seed":false,"campfire_upgraded":1,"win_rate":0,"timestamp":1554195237,"path_taken":["M","$","?","M","M","E","M","R","T","E","M","?","?","?","R","BOSS","M","M","?","?"],"build_version":"2019-01-23","purchased_purges":0,"victory":false,"max_hp_per_floor":[80,80,80,80,80,80,80,80,80,80,80,80,80,80,80,80,85,85,85,85,85],"card_choices":[{"not_picked":["Disarm","Heavy Blade","Hemokinesis"],"picked":"SKIP","floor":1.0},{"not_picked":["Perfected Strike","Intimidate"],"picked":"Iron Wave","floor":4.0},{"not_picked":["True Grit","Evolve"],"picked":"Armaments","floor":5.0},{"not_picked":["Sword Boomerang","Sentinel","Brutality"],"picked":"SKIP","floor":6.0},{"not_picked":["Perfected Strike","Clash","Iron Wave"],"picked":"SKIP","floor":7.0},{"not_picked":["Twin Strike","Burning Pact","Hemokinesis"],"picked":"SKIP","floor":10.0},{"not_picked":["Iron Wave","Headbutt"],"picked":"Cleave","floor":11.0},{"not_picked":["True Grit","Rupture"],"picked":"Pommel Strike","floor":12.0},{"not_picked":["Anger","Cleave"],"picked":"Heavy Blade","floor":14.0},{"not_picked":["Body Slam","True Grit"],"picked":"Inflame","floor":17},{"not_picked":["Body Slam+1","True Grit","Havoc+1"],"picked":"SKIP","floor":18},{"not_picked":["Body Slam","Thunderclap","Hemokinesis"],"picked":"SKIP","floor":19}],"player_experience":302065,"relics_obtained":[{"floor":6.0,"key":"Bag of Marbles"},{"floor":9.0,"key":"Anchor"},{"floor":10.0,"key":"Darkstone Periapt"},{"floor":14.0,"key":"The Courier"}],"event_choices":[{"damage_healed":0.0,"max_hp_gain":0.0,"max_hp_loss":0.0,"gold_gain":0.0,"event_name":"NoteForYourself","player_choice":"Ignored","floor":3.0,"gold_loss":0.0,"damage_taken":0.0},{"damage_healed":0.0,"max_hp_gain":0.0,"max_hp_loss":0.0,"gold_gain":0.0,"event_name":"Golden Wing","player_choice":"Ignored","floor":13.0,"gold_loss":0.0,"damage_taken":0.0},{"damage_healed":0.0,"max_hp_gain":0.0,"max_hp_loss":0.0,"gold_gain":0.0,"event_name":"Dead Adventurer","player_choice":"Searched \u00271\u0027 times","floor":14.0,"gold_loss":0.0,"damage_taken":0.0},{"damage_healed":0,"gold_gain":0,"player_choice":"","damage_taken":8,"max_hp_gain":0,"max_hp_loss":0,"event_name":"Knowing Skull","floor":20,"potions_obtained":[],"gold_loss":0,"cards_obtained":[]}],"is_beta":false,"boss_relics":[{"not_picked":["Lizard Tail","Ectoplasm"],"picked":"Tiny House"}],"items_purged_floors":[],"is_endless":false,"potions_floor_spawned":[1,4,10,16,18],"killed_by":"3 Cultists","ascension_level":1}