{"gold_per_floor":[112,187,197,215,233,264,264,298,298,325,349,369,386,402,402,402],"floor_reached":16,"playtime":1077,"items_purged":[],"score":130,"play_id":"d84031dd-ff88-448e-97bc-4124b504dcd9","local_time":"20190526010539","is_ascension_mode":true,"campfire_choices":[{"floor":7,"key":"REST"},{"floor":15,"key":"REST"}],"neow_cost":"NONE","seed_source_timestamp":761077022851571,"circlet_count":0,"master_deck":["Defend_G","Defend_G","Defend_G","Defend_G","Defend_G","Strike_G","Strike_G","Strike_G","Strike_G","Strike_G","Survivor","Neutralize","Blur","Slice","Endless Agony","Noxious Fumes","Predator","Night Terror","Escape Plan","Storm of Steel","Dagger Spray"],"relics":["Ring of the Snake","Centennial Puzzle","Mercury Hourglass","Dodecahedron","Dream Catcher","Pen Nib"],"potions_floor_usage":[8,10,13,16],"damage_taken":[{"damage":2,"enemies":"2 Louse","floor":1,"turns":3},{"damage":3,"enemies":"Jaw Worm","floor":3,"turns":4},{"damage":0,"enemies":"Small Slimes","floor":4,"turns":4},{"damage":1,"enemies":"3 Louse","floor":5,"turns":4},{"damage":26,"enemies":"3 Sentries","floor":6,"turns":16},{"damage":22,"enemies":"Gremlin Nob","floor":8,"turns":5},{"damage":24,"enemies":"Lagavulin","floor":10,"turns":7},{"damage":0,"enemies":"Exordium Wildlife","floor":12,"turns":3},{"damage":10,"enemies":"Gremlin Gang","floor":13,"turns":4},{"damage":0,"enemies":"3 Louse","floor":14,"turns":2},{"damage":36,"enemies":"Slime Boss","floor":16,"turns":5}],"seed_played":"9140696348206702275","potions_obtained":[{"floor":3,"key":"GhostInAJar"},{"floor":5,"key":"SkillPotion"},{"floor":6,"key":"LiquidBronze"},{"floor":12,"key":"Weak Potion"},{"floor":13,"key":"Poison Potion"}],"is_trial":false,"path_per_floor":["M","?","M","M","M","E","R","E","T","E","T","M","M","M","R","B"],"character_chosen":"THE_SILENT","items_purchased":[],"campfire_rested":2,"item_purchase_floors":[],"current_hp_per_floor":[75,64,61,61,60,34,57,35,35,11,11,11,1,1,24,0],"gold":402,"neow_bonus":"TEN_PERCENT_HP_BONUS","is_prod":false,"is_daily":false,"chose_seed":false,"campfire_upgraded":0,"win_rate":0,"timestamp":1558847139,"path_taken":["M","?","M","M","M","E","R","E","T","E","?","M","M","M","R","BOSS"],"build_version":"2019-01-23","purchased_purges":0,"victory":false,"max_hp_per_floor":[77,77,77,77,77,77,77,77,77,77,77,77,77,77,77,77],"card_choices":[{"not_picked":["Backflip","Dagger Throw"],"picked":"Blur","floor":1},{"not_picked":["Escape Plan","Blade Dance","Prepared"],"picked":"SKIP","floor":3},{"not_picked":["Blade Dance","Infinite Blades"],"picked":"Slice","floor":4},{"not_picked":["Blade Dance","Choke"],"picked":"Endless Agony","floor":5},{"not_picked":["Slice","Terror"],"picked":"Noxious Fumes","floor":6},{"not_picked":["Endless Agony","Masterful Stab","Prepared"],"picked":"SKIP","floor":8},{"not_picked":["Acrobatics","Underhanded Strike"],"picked":"Predator","floor":10},{"not_picked":["Leg Sweep","Caltrops"],"picked":"Night Terror","floor":12},{"not_picked":["Outmaneuver","Dagger Throw"],"picked":"Escape Plan","floor":13},{"not_picked":["Quick Slash","Dagger Throw"],"picked":"Storm of Steel","floor":14},{"not_picked":["Endless Agony","Outmaneuver"],"picked":"Dagger Spray","floor":15}],"player_experience":255952,"relics_obtained":[{"floor":6,"key":"Centennial Puzzle"},{"floor":8,"key":"Mercury Hourglass"},{"floor":9,"key":"Dodecahedron"},{"floor":10,"key":"Dream Catcher"},{"floor":11,"key":"Pen Nib"}],"event_choices":[{"damage_healed":0,"gold_gain":75,"player_choice":"Gather Gold","damage_taken":11,"max_hp_gain":0,"max_hp_loss":0,"event_name":"World of Goop","floor":2,"gold_loss":0}],"is_beta":false,"boss_relics":[],"items_purged_floors":[],"is_endless":false,"potions_floor_spawned":[3,5,6,12,13],"killed_by":"Slime Boss","ascension_level":1}