{"gold_per_floor":[117,180,180,105,117,117,37,62,62,82,99,129,140,140,140,245,245,265,184,204,204,216,216],"floor_reached":23,"playtime":1321,"items_purged":["Regret"],"score":241,"play_id":"d33e70ad-6392-46f2-8167-0ccb7d85a637","local_time":"20190609094628","is_ascension_mode":true,"campfire_choices":[{"data":"Iron Wave","floor":6,"key":"SMITH"},{"floor":15,"key":"RECALL"}],"neow_cost":"NONE","seed_source_timestamp":1864546333964895,"circlet_count":0,"master_deck":["Strike_R","Strike_R","Strike_R","Defend_R","Defend_R","Defend_R","Bash+1","Iron Wave+1","Blood for Blood+1","Uppercut+1","Twin Strike+1","Twin Strike+1","Iron Wave+1","Rampage+1","Evolve+1","Bludgeon+1","Entrench+1","Feel No Pain+1","Dark Embrace+1","Sword Boomerang+1","Pommel Strike+1","Inflame","Shrug It Off"],"relics":["Burning Blood","Molten Egg 2","Boot","Bag of Preparation","Astrolabe"],"potions_floor_usage":[12,12,18,22,23],"damage_taken":[{"damage":7,"enemies":"Jaw Worm","floor":1,"turns":3},{"damage":4,"enemies":"2 Louse","floor":5,"turns":2},{"damage":23,"enemies":"Lagavulin","floor":8,"turns":6},{"damage":0,"enemies":"Cultist","floor":10,"turns":3},{"damage":8,"enemies":"3 Louse","floor":11,"turns":3},{"damage":3,"enemies":"3 Sentries","floor":12,"turns":4},{"damage":15,"enemies":"Gremlin Gang","floor":13,"turns":4},{"damage":57,"enemies":"Hexaghost","floor":16,"turns":8},{"damage":16,"enemies":"Spheric Guardian","floor":18,"turns":6},{"damage":25,"enemies":"Shell Parasite","floor":20,"turns":4},{"damage":24,"enemies":"Snake Plant","floor":22,"turns":2},{"damage":36,"enemies":"Book of Stabbing","floor":23,"turns":4}],"seed_played":"-7009358876115285618","potions_obtained":[{"floor":1,"key":"Explosive Potion"},{"floor":8,"key":"Block Potion"},{"floor":10,"key":"Block Potion"},{"floor":12,"key":"SpeedPotion"},{"floor":18,"key":"FearPotion"},{"floor":22,"key":"Dexterity Potion"}],"is_trial":false,"path_per_floor":["M","?","?","$","M","R","$","E","T","M","M","E","M","?","R","B",null,"M","$","M","?","M","E"],"character_chosen":"IRONCLAD","items_purchased":["Uppercut+1","Pommel Strike+1","Inflame"],"campfire_rested":0,"item_purchase_floors":[7,19,19],"current_hp_per_floor":[79,79,79,79,80,80,80,63,63,69,67,70,61,61,61,10,80,70,70,51,51,33,0],"gold":216,"neow_bonus":"UPGRADE_CARD","is_prod":false,"is_daily":false,"chose_seed":false,"campfire_upgraded":1,"win_rate":0,"timestamp":1560037588,"path_taken":["M","?","?","?","M","R","$","E","T","M","M","E","?","?","R","BOSS","M","$","?","?","M","E"],"build_version":"2019-01-23","purchased_purges":1,"victory":false,"max_hp_per_floor":[80,80,80,80,80,80,80,80,80,80,80,80,80,80,80,80,80,80,80,80,80,80,80],"card_choices":[{"not_picked":["Clash","Havoc"],"picked":"Iron Wave","floor":1},{"not_picked":["Power Through","Seeing Red"],"picked":"Blood for Blood+1","floor":5},{"not_picked":["Rupture","Blood for Blood+1"],"picked":"Twin Strike+1","floor":8},{"not_picked":["Second Wind","Warcry"],"picked":"Twin Strike+1","floor":10},{"not_picked":["Flex","Body Slam+1"],"picked":"Iron Wave+1","floor":11},{"not_picked":["Feel No Pain","Bloodletting"],"picked":"Rampage+1","floor":12},{"not_picked":["Perfected Strike+1","Anger+1"],"picked":"Evolve","floor":13},{"not_picked":["Brutality","Impervious"],"picked":"Bludgeon+1","floor":16},{"not_picked":["Body Slam+1","Thunderclap+1"],"picked":"Sword Boomerang+1","floor":18},{"not_picked":["Carnage+1","Twin Strike+1","Iron Wave+1"],"picked":"SKIP","floor":20},{"not_picked":["Wild Strike+1","Dual Wield"],"picked":"Shrug It Off","floor":22}],"player_experience":431188,"relics_obtained":[{"floor":8,"key":"Boot"},{"floor":12,"key":"Bag of Preparation"}],"event_choices":[{"damage_healed":0,"gold_gain":63,"player_choice":"Gained Gold","damage_taken":0,"max_hp_gain":0,"max_hp_loss":0,"event_name":"Golden Wing","floor":2,"gold_loss":0},{"damage_healed":0,"gold_gain":0,"player_choice":"Box","damage_taken":0,"relics_obtained":["Molten Egg 2"],"max_hp_gain":0,"max_hp_loss":0,"event_name":"Big Fish","floor":3,"gold_loss":0,"cards_obtained":["Regret"]},{"damage_healed":0,"gold_gain":0,"player_choice":"Forge","damage_taken":0,"max_hp_gain":0,"max_hp_loss":0,"event_name":"Accursed Blacksmith","floor":14,"gold_loss":0,"cards_upgraded":["Evolve"]},{"damage_healed":0,"gold_gain":0,"player_choice":"Ignored","damage_taken":0,"max_hp_gain":0,"max_hp_loss":0,"event_name":"Vampires","floor":21,"gold_loss":0}],"is_beta":false,"boss_relics":[{"not_picked":["Empty Cage","Tiny House"],"picked":"Astrolabe"}],"items_purged_floors":[4],"is_endless":false,"potions_floor_spawned":[1,8,10,12,18,22],"killed_by":"Book of Stabbing","ascension_level":4}