{"gold_per_floor":[110,110,110,110,35,35,79,95,151,166,166,197,197,197,197,197],"floor_reached":16,"playtime":576,"items_purged":["Injury"],"score":151,"play_id":"76343f34-23fa-4ea7-b6fa-7d2cc4ef1d50","local_time":"20190418175526","is_ascension_mode":true,"campfire_choices":[{"data":"Bash","floor":6,"key":"SMITH"},{"floor":15,"key":"REST"}],"neow_cost":"NONE","seed_source_timestamp":686378632083970,"circlet_count":0,"master_deck":["Strike_R","Strike_R","Strike_R","Strike_R","Strike_R","Defend_R","Defend_R","Defend_R","Defend_R","Bash+1","Sword Boomerang","Shrug It Off","Uppercut"],"relics":["Burning Blood","NeowsBlessing","Golden Idol","Art of War","Tiny Chest","WingedGreaves","Bag of Preparation"],"potions_floor_usage":[16,16],"damage_taken":[{"damage":0,"enemies":"Jaw Worm","floor":1,"turns":1},{"damage":0,"enemies":"Gremlin Nob","floor":7,"turns":1},{"damage":0,"enemies":"2 Louse","floor":8,"turns":1},{"damage":5,"enemies":"Small Slimes","floor":10,"turns":4},{"damage":60,"enemies":"3 Sentries","floor":12,"turns":11},{"damage":52,"enemies":"Hexaghost","floor":16,"turns":12}],"seed_played":"6760696478218515456","potions_obtained":[{"floor":1,"key":"Block Potion"},{"floor":10,"key":"Dexterity Potion"},{"floor":12,"key":"Weak Potion"}],"is_trial":false,"path_per_floor":["M","?","?","?","$","R","E","M","T","M","$","E","T","T","R","B"],"character_chosen":"IRONCLAD","items_purchased":[],"campfire_rested":1,"item_purchase_floors":[],"current_hp_per_floor":[80,80,80,80,80,80,80,80,80,80,80,26,26,26,50,0],"gold":197,"neow_bonus":"THREE_ENEMY_KILL","is_prod":false,"is_daily":false,"chose_seed":false,"campfire_upgraded":1,"win_rate":0,"timestamp":1555574126,"path_taken":["M","?","?","?","$","R","E","M","T","M","?","E","?","?","R","BOSS"],"build_version":"2019-01-23","purchased_purges":1,"victory":false,"max_hp_per_floor":[80,80,80,80,80,80,80,80,80,80,80,80,80,80,80,80],"card_choices":[{"not_picked":["Rage","Rampage","Blood for Blood"],"picked":"SKIP","floor":1},{"not_picked":["Twin Strike","Thunderclap"],"picked":"Sword Boomerang","floor":7},{"not_picked":["Sword Boomerang","Body Slam"],"picked":"Shrug It Off","floor":8},{"not_picked":["Headbutt","Power Through"],"picked":"Uppercut","floor":10},{"not_picked":["Seeing Red","Ghostly Armor","Juggernaut"],"picked":"SKIP","floor":12}],"player_experience":327429,"relics_obtained":[{"floor":7,"key":"Art of War"},{"floor":9,"key":"Tiny Chest"},{"floor":12,"key":"WingedGreaves"},{"floor":14,"key":"Bag of Preparation"}],"event_choices":[{"damage_healed":0,"gold_gain":0,"player_choice":"Take Wound","damage_taken":0,"relics_obtained":["Golden Idol"],"max_hp_gain":0,"max_hp_loss":0,"event_name":"Golden Idol","floor":2,"gold_loss":0,"cards_obtained":["Injury"]},{"damage_healed":0,"gold_gain":0,"player_choice":"Ignored","damage_taken":0,"max_hp_gain":0,"max_hp_loss":0,"event_name":"Golden Wing","floor":3,"gold_loss":0},{"damage_healed":0,"gold_gain":0,"player_choice":"Ignored","damage_taken":0,"max_hp_gain":0,"max_hp_loss":0,"event_name":"Shining Light","floor":4,"gold_loss":0}],"is_beta":false,"boss_relics":[],"items_purged_floors":[5],"is_endless":false,"potions_floor_spawned":[1,10,12],"killed_by":"Hexaghost","ascension_level":3}