{"path_per_floor":["M","M","?","?","M","R","M","M","T","?","$","R","M","M","R","B",null,"M","M","?","$","M","R","?","R","T","?","M","R","$","M","R","B",null,"M","T","$","M","$","M","M","R","T","?","R","?","?","M","R"],"character_chosen":"IRONCLAD","items_purchased":["Whirlwind","Headbutt","Bandage Up","Swift Strike"],"gold_per_floor":[109,129,129,379,398,398,418,433,433,433,279,279,293,307,307,406,436,448,463,463,312,327,327,327,327,327,327,337,337,119,139,139,235,235,250,273,123,139,33,45,64,64,64,0,0,0,0,14,14],"floor_reached":50,"campfire_rested":2,"playtime":3930,"current_hp_per_floor":[79,80,80,80,80,80,77,81,81,64,64,64,73,88,88,52,99,87,102,102,102,97,97,97,97,97,81,72,105,105,99,99,19,115,104,104,104,115,115,115,108,108,108,108,108,94,94,89,115],"items_purged":["Regret","Writhe","Defend_R","Strike_R"],"gold":14,"score":434,"play_id":"f586ed90-f17d-401b-9084-c71879d2a547","is_prod":false,"is_daily":false,"is_ascension_mode":false,"campfire_upgraded":8,"path_taken":["M","M","?","?","M","R","?","M","T","?","$","R","M","M","R","BOSS","M","M","?","?","M","R","?","R","T","?","?","R","$","?","R","BOSS","M","?","$","M","$","M","M","R","T","?","R","?","?","M","R","BOSS"],"build_version":"2018-02-08-PROD1","purchased_purges":4,"victory":false,"master_deck":["Strike_R+1","Strike_R","Defend_R","Defend_R","Defend_R","Bash","Flame Barrier+1","Cleave","Flex+1","Feed+1","Anger+1","Heavy Blade+1","Armaments+1","Whirlwind+1","Cleave","Reaper","Shrug It Off","Spot Weakness","Rampage+1","Headbutt","Clash","Bandage Up+1","Barricade","Thunderclap","Wild Strike+1","Swift Strike+1","Madness","Madness"],"max_hp_per_floor":[80,80,80,80,80,80,83,86,86,86,86,86,86,90,90,94,99,103,107,107,107,111,111,111,111,111,111,111,111,111,115,115,115,115,115,115,115,115,115,115,115,115,115,115,115,115,115,115,115],"relics":["Black Blood","Magic Flower","Tiny House","Vajra","Sundial","Nilry\u0027s Codex","Ancient Tea Set","Du-Vu Doll","Red Mask"],"card_choices":[{"not_picked":["Fire Breathing","Pummel"],"picked":"Cleave"},{"not_picked":["Reckless Charge","Demon Form"],"picked":"Flex"},{"not_picked":["Twin Strike","Heavy Blade"],"picked":"Anger"},{"not_picked":["Rage","Inflame"],"picked":"Heavy Blade"},{"not_picked":["Body Slam","Dark Embrace"],"picked":"Armaments"},{"not_picked":["Warcry","Twin Strike"],"picked":"Cleave"},{"not_picked":["Limit Break","Immolate"],"picked":"Reaper"},{"not_picked":["Iron Wave","Whirlwind"],"picked":"Shrug It Off"},{"not_picked":["Sword Boomerang","Perfected Strike"],"picked":"Spot Weakness"},{"not_picked":["Heavy Blade","Perfected Strike"],"picked":"Rampage"},{"not_picked":["Hemokinesis","Twin Strike"],"picked":"Clash"},{"not_picked":["Brutality","Double Tap"],"picked":"Barricade"},{"not_picked":["Sword Boomerang","Twin Strike"],"picked":"Thunderclap"},{"not_picked":["Thunderclap","Cleave"],"picked":"Wild Strike"}],"player_experience":108083,"potions_floor_usage":[16,16,22,22,33,35,50],"damage_taken":[{"damage":7,"enemies":"Small Slimes","floor":1,"turns":6},{"damage":2,"enemies":"Blue Slaver","floor":2,"turns":6},{"damage":3,"enemies":"Cultist","floor":5,"turns":3},{"damage":12,"enemies":"Lots of Slimes","floor":7,"turns":8},{"damage":5,"enemies":"2 Fungi Beasts","floor":8,"turns":3},{"damage":0,"enemies":"3 Louse","floor":13,"turns":1},{"damage":0,"enemies":"Large Slime","floor":14,"turns":5},{"damage":51,"enemies":"The Guardian","floor":16,"turns":14},{"damage":27,"enemies":"Spheric Guardian","floor":18,"turns":5},{"damage":0,"enemies":"3 Byrds","floor":19,"turns":7},{"damage":35,"enemies":"Centurion and Healer","floor":22,"turns":9},{"damage":18,"enemies":"Snake Plant","floor":28,"turns":3},{"damage":32,"enemies":"Cultist and Chosen","floor":31,"turns":8},{"damage":112,"enemies":"Automaton","floor":33,"turns":13},{"damage":57,"enemies":"3 Darklings","floor":35,"turns":6},{"damage":13,"enemies":"Orb Walker","floor":38,"turns":4},{"damage":10,"enemies":"Sphere and 2 Shapes","floor":40,"turns":3},{"damage":56,"enemies":"3 Darklings","floor":41,"turns":4},{"damage":29,"enemies":"4 Shapes","floor":48,"turns":2},{"damage":128,"enemies":"Time Eater","floor":50,"turns":12}],"event_choices":[{"event_name":"Transmorgrifier","player_choice":"Transform","floor":3,"damage_taken":0},{"event_name":"Golden Shrine","player_choice":"Desecrate","floor":4,"damage_taken":0},{"event_name":"Shining Light","player_choice":"Entered Light","floor":10,"damage_taken":0},{"event_name":"The Mausoleum","player_choice":"Yes","floor":20,"damage_taken":0},{"event_name":"Vampires","player_choice":"Ignored","floor":24,"damage_taken":0},{"event_name":"Cursed Tome","player_choice":"Obtained Book","floor":27,"damage_taken":0},{"event_name":"Tomb of Lord Red Mask","player_choice":"Paid","floor":44,"damage_taken":0},{"event_name":"Winding Halls","player_choice":"Embrace Madness","floor":46,"damage_taken":0},{"event_name":"Mysterious Sphere","player_choice":"Ignore","floor":47,"damage_taken":0}],"boss_relics":[{"not_picked":["Eternal Feather","White Beast Statue"],"picked":"Tiny House"},{"not_picked":["Runic Dome","Calling Bell"],"picked":"Black Blood"}],"potions_floor_spawned":[5,7,13,18,28,31,33,38,40],"seed_played":"-589661090047404006","killed_by":"Time Eater","ascension_level":0,"is_trial":false}