{"gold_per_floor":[109,109,109,127,137,137,156,189,189,224,224,55,69,69,69,171,171,186,47,0,0,0,0],"floor_reached":23,"playtime":736,"items_purged":[],"score":261,"play_id":"872284f9-d032-4fd8-a72b-4b782aa402bb","local_time":"20190624195639","is_ascension_mode":true,"campfire_choices":[{"data":"Defragment","floor":6,"key":"SMITH"},{"floor":11,"key":"REST"},{"floor":15,"key":"REST"}],"neow_cost":"NONE","seed_source_timestamp":959230821281366,"circlet_count":0,"master_deck":["Defend_B","Defend_B","Defend_B","Defend_B","Zap","Dualcast","Defragment+1","Beam Cell","Cold Snap","Defragment","Genetic Algorithm","Ball Lightning","Leap","Jack Of All Trades","Capacitor","White Noise","Electrodynamics","Stack+1","Seek","Bite","Bite","Bite","Bite","Bite"],"relics":["Cracked Core","Turnip","Singing Bowl","Kunai","Philosopher\u0027s Stone","Enchiridion"],"potions_floor_usage":[8,23],"damage_taken":[{"damage":7,"enemies":"Jaw Worm","floor":1,"turns":3},{"damage":12,"enemies":"Small Slimes","floor":4,"turns":3},{"damage":3,"enemies":"2 Louse","floor":5,"turns":2},{"damage":20,"enemies":"Exordium Thugs","floor":7,"turns":5},{"damage":20,"enemies":"3 Sentries","floor":8,"turns":7},{"damage":20,"enemies":"Lagavulin","floor":10,"turns":6},{"damage":12,"enemies":"Blue Slaver","floor":13,"turns":4},{"damage":34,"enemies":"Hexaghost","floor":16,"turns":8},{"damage":24,"enemies":"Chosen","floor":18,"turns":5},{"damage":45,"enemies":"Book of Stabbing","floor":23,"turns":4}],"seed_played":"-3382440320328049178","potions_obtained":[{"floor":5,"key":"Regen Potion"},{"floor":13,"key":"SpeedPotion"},{"floor":16,"key":"Poison Potion"}],"is_trial":false,"path_per_floor":["M","?","?","M","M","R","M","E","T","E","R","$","M","?","R","B",null,"M","$","?","?","?","E"],"character_chosen":"DEFECT","items_purchased":["Jack Of All Trades","Capacitor","Seek"],"campfire_rested":2,"item_purchase_floors":[12,12,19],"current_hp_per_floor":[68,68,68,56,53,53,33,28,28,8,30,30,18,43,65,31,75,51,51,51,51,35,0],"gold":0,"neow_bonus":"THREE_CARDS","is_prod":false,"is_daily":false,"chose_seed":false,"campfire_upgraded":1,"win_rate":0,"timestamp":1561370199,"path_taken":["M","?","?","?","M","R","M","E","T","E","R","$","M","?","R","BOSS","M","$","?","?","?","E"],"build_version":"2019-01-23","purchased_purges":0,"victory":false,"max_hp_per_floor":[75,75,75,75,75,75,75,75,75,75,75,75,75,75,75,75,75,75,75,75,52,52,52],"card_choices":[{"not_picked":["Coolheaded","Hologram"],"picked":"Defragment","floor":0},{"not_picked":["Glacier","Coolheaded"],"picked":"Beam Cell","floor":1},{"not_picked":["Conserve Battery","Beam Cell"],"picked":"Cold Snap","floor":4},{"not_picked":["Go for the Eyes","Coolheaded"],"picked":"Defragment","floor":5},{"not_picked":["Hello World","Force Field"],"picked":"Genetic Algorithm","floor":7},{"not_picked":["Hologram","Amplify"],"picked":"Ball Lightning","floor":8},{"not_picked":["Hello World","Gash"],"picked":"Leap","floor":10},{"not_picked":["Turbo","Redo"],"picked":"White Noise","floor":13},{"not_picked":["Core Surge","All For One"],"picked":"Electrodynamics","floor":16},{"not_picked":["Hologram","Beam Cell"],"picked":"Stack+1","floor":18}],"player_experience":506909,"relics_obtained":[{"floor":8,"key":"Turnip"},{"floor":9,"key":"Singing Bowl"},{"floor":10,"key":"Kunai"},{"floor":22,"key":"Enchiridion"}],"event_choices":[{"damage_healed":0,"gold_gain":0,"player_choice":"Ignored","damage_taken":0,"max_hp_gain":0,"max_hp_loss":0,"event_name":"Shining Light","floor":2,"gold_loss":0},{"damage_healed":0,"gold_gain":0,"player_choice":"Ignored","damage_taken":0,"max_hp_gain":0,"max_hp_loss":0,"event_name":"Liars Game","floor":3,"gold_loss":0},{"damage_healed":25,"gold_gain":0,"player_choice":"Banana","damage_taken":0,"max_hp_gain":0,"max_hp_loss":0,"event_name":"Big Fish","floor":14,"gold_loss":0},{"damage_healed":0,"gold_gain":0,"player_choice":"Paid Fearfully","damage_taken":0,"max_hp_gain":0,"max_hp_loss":0,"event_name":"Masked Bandits","floor":20,"gold_loss":47},{"damage_healed":0,"gold_gain":0,"player_choice":"Became a vampire","damage_taken":0,"max_hp_gain":0,"max_hp_loss":23,"event_name":"Vampires","floor":21,"gold_loss":0,"cards_obtained":["Bite","Bite","Bite","Bite","Bite"]},{"damage_healed":0,"gold_gain":0,"player_choice":"Obtained Book","damage_taken":16,"max_hp_gain":0,"max_hp_loss":0,"event_name":"Cursed Tome","floor":22,"gold_loss":0}],"is_beta":false,"boss_relics":[{"not_picked":["Lizard Tail","Runic Pyramid"],"picked":"Philosopher\u0027s Stone"}],"items_purged_floors":[],"is_endless":false,"potions_floor_spawned":[5,13,16],"killed_by":"Book of Stabbing","ascension_level":4}