{"gold_per_floor":[109,123,123,135,95,95,127,127,207,207,207,207,242,255,255,332,332,332,332,16,16,16,16,16,16,16,16,16,16,16],"floor_reached":30,"playtime":1000,"items_purged":["Strike_B"],"score":616,"play_id":"02656106-8794-4eb3-ac04-e9e42ae60acf","local_time":"20190623015335","is_ascension_mode":true,"campfire_choices":[{"data":"Defragment","floor":6,"key":"SMITH"},{"data":"Loop","floor":8,"key":"SMITH"},{"data":"Reinforced Body","floor":10,"key":"SMITH"},{"floor":12,"key":"REST"},{"data":"Blizzard","floor":15,"key":"SMITH"},{"data":"Defragment","floor":23,"key":"SMITH"},{"floor":25,"key":"REST"}],"neow_cost":"NONE","seed_source_timestamp":68433250728900,"circlet_count":0,"master_deck":["AscendersBane","Strike_B+1","Strike_B+1","Defend_B","Defend_B+1","Defend_B","Zap","Dualcast+1","Coolheaded","Loop+1","Defragment+1","Reinforced Body+1","Genetic Algorithm","Blizzard+1","Electrodynamics","Coolheaded","FTL","Defragment+1","Coolheaded","Gash","Barrage+1"],"relics":["Cracked Core","Whetstone","War Paint","Pantograph","Dead Branch","Ectoplasm","Anchor","Molten Egg 2","Pen Nib"],"potions_floor_usage":[13,16,16,21,29,30],"damage_taken":[{"damage":1,"enemies":"2 Louse","floor":1,"turns":3},{"damage":1,"enemies":"Cultist","floor":2,"turns":3},{"damage":6,"enemies":"Small Slimes","floor":4,"turns":4},{"damage":20,"enemies":"3 Sentries","floor":7,"turns":10},{"damage":11,"enemies":"Gremlin Nob","floor":13,"turns":3},{"damage":3,"enemies":"Blue Slaver","floor":14,"turns":3},{"damage":0,"enemies":"Slime Boss","floor":16,"turns":6},{"damage":19,"enemies":"Chosen","floor":18,"turns":4},{"damage":15,"enemies":"Shell Parasite","floor":19,"turns":5},{"damage":4,"enemies":"3 Cultists","floor":21,"turns":3},{"damage":0,"enemies":"Centurion and Healer","floor":22,"turns":6},{"damage":8,"enemies":"Cultist and Chosen","floor":28,"turns":5},{"damage":37,"enemies":"Gremlin Leader","floor":29,"turns":7},{"damage":20,"enemies":"Snake Plant","floor":30,"turns":2}],"seed_played":"4897408435419213546","potions_obtained":[{"floor":1,"key":"GamblersBrew"},{"floor":7,"key":"SkillPotion"},{"floor":13,"key":"AttackPotion"},{"floor":16,"key":"Swift Potion"},{"floor":19,"key":"Dexterity Potion"},{"floor":29,"key":"Regen Potion"}],"is_trial":false,"path_per_floor":["M","M","$","M","$","R","E","R","T","R","?","R","E","M","R","B",null,"M","M","$","M","M","R","?","R","T","?","M","E","M"],"character_chosen":"DEFECT","items_purchased":["Defragment","Anchor","Defragment"],"campfire_rested":2,"item_purchase_floors":[5,20,20],"current_hp_per_floor":[63,62,62,56,56,56,36,36,36,36,36,57,46,43,43,68,70,51,36,36,32,32,32,32,53,53,53,45,8,0],"gold":16,"neow_bonus":"RANDOM_COMMON_RELIC","is_prod":false,"is_daily":false,"chose_seed":false,"campfire_upgraded":5,"win_rate":0,"timestamp":1561226015,"path_taken":["M","M","$","M","$","R","E","R","T","R","?","R","E","M","R","BOSS","M","M","$","M","?","R","?","R","T","?","M","E","M"],"build_version":"2019-01-23","purchased_purges":1,"victory":false,"max_hp_per_floor":[71,71,71,71,71,71,71,71,71,71,71,71,71,71,71,71,71,71,71,71,71,71,71,71,71,71,71,71,71,71],"card_choices":[{"not_picked":["Capacitor","Stack"],"picked":"Coolheaded","floor":1},{"not_picked":["Streamline","Rebound","Reprogram"],"picked":"SKIP","floor":2},{"not_picked":["Doom and Gloom","Turbo"],"picked":"Loop","floor":4},{"not_picked":["Conserve Battery","Skim"],"picked":"Reinforced Body","floor":7},{"not_picked":["Skim","Barrage"],"picked":"Genetic Algorithm","floor":13},{"not_picked":["Capacitor","Beam Cell"],"picked":"Blizzard","floor":14},{"not_picked":["Core Surge","Buffer"],"picked":"Electrodynamics","floor":16},{"not_picked":["Hologram","Redo"],"picked":"Coolheaded","floor":18},{"not_picked":["Redo","Tempest"],"picked":"FTL","floor":19},{"not_picked":["Turbo","Go for the Eyes"],"picked":"Coolheaded","floor":21},{"not_picked":["Rip and Tear","Meteor Strike"],"picked":"Gash","floor":22},{"not_picked":["Compile Driver+1","Conserve Battery"],"picked":"Barrage+1","floor":28},{"not_picked":["Conserve Battery","Reprogram+1","Steam"],"picked":"SKIP","floor":29}],"player_experience":725503,"relics_obtained":[{"floor":7,"key":"War Paint"},{"floor":9,"key":"Pantograph"},{"floor":13,"key":"Dead Branch"},{"floor":26,"key":"Molten Egg 2"},{"floor":29,"key":"Pen Nib"}],"event_choices":[{"cards_removed":["Defend_B"],"damage_healed":0,"gold_gain":0,"player_choice":"Purged","damage_taken":0,"max_hp_gain":0,"max_hp_loss":0,"event_name":"Purifier","floor":11,"gold_loss":0},{"cards_removed":["Strike_B"],"damage_healed":0,"gold_gain":0,"player_choice":"Elegance","damage_taken":0,"max_hp_gain":0,"max_hp_loss":0,"event_name":"Back to Basics","floor":24,"gold_loss":0},{"damage_healed":0,"gold_gain":0,"player_choice":"Ignored","damage_taken":0,"max_hp_gain":0,"max_hp_loss":0,"event_name":"Ghosts","floor":27,"gold_loss":0}],"is_beta":false,"boss_relics":[{"not_picked":["Nuclear Battery","Coffee Dripper"],"picked":"Ectoplasm"}],"items_purged_floors":[20],"is_endless":false,"potions_floor_spawned":[1,7,13,16,19,29],"killed_by":"Snake Plant","ascension_level":20}