{"path_per_floor":["M","M","M","M","M","E","?","M","T","R","?","M","$","M","R"],"character_chosen":"IRONCLAD","items_purchased":["Headbutt","Reaper","Spot Weakness"],"gold_per_floor":[113,132,150,164,176,202,202,215,245,245,420,434,119,142,142],"floor_reached":16,"campfire_rested":2,"playtime":1537,"current_hp_per_floor":[82,81,80,72,69,38,38,23,23,49,49,39,39,47,73],"items_purged":["Strike_R"],"gold":142,"play_id":"cb4af898-47ee-4d16-8e97-27cf9b32ff3c","is_prod":false,"is_daily":false,"is_ascension_mode":false,"campfire_upgraded":0,"path_taken":["M","M","M","M","M","E","?","M","T","R","?","M","$","M","R","BOSS"],"build_version":"2018-02-01-PROD3","purchased_purges":1,"victory":false,"master_deck":["Strike_R","Strike_R","Strike_R","Strike_R","Defend_R","Defend_R","Defend_R","Defend_R","Bash","Reckless Charge","Second Wind","Cleave","Shockwave","Pommel Strike","Shrug It Off","Injury","Uppercut","Doubt","Battle Trance","Headbutt","Reaper","Spot Weakness"],"max_hp_per_floor":[88,88,88,88,88,88,88,88,88,88,88,88,88,88,88],"relics":["Burning Blood","Lantern","Golden Idol","Tiny Chest"],"card_choices":[{"not_picked":["Seeing Red","Perfected Strike"],"picked":"Reckless Charge"},{"not_picked":["Seeing Red","Hemokinesis"],"picked":"Second Wind"},{"not_picked":["Corruption","Sword Boomerang"],"picked":"Cleave"},{"not_picked":["Sword Boomerang","Clash"],"picked":"Shockwave"},{"not_picked":["Inflame","Flex"],"picked":"Pommel Strike"},{"not_picked":["Iron Wave","Second Wind"],"picked":"Shrug It Off"},{"not_picked":["Shockwave","Thunderclap"],"picked":"Uppercut"},{"not_picked":["Thunderclap","Body Slam"],"picked":"Battle Trance"}],"player_experience":38730,"potions_floor_usage":[2,16,16,16],"damage_taken":[{"damage":12,"enemies":"Jaw Worm","floor":1,"turns":8},{"damage":7,"enemies":"2 Louse","floor":2,"turns":3},{"damage":7,"enemies":"Small Slimes","floor":3,"turns":3},{"damage":14,"enemies":"2 Fungi Beasts","floor":4,"turns":4},{"damage":9,"enemies":"Large Slime","floor":5,"turns":6},{"damage":37,"enemies":"Lagavulin","floor":6,"turns":6},{"damage":21,"enemies":"Exordium Wildlife","floor":8,"turns":4},{"damage":16,"enemies":"Gremlin Gang","floor":12,"turns":6},{"damage":8,"enemies":"Large Slime","floor":14,"turns":6},{"damage":80,"enemies":"Hexaghost","floor":16,"turns":12}],"event_choices":[{"event_name":"Golden Idol","player_choice":"Take Wound","floor":7,"damage_taken":0},{"event_name":"Liars Game","player_choice":"agreed","floor":11,"damage_taken":0}],"boss_relics":[],"potions_floor_spawned":[1,4,6,8,12],"seed_played":"5168976149864339568","killed_by":"Hexaghost","ascension_level":0,"is_trial":false}