{"path_per_floor":["M","M","?","$","M","M","?","?","T","$","E","M","M","M","R","B",null,"M","?","M","M","$","R","M"],"character_chosen":"THE_SILENT","items_purchased":["Poisoned Stab","Deadly Poison","Slice","Dodge and Roll","Bandage Up","Crippling Poison","Quick Slash"],"gold_per_floor":[115,125,75,22,34,45,145,145,168,47,81,101,117,137,137,234,234,253,253,264,276,53,53,71],"floor_reached":25,"campfire_rested":2,"playtime":2311,"current_hp_per_floor":[61,61,61,61,59,49,49,49,49,49,42,29,27,21,42,19,70,57,57,47,23,23,44,17],"items_purged":["Doubt"],"gold":71,"play_id":"a2abf9d5-7b16-4498-9dd1-eb58d7bc35aa","is_prod":false,"is_daily":false,"is_ascension_mode":false,"campfire_upgraded":0,"path_taken":["M","M","?","$","M","M","?","?","T","$","E","?","M","M","R","BOSS","M","?","M","M","$","R","M","E"],"build_version":"2018-02-01-PROD3","purchased_purges":1,"victory":false,"master_deck":["Defend_G","Defend_G","Defend_G","Defend_G","Defend_G","Strike_G","Strike_G","Strike_G","Survivor","Neutralize","Prepared","Dagger Throw","Crippling Poison","Poisoned Stab","Slice","Bouncing Flask","Deadly Poison","Slice","Dodge and Roll","Poisoned Stab","Poisoned Stab","Quick Slash","Dagger Spray","Tactician","Doubt","Regret","Bane","Slice","Backflip","Bandage Up","Crippling Poison","Quick Slash","Deadly Poison","Burst"],"max_hp_per_floor":[70,70,70,70,70,70,70,70,70,70,70,70,70,70,70,70,70,70,70,70,70,70,70,70],"relics":["Ring of the Snake","Snake Skull","Smiling Mask","Calling Bell","Blood Vial","Dream Catcher","Vajra"],"card_choices":[{"not_picked":["Choke","Crippling Poison"],"picked":"Prepared"},{"not_picked":["Predator","Backflip"],"picked":"Dagger Throw"},{"not_picked":["Wraith Form","Malaise"],"picked":"Crippling Poison"},{"not_picked":["Masterful Stab","Dagger Throw"],"picked":"Slice"},{"not_picked":["Outmaneuver","Slice"],"picked":"Bouncing Flask"},{"not_picked":["Backflip","Deflect"],"picked":"Poisoned Stab"},{"not_picked":["Riddle With Holes","Dagger Throw"],"picked":"Poisoned Stab"},{"not_picked":["Distraction","PiercingWail"],"picked":"Quick Slash"},{"not_picked":["Outmaneuver","Finisher"],"picked":"Dagger Spray"},{"not_picked":["Wraith Form","Phantasmal Killer"],"picked":"Tactician"},{"not_picked":["Choke","Slice"],"picked":"Bane"},{"not_picked":["Prepared","Underhanded Strike"],"picked":"Slice"},{"not_picked":["Sucker Punch","Dagger Spray"],"picked":"Backflip"},{"not_picked":["Dagger Throw","Footwork"],"picked":"Deadly Poison"},{"not_picked":["All Out Attack","Riddle With Holes"],"picked":"Burst"}],"player_experience":40267,"potions_floor_usage":[11,16,24,25,25],"damage_taken":[{"damage":9,"enemies":"Jaw Worm","floor":1,"turns":6},{"damage":0,"enemies":"Small Slimes","floor":2,"turns":5},{"damage":2,"enemies":"2 Louse","floor":5,"turns":2},{"damage":10,"enemies":"2 Fungi Beasts","floor":6,"turns":5},{"damage":22,"enemies":"3 Sentries","floor":11,"turns":10},{"damage":13,"enemies":"Gremlin Gang","floor":12,"turns":6},{"damage":2,"enemies":"Looter","floor":13,"turns":3},{"damage":6,"enemies":"Exordium Thugs","floor":14,"turns":4},{"damage":23,"enemies":"Hexaghost","floor":16,"turns":7},{"damage":13,"enemies":"Shell Parasite","floor":18,"turns":5},{"damage":12,"enemies":"3 Byrds","floor":20,"turns":4},{"damage":26,"enemies":"Snake Plant","floor":21,"turns":4},{"damage":33,"enemies":"Centurion and Healer","floor":24,"turns":7},{"damage":24,"enemies":"Gremlin Leader","floor":25,"turns":3}],"event_choices":[{"event_name":"The Cleric","player_choice":"Card Removal","floor":3,"damage_taken":0},{"event_name":"Wheel of Change","player_choice":"Gold","floor":7,"damage_taken":0},{"event_name":"Bonfire Elementals","player_choice":"BASIC","floor":8,"damage_taken":0},{"event_name":"Vampires","player_choice":"Ignored","floor":19,"damage_taken":0}],"boss_relics":[{"not_picked":["Runic Dome","Snecko Eye"],"picked":"Calling Bell"}],"potions_floor_spawned":[1,5,6,11,14,21],"seed_played":"1834784598691996808","killed_by":"Gremlin Leader","ascension_level":0,"is_trial":false}