{"path_per_floor":["M","?","$","M","M","R","?","R","T","$","M","?","?","$","R","B",null,"M","M","$","M","?","R","?","R","T","E","M"],"character_chosen":"THE_SILENT","items_purchased":["Flying Knee","Cloak And Dagger","Slice","Quick Slash","Riddle With Holes","Bandage Up"],"gold_per_floor":[215,165,14,33,46,46,46,46,70,18,42,42,292,18,18,138,138,157,170,45,64,64,64,64,64,89,153,176],"floor_reached":29,"campfire_rested":0,"playtime":2124,"current_hp_per_floor":[70,70,70,70,70,70,70,70,70,70,70,56,56,56,56,16,70,64,62,62,63,63,63,63,63,63,9,3],"items_purged":["Strike_G","Regret","Defend_G"],"gold":176,"play_id":"c24c0030-f16f-4fe4-8118-1f566e89bde2","is_prod":false,"is_daily":false,"is_ascension_mode":false,"campfire_upgraded":5,"path_taken":["M","?","$","M","M","R","?","R","T","$","M","?","?","$","R","BOSS","M","M","$","M","?","R","?","R","T","E","M","M"],"build_version":"2018-02-01-PROD3","purchased_purges":3,"victory":false,"master_deck":["Defend_G","Strike_G","Strike_G","Strike_G","Survivor","Neutralize","Cloak And Dagger+1","Flying Knee+1","Cloak And Dagger","Dodge and Roll+1","Prepared","Injury","Slice+1","Dagger Spray","Quick Slash","Riddle With Holes","Bandage Up+1","Die Die Die","Caltrops+1","All Out Attack+1","Masterful Stab+1","Dodge and Roll","Backflip+1","Noxious Fumes+1","Footwork","Deflect"],"max_hp_per_floor":[70,70,70,70,70,70,70,70,70,70,70,70,70,70,70,70,70,70,70,70,70,70,70,70,70,70,70,70],"relics":["Ring of the Snake","Golden Idol","Blood Vial","Astrolabe","Smiling Mask","Bag of Preparation","Tiny Chest"],"card_choices":[{"not_picked":["Malaise","Doppelganger"],"picked":"Cloak And Dagger"},{"not_picked":["Reflex","Accuracy"],"picked":"Dodge and Roll"},{"not_picked":["Underhanded Strike","Flechettes"],"picked":"Prepared"},{"not_picked":["Bane","Calculated Gamble"],"picked":"Dagger Spray"},{"not_picked":["Burst","Glass Knife"],"picked":"Die Die Die"},{"not_picked":["Riddle With Holes","PiercingWail"],"picked":"Dodge and Roll"},{"not_picked":["Prepared","Well Laid Plans"],"picked":"Backflip"},{"not_picked":["Predator","Cloak And Dagger"],"picked":"Noxious Fumes"},{"not_picked":["Bullet Time","All Out Attack"],"picked":"Footwork"},{"not_picked":["Skewer","Prepared"],"picked":"Deflect"}],"player_experience":74419,"potions_floor_usage":[16,28],"damage_taken":[{"damage":0,"enemies":"Jaw Worm","floor":1,"turns":6},{"damage":0,"enemies":"2 Louse","floor":4,"turns":3},{"damage":0,"enemies":"Small Slimes","floor":5,"turns":5},{"damage":0,"enemies":"3 Louse","floor":11,"turns":4},{"damage":48,"enemies":"Hexaghost","floor":16,"turns":11},{"damage":12,"enemies":"Shell Parasite","floor":18,"turns":5},{"damage":4,"enemies":"3 Byrds","floor":19,"turns":2},{"damage":7,"enemies":"3 Cultists","floor":21,"turns":4},{"damage":56,"enemies":"Slavers","floor":27,"turns":5},{"damage":14,"enemies":"Snake Plant","floor":28,"turns":5},{"damage":20,"enemies":"Slaver and Parasite","floor":29,"turns":2}],"event_choices":[{"event_name":"The Cleric","player_choice":"Card Removal","floor":2,"damage_taken":0},{"event_name":"Golden Idol","player_choice":"Take Wound","floor":7,"damage_taken":0},{"event_name":"Shining Light","player_choice":"Entered Light","floor":12,"damage_taken":0},{"event_name":"Golden Shrine","player_choice":"Desecrate","floor":13,"damage_taken":0},{"event_name":"Beggar","player_choice":"Ignored","floor":22,"damage_taken":0},{"event_name":"The Mausoleum","player_choice":"Yes","floor":24,"damage_taken":0}],"boss_relics":[{"not_picked":["Velvet Choker","Calling Bell"],"picked":"Astrolabe"}],"potions_floor_spawned":[1,16,18,21,27,28],"seed_played":"-2476981912429127045","killed_by":"Slaver and Parasite","ascension_level":0,"is_trial":false}