{"path_per_floor":["M","M","M","M","?","E","R","M","T","M","?","?","$","E","R"],"character_chosen":"THE_SILENT","items_purchased":["Toxic Egg 2"],"gold_per_floor":[116,129,145,155,155,180,180,193,216,230,230,305,56,85,85],"floor_reached":16,"campfire_rested":1,"playtime":1412,"current_hp_per_floor":[69,67,67,65,65,58,58,58,58,58,58,47,47,19,40],"items_purged":[],"gold":85,"play_id":"75736176-c298-4422-8900-1cc13ee0a2d4","is_prod":false,"is_daily":false,"is_ascension_mode":true,"campfire_upgraded":1,"path_taken":["M","M","?","M","?","E","R","M","T","M","?","?","$","E","R","BOSS"],"build_version":"2018-02-01-PROD3","purchased_purges":0,"victory":false,"master_deck":["Defend_G","Defend_G","Defend_G","Defend_G","Defend_G","Strike_G","Strike_G","Strike_G","Survivor","Neutralize+1","Flechettes","Terror","Dagger Throw","Deflect","Prepared","All Out Attack","Quick Slash","Acrobatics","Acrobatics","Slice","Regret","PiercingWail+1"],"max_hp_per_floor":[70,70,70,70,70,70,70,70,70,70,70,70,70,70,70],"relics":["Ring of the Snake","Prayer Wheel","Anchor","Peace Pipe","Toxic Egg 2","Calipers"],"card_choices":[{"not_picked":["Endless Agony","Well Laid Plans"],"picked":"Terror"},{"not_picked":["Prepared","Leg Sweep"],"picked":"Dagger Throw"},{"not_picked":["Reflex","Bane"],"picked":"Deflect"},{"not_picked":["Underhanded Strike","PiercingWail"],"picked":"Prepared"},{"not_picked":["Glass Knife","Dodge and Roll"],"picked":"Quick Slash"},{"not_picked":["Bane","Deadly Poison"],"picked":"Acrobatics"},{"not_picked":["Catalyst","Flechettes"],"picked":"Acrobatics"},{"not_picked":["Underhanded Strike","Quick Slash"],"picked":"Slice"},{"not_picked":["Dagger Spray","Night Terror"],"picked":"PiercingWail"}],"player_experience":98663,"potions_floor_usage":[6,6,14],"damage_taken":[{"damage":1,"enemies":"Blue Slaver","floor":1,"turns":4},{"damage":2,"enemies":"Jaw Worm","floor":2,"turns":4},{"damage":0,"enemies":"Small Slimes","floor":3,"turns":3},{"damage":2,"enemies":"3 Louse","floor":4,"turns":4},{"damage":15,"enemies":"Gremlin Nob","floor":6,"turns":4},{"damage":0,"enemies":"Looter","floor":8,"turns":2},{"damage":0,"enemies":"Exordium Wildlife","floor":10,"turns":2},{"damage":28,"enemies":"Lagavulin","floor":14,"turns":7},{"damage":43,"enemies":"Hexaghost","floor":16,"turns":11}],"event_choices":[{"event_name":"Transmorgrifier","player_choice":"Transform","floor":5,"damage_taken":0},{"event_name":"Big Fish","player_choice":"Box","floor":11,"damage_taken":0},{"event_name":"World of Goop","player_choice":"Gather Gold","floor":12,"damage_taken":0}],"boss_relics":[],"potions_floor_spawned":[1,3,4,14],"seed_played":"-3441950964916957547","killed_by":"Hexaghost","ascension_level":2,"is_trial":false}