{"gold_per_floor":[368,386,402,414,73,103,103,133,133,133,153,183,203,87,87,188,188,203,203,203,49,64,98,112,112,112,139,151,163,193,233,245,356,368,398,426,451,463,475,487,525,537,549,561,52,52,52,68,68,68],"floor_reached":51,"playtime":5326,"items_purged":["Strike_G","Writhe","Doubt"],"score":1025,"play_id":"e5f48ed5-3468-4562-a6db-f6c8a7ffc0f3","local_time":"20190614022957","is_ascension_mode":true,"campfire_choices":[{"floor":7.0,"key":"REST"},{"floor":10.0,"key":"REST"},{"data":"Neutralize","floor":15.0,"key":"SMITH"},{"floor":25.0,"key":"REST"},{"floor":32.0,"key":"REST"},{"data":"Wraith Form v2","floor":40,"key":"SMITH"},{"floor":42,"key":"REST"},{"data":"Adrenaline","floor":44,"key":"SMITH"},{"data":"Catalyst","floor":47,"key":"SMITH"},{"floor":49,"key":"REST"}],"neow_cost":"PERCENT_DAMAGE","seed_source_timestamp":0,"circlet_count":0,"master_deck":["Survivor","Neutralize+1","Flying Knee","Poisoned Stab","Poisoned Stab","Dash","Noxious Fumes","Predator","PiercingWail","Caltrops","Adrenaline","Unload","Finisher","Storm of Steel","Die Die Die","Malaise","Catalyst+1","Well Laid Plans","Wraith Form v2+1","Bullet Time","Footwork","Cloak And Dagger+1","Backflip","Ghostly","Ghostly","Ghostly","Ghostly","Ghostly","Crippling Poison","After Image","Cloak And Dagger+1","Adrenaline+1","Apotheosis","Cloak And Dagger+1"],"special_seed":0,"relics":["Ring of the Snake","Frozen Eye","Singing Bowl","Sundial","Blue Candle","Lantern","Pandora\u0027s Box","Dodecahedron","Regal Pillow","MawBank","Dead Branch","Cursed Key","Oddly Smooth Stone","Pen Nib","Strawberry"],"potions_floor_usage":[50,50],"damage_taken":[{"damage":0.0,"enemies":"Cultist","floor":1.0,"turns":4.0},{"damage":6.0,"enemies":"2 Louse","floor":2.0,"turns":2.0},{"damage":4.0,"enemies":"Jaw Worm","floor":3.0,"turns":4.0},{"damage":0.0,"enemies":"2 Fungi Beasts","floor":4.0,"turns":4.0},{"damage":18.0,"enemies":"3 Sentries","floor":6.0,"turns":9.0},{"damage":2.0,"enemies":"Exordium Wildlife","floor":11.0,"turns":3.0},{"damage":0.0,"enemies":"Gremlin Nob","floor":12.0,"turns":3.0},{"damage":17.0,"enemies":"Large Slime","floor":13.0,"turns":5.0},{"damage":19.0,"enemies":"Slime Boss","floor":16.0,"turns":9.0},{"damage":0.0,"enemies":"3 Byrds","floor":18.0,"turns":4.0},{"damage":3.0,"enemies":"2 Thieves","floor":22.0,"turns":4.0},{"damage":27.0,"enemies":"Slavers","floor":23.0,"turns":6.0},{"damage":30.0,"enemies":"Shelled Parasite and Fungi","floor":24.0,"turns":7.0},{"damage":12.0,"enemies":"Centurion and Healer","floor":27.0,"turns":7.0},{"damage":3.0,"enemies":"Snake Plant","floor":30.0,"turns":4.0},{"damage":7.0,"enemies":"Book of Stabbing","floor":31.0,"turns":8.0},{"damage":15.0,"enemies":"Automaton","floor":33.0,"turns":9.0},{"damage":0,"enemies":"3 Shapes","floor":35,"turns":3},{"damage":1,"enemies":"Orb Walker","floor":36,"turns":4},{"damage":0,"enemies":"Jaw Worm Horde","floor":37,"turns":3},{"damage":39,"enemies":"Giant Head","floor":41,"turns":10},{"damage":0,"enemies":"Spire Growth","floor":48,"turns":6},{"damage":0,"enemies":"Donu and Deca","floor":50,"turns":10}],"seed_played":"-9034911480994952638","potions_obtained":[{"floor":2.0,"key":"GhostInAJar"},{"floor":6.0,"key":"LiquidBronze"},{"floor":11.0,"key":"Dexterity Potion"},{"floor":12.0,"key":"PowerPotion"},{"floor":18.0,"key":"GhostInAJar"},{"floor":24.0,"key":"Poison Potion"},{"floor":30.0,"key":"PowerPotion"},{"floor":33.0,"key":"SkillPotion"},{"floor":41,"key":"AttackPotion"},{"floor":46,"key":"Regen Potion"}],"is_trial":false,"path_per_floor":["M","M","M","M","$","E","R","?","T","R","M","E","M","$","R","B",null,"M","?","?","$","M","E","M","R","T","M","?","?","M","E","R","B",null,"M","M","M","?","?","R","E","R","T","R","$","?","R","M","R","B",null],"character_chosen":"THE_SILENT","items_purchased":["Fire Potion","SkillPotion","Dash","Frozen Eye","Caltrops","Dodge and Roll","Strawberry","Apotheosis","PowerPotion"],"campfire_rested":6,"item_purchase_floors":[5,5,5,5,14,21,45,45,45],"current_hp_per_floor":[45,39,35,35,35,17,38,38,38,59,57,57,42,42,42,23,60,62,62,62,62,59,34,6,44,44,32,32,32,29,24,41,26,37,39,40,40,40,40,40,1,28,28,28,35,35,35,35,50,50],"gold":68,"neow_bonus":"TWO_FIFTY_GOLD","is_prod":false,"is_daily":false,"chose_seed":false,"campfire_upgraded":4,"win_rate":0,"timestamp":1560493797,"path_taken":["M","?","M","M","$","E","R","?","T","R","M","E","M","?","R","BOSS","M","?","?","$","M","E","M","R","T","M","?","?","M","E","R","BOSS","M","M","M","?","?","R","E","R","T","R","$","?","R","M","R","BOSS"],"build_version":"2019-01-23","purchased_purges":3,"victory":true,"max_hp_per_floor":[70,70,70,70,70,70,70,70,70,70,70,70,72,72,72,72,72,74,74,74,74,74,76,78,78,78,78,78,39,39,41,41,41,41,43,45,45,45,43,43,43,43,43,43,50,50,50,50,50,50],"card_choices":[{"not_picked":["Sucker Punch","Slice"],"picked":"Flying Knee","floor":1.0},{"not_picked":["Reflex","Blade Dance"],"picked":"Poisoned Stab","floor":2.0},{"not_picked":["Infinite Blades","Finisher","Prepared"],"picked":"SKIP","floor":3.0},{"not_picked":["Backflip","Dagger Throw"],"picked":"Poisoned Stab","floor":4.0},{"not_picked":["Deflect","Slice"],"picked":"Noxious Fumes","floor":6.0},{"not_picked":["Deadly Poison","Dagger Spray"],"picked":"Predator","floor":11.0},{"not_picked":["Reflex","Unload"],"picked":"PiercingWail","floor":12.0},{"not_picked":["Prepared","Reflex","Dodge and Roll"],"picked":"Singing Bowl","floor":13.0},{"not_picked":["Tools of the Trade","Die Die Die"],"picked":"Adrenaline","floor":16.0},{"not_picked":["Deadly Poison+1","Riddle With Holes","Quick Slash"],"picked":"Singing Bowl","floor":18.0},{"not_picked":["Poisoned Stab","Accuracy"],"picked":"Cloak And Dagger+1","floor":22.0},{"not_picked":["Finisher+1","Riddle With Holes","Flying Knee"],"picked":"Singing Bowl","floor":23.0},{"not_picked":["Dagger Throw","Masterful Stab","Underhanded Strike"],"picked":"Singing Bowl","floor":24.0},{"not_picked":["Flying Knee","Dagger Throw+1"],"picked":"Backflip","floor":27.0},{"not_picked":["Finisher","Acrobatics"],"picked":"Crippling Poison","floor":30.0},{"not_picked":["Flechettes+1","Outmaneuver","Quick Slash+1"],"picked":"Singing Bowl","floor":31.0},{"not_picked":["Die Die Die","A Thousand Cuts"],"picked":"After Image","floor":33.0},{"not_picked":["Underhanded Strike","Eviscerate","Blade Dance+1"],"picked":"Singing Bowl","floor":35},{"not_picked":["Prepared","Dagger Spray","Poisoned Stab+1"],"picked":"Singing Bowl","floor":36},{"not_picked":["Deflect+1","Concentrate+1"],"picked":"Cloak And Dagger+1","floor":37},{"not_picked":["Expertise","Acrobatics+1"],"picked":"Adrenaline","floor":41},{"not_picked":["Blur","Bane+1"],"picked":"Cloak And Dagger+1","floor":48}],"player_experience":338173,"relics_obtained":[{"floor":6.0,"key":"Singing Bowl"},{"floor":9.0,"key":"Blue Candle"},{"floor":12.0,"key":"Lantern"},{"floor":23.0,"key":"Regal Pillow"},{"floor":26.0,"key":"MawBank"},{"floor":31.0,"key":"Dead Branch"},{"floor":41,"key":"Oddly Smooth Stone"},{"floor":43,"key":"Pen Nib"}],"event_choices":[{"damage_healed":0.0,"max_hp_gain":0.0,"max_hp_loss":0.0,"gold_gain":30.0,"event_name":"Dead Adventurer","player_choice":"Searched \u00272\u0027 times","floor":8.0,"gold_loss":0.0,"damage_taken":0.0,"relics_obtained":["Sundial"]},{"damage_healed":0.0,"max_hp_gain":0.0,"max_hp_loss":0.0,"gold_gain":0.0,"event_name":"The Library","player_choice":"Read","floor":19.0,"gold_loss":0.0,"damage_taken":0.0,"cards_obtained":["Footwork"]},{"damage_healed":0.0,"max_hp_gain":0.0,"max_hp_loss":0.0,"gold_gain":0.0,"event_name":"The Mausoleum","player_choice":"Opened","floor":20.0,"gold_loss":0.0,"damage_taken":0.0,"relics_obtained":["Dodecahedron"],"cards_obtained":["Writhe"]},{"damage_healed":0.0,"max_hp_gain":0.0,"max_hp_loss":0.0,"gold_gain":0.0,"event_name":"Vampires","player_choice":"Ignored","floor":28.0,"gold_loss":0.0,"damage_taken":0.0},{"damage_healed":0.0,"max_hp_gain":0.0,"max_hp_loss":39.0,"gold_gain":0.0,"event_name":"Ghosts","player_choice":"Became a Ghost","floor":29.0,"gold_loss":0.0,"damage_taken":0.0,"cards_obtained":["Ghostly","Ghostly","Ghostly","Ghostly","Ghostly"]},{"cards_removed":["Dodge and Roll"],"damage_healed":0,"gold_gain":0,"player_choice":"Removed Skill","damage_taken":0,"max_hp_gain":0,"max_hp_loss":0,"event_name":"Falling","floor":38,"gold_loss":0},{"damage_healed":0,"gold_gain":0,"player_choice":"Max HP","damage_taken":0,"max_hp_gain":0,"max_hp_loss":2,"event_name":"Winding Halls","floor":39,"gold_loss":0},{"damage_healed":0,"gold_gain":0,"player_choice":"Got Potions","damage_taken":0,"max_hp_gain":0,"max_hp_loss":0,"event_name":"Lab","floor":46,"gold_loss":0}],"is_beta":false,"boss_relics":[{"not_picked":["Coffee Dripper","Lizard Tail"],"picked":"Pandora\u0027s Box"},{"not_picked":["Runic Dome","HoveringKite"],"picked":"Cursed Key"}],"items_purged_floors":[14,21,45],"is_endless":false,"potions_floor_spawned":[2,6,11,12,18,24,30,33,41,48],"ascension_level":6}