{"gold_per_floor":[118,132,132,150,68,101,115,131,156,171,171,171,171,200,200,303,303,291,291,301,73,73,73,73,73,73,106,106,6,41,57,57,57],"floor_reached":33,"playtime":3559,"items_purged":["Strike_R","Bite"],"score":318,"play_id":"fa16b83b-0a6d-43e7-9913-9c08067ac8e0","local_time":"20190620222423","is_ascension_mode":false,"campfire_choices":[{"data":"Corruption","floor":11.0,"key":"SMITH"},{"floor":13.0,"key":"RECALL"},{"floor":15.0,"key":"REST"},{"data":"Armaments","floor":23,"key":"SMITH"},{"floor":25,"key":"REST"},{"floor":28,"key":"REST"},{"data":"Metallicize","floor":32,"key":"SMITH"}],"neow_cost":"TEN_PERCENT_HP_LOSS","seed_source_timestamp":618287662794800,"circlet_count":0,"master_deck":["Defend_R","Defend_R","Defend_R","Defend_R","Bash","Blood for Blood","Armaments+1","Havoc","Infernal Blade","Corruption+1","Body Slam","Spot Weakness","Exhume","Armaments+1","Bite","Bite","Bite","Bite","RitualDagger","Seeing Red","Metallicize+1"],"special_seed":0,"relics":["Burning Blood","Singing Bowl","Bronze Scales","Mark of Pain","Vajra","PreservedInsect","Dream Catcher","Mercury Hourglass"],"potions_floor_usage":[27,30],"damage_taken":[{"damage":2.0,"enemies":"Small Slimes","floor":1.0,"turns":3.0},{"damage":1.0,"enemies":"Cultist","floor":2.0,"turns":4.0},{"damage":0.0,"enemies":"2 Louse","floor":4.0,"turns":4.0},{"damage":57.0,"enemies":"3 Sentries","floor":6.0,"turns":10.0},{"damage":7.0,"enemies":"Looter","floor":7.0,"turns":4.0},{"damage":3.0,"enemies":"2 Fungi Beasts","floor":8.0,"turns":4.0},{"damage":2.0,"enemies":"3 Louse","floor":10.0,"turns":4.0},{"damage":11.0,"enemies":"Lagavulin","floor":14.0,"turns":6.0},{"damage":19.0,"enemies":"Hexaghost","floor":16.0,"turns":5.0},{"damage":20.0,"enemies":"2 Thieves","floor":18.0,"turns":4.0},{"damage":22,"enemies":"Colosseum Slavers","floor":19,"turns":4},{"damage":45,"enemies":"Spheric Guardian","floor":20,"turns":6},{"damage":5,"enemies":"Book of Stabbing","floor":27,"turns":3},{"damage":27,"enemies":"Slavers","floor":30,"turns":4},{"damage":8,"enemies":"Snake Plant","floor":31,"turns":2},{"damage":64,"enemies":"Automaton","floor":33,"turns":6}],"seed_played":"183667840965186466","potions_obtained":[{"floor":6.0,"key":"AttackPotion"},{"floor":7.0,"key":"Explosive Potion"},{"floor":14.0,"key":"Strength Potion"},{"floor":16.0,"key":"Strength Potion"},{"floor":20,"key":"Ancient Potion"}],"is_trial":false,"path_per_floor":["M","M","?","M","$","E","M","M","T","M","R","?","R","E","R","B",null,"M","?","M","$","?","R","?","R","T","E","R","$","E","M","R","B"],"character_chosen":"IRONCLAD","items_purchased":["Corruption","Vajra"],"campfire_rested":3,"item_purchase_floors":[5,21],"current_hp_per_floor":[72,72,72,72,72,23,22,27,27,33,33,26,26,21,44,31,78,66,50,11,11,11,11,5,21,21,28,46,46,30,33,33,0],"gold":57,"neow_bonus":"TRANSFORM_TWO_CARDS","is_prod":false,"is_daily":false,"chose_seed":false,"campfire_upgraded":3,"win_rate":0,"timestamp":1561083863,"path_taken":["M","M","?","M","$","E","?","M","T","M","R","?","R","E","R","BOSS","M","?","M","$","?","R","?","R","T","E","R","?","E","M","R","BOSS"],"build_version":"2019-01-23","purchased_purges":2,"victory":false,"max_hp_per_floor":[72,72,72,72,72,74,74,76,76,78,78,78,78,78,78,78,78,80,80,80,80,56,56,56,56,56,56,58,58,58,60,60,60],"card_choices":[{"not_picked":["Clothesline","Headbutt"],"picked":"Armaments","floor":1.0},{"not_picked":["Entrench","Whirlwind"],"picked":"Havoc","floor":2.0},{"not_picked":["Wild Strike","Evolve"],"picked":"Infernal Blade","floor":4.0},{"not_picked":["Hemokinesis","Headbutt","Cleave"],"picked":"Singing Bowl","floor":6.0},{"not_picked":["Perfected Strike","Whirlwind"],"picked":"Body Slam","floor":7.0},{"not_picked":["Disarm","Headbutt","Pommel Strike"],"picked":"Singing Bowl","floor":8.0},{"not_picked":["Limit Break","Inflame","Disarm"],"picked":"Singing Bowl","floor":10.0},{"not_picked":["Perfected Strike","Wild Strike"],"picked":"Spot Weakness","floor":14.0},{"not_picked":["Bludgeon","Immolate"],"picked":"Exhume","floor":16.0},{"not_picked":["Havoc","Anger","Cleave"],"picked":"Singing Bowl","floor":18.0},{"not_picked":["Inflame+1","Combust"],"picked":"Armaments+1","floor":20},{"not_picked":["Heavy Blade","Twin Strike"],"picked":"Seeing Red","floor":27},{"not_picked":["True Grit","Clothesline","Second Wind"],"picked":"Singing Bowl","floor":28},{"not_picked":["Bloodletting","Rage"],"picked":"Metallicize","floor":30},{"not_picked":["Wild Strike","Hemokinesis+1","Anger"],"picked":"Singing Bowl","floor":31}],"player_experience":258669,"relics_obtained":[{"floor":6.0,"key":"Singing Bowl"},{"floor":14.0,"key":"Bronze Scales"},{"floor":26,"key":"PreservedInsect"},{"floor":27,"key":"Dream Catcher"},{"floor":30,"key":"Mercury Hourglass"}],"event_choices":[{"damage_healed":0.0,"max_hp_gain":0.0,"max_hp_loss":0.0,"gold_gain":0.0,"event_name":"NoteForYourself","player_choice":"Ignored","floor":3.0,"gold_loss":0.0,"damage_taken":0.0},{"cards_removed":["Rupture"],"damage_healed":0.0,"max_hp_gain":0.0,"max_hp_loss":0.0,"gold_gain":0.0,"event_name":"Golden Wing","player_choice":"Card Removal","floor":12.0,"gold_loss":0.0,"damage_taken":7.0},{"damage_healed":0,"gold_gain":0,"player_choice":"Fight","damage_taken":0,"max_hp_gain":0,"max_hp_loss":0,"event_name":"Colosseum","floor":19,"gold_loss":0},{"damage_healed":0,"gold_gain":0,"player_choice":"Fled From Nobs","damage_taken":0,"max_hp_gain":0,"max_hp_loss":0,"event_name":"Colosseum","floor":19,"gold_loss":0},{"damage_healed":0,"gold_gain":0,"player_choice":"Became a vampire","damage_taken":0,"max_hp_gain":0,"max_hp_loss":24,"event_name":"Vampires","floor":22,"gold_loss":0,"cards_obtained":["Bite","Bite","Bite","Bite","Bite"]},{"damage_healed":0,"gold_gain":0,"player_choice":"Joined the Cult","damage_taken":6,"max_hp_gain":0,"max_hp_loss":0,"event_name":"Nest","floor":24,"gold_loss":0,"cards_obtained":["RitualDagger"]}],"is_beta":false,"boss_relics":[{"not_picked":["Runic Pyramid","Pandora\u0027s Box"],"picked":"Mark of Pain"}],"items_purged_floors":[21,29],"is_endless":false,"potions_floor_spawned":[6,7,14,16,19,20],"killed_by":"Automaton","ascension_level":0}