{"gold_per_floor":[116,131,131,19,19,60,60,95,95,130,130,130,130,151,151,271,271,259,259,259,259,259,292,292,33,33,33,69,69,69,112,112,231,231,255,275,72,85,99,134,134,194,221,237,268,268,299,315,315,315],"floor_reached":51,"playtime":2757,"items_purged":["Injury"],"score":1275,"play_id":"fbb7d464-9cc7-4e12-836f-61138a9fa91c","local_time":"20190625010044","is_ascension_mode":true,"campfire_choices":[{"data":"Spot Weakness","floor":7,"key":"SMITH"},{"floor":13,"key":"REST"},{"data":"Armaments","floor":15,"key":"SMITH"},{"floor":24,"key":"REST"},{"data":"Barricade","floor":27,"key":"SMITH"},{"data":"Feel No Pain","floor":30,"key":"SMITH"},{"data":"Bash","floor":32,"key":"SMITH"},{"data":"Dark Embrace","floor":41,"key":"SMITH"},{"floor":46,"key":"REST"},{"floor":49,"key":"REST"}],"neow_cost":"NONE","seed_source_timestamp":175362553793200,"circlet_count":0,"master_deck":["Strike_R+1","Strike_R+1","Strike_R+1","Strike_R+1","Strike_R+1","Defend_R+1","Defend_R+1","Defend_R+1","Defend_R+1","Bash+1","Cleave","Spot Weakness+1","Twin Strike","Armaments+1","Corruption+1","Shrug It Off","Barricade+1","Pummel","Ghostly","Ghostly","Ghostly","Ghostly","Ghostly","Necronomicurse","Pummel","Feel No Pain+1","Dark Embrace+1","Seeing Red+1","Heavy Blade","Spot Weakness"],"relics":["Burning Blood","NeowsBlessing","Golden Idol","Kunai","Charon\u0027s Ashes","Smiling Mask","Red Skull","White Beast Statue","Necronomicon","Orichalcum","Darkstone Periapt","Mercury Hourglass","Omamori","WarpedTongs","Singing Bowl","Lizard Tail","Sling","Pocketwatch","Torii","Centennial Puzzle","Thread and Needle","Bag of Preparation"],"potions_floor_usage":[16,16,23,28,31,33,36,38,39,39,40,40,42,45,47,47,48,50],"damage_taken":[{"damage":0,"enemies":"Jaw Worm","floor":1,"turns":1},{"damage":0,"enemies":"2 Louse","floor":2,"turns":1},{"damage":0,"enemies":"3 Sentries","floor":6,"turns":1},{"damage":36,"enemies":"Lagavulin","floor":8,"turns":6},{"damage":15,"enemies":"3 Sentries","floor":10,"turns":6},{"damage":0,"enemies":"Small Slimes","floor":14,"turns":3},{"damage":26,"enemies":"The Guardian","floor":16,"turns":6},{"damage":39,"enemies":"2 Thieves","floor":18,"turns":4},{"damage":5,"enemies":"Slavers","floor":23,"turns":6},{"damage":5,"enemies":"Book of Stabbing","floor":28,"turns":5},{"damage":0,"enemies":"Gremlin Leader","floor":31,"turns":6},{"damage":0,"enemies":"Automaton","floor":33,"turns":10},{"damage":1,"enemies":"3 Darklings","floor":35,"turns":6},{"damage":3,"enemies":"Orb Walker","floor":36,"turns":3},{"damage":1,"enemies":"4 Shapes","floor":38,"turns":4},{"damage":2,"enemies":"Jaw Worm Horde","floor":39,"turns":4},{"damage":0,"enemies":"Nemesis","floor":40,"turns":7},{"damage":21,"enemies":"2 Orb Walkers","floor":42,"turns":5},{"damage":19,"enemies":"Writhing Mass","floor":44,"turns":4},{"damage":0,"enemies":"Giant Head","floor":45,"turns":7},{"damage":20,"enemies":"Reptomancer","floor":47,"turns":5},{"damage":0,"enemies":"4 Shapes","floor":48,"turns":3},{"damage":0,"enemies":"Time Eater","floor":50,"turns":10}],"seed_played":"5674796273023092667","potions_obtained":[{"floor":6,"key":"Strength Potion"},{"floor":8,"key":"AttackPotion"},{"floor":10,"key":"LiquidBronze"},{"floor":16,"key":"SpeedPotion"},{"floor":18,"key":"SkillPotion"},{"floor":23,"key":"AttackPotion"},{"floor":28,"key":"Fire Potion"},{"floor":31,"key":"Dexterity Potion"},{"floor":33,"key":"Block Potion"},{"floor":36,"key":"Block Potion"},{"floor":38,"key":"Weak Potion"},{"floor":39,"key":"Poison Potion"},{"floor":40,"key":"Fire Potion"},{"floor":42,"key":"Fire Potion"},{"floor":44,"key":"Regen Potion"},{"floor":45,"key":"EssenceOfSteel"},{"floor":47,"key":"SkillPotion"},{"floor":48,"key":"Block Potion"}],"is_trial":false,"path_per_floor":["M","M","?","$","?","E","R","E","T","E","?","$","R","M","R","B",null,"M","?","$","?","?","E","R","$","T","R","E","?","R","E","R","B",null,"M","M","$","M","M","E","R","?","T","M","E","R","E","M","R","B",null],"character_chosen":"IRONCLAD","items_purchased":["Spot Weakness","Darkstone Periapt","Sling"],"campfire_rested":4,"item_purchase_floors":[4,25,37],"current_hp_per_floor":[80,80,80,80,80,80,80,50,50,41,41,41,65,71,71,51,73,40,40,40,24,24,25,37,37,37,37,38,38,38,42,42,42,42,44,44,44,44,46,46,46,33,33,22,45,52,40,48,56,56],"gold":315,"neow_bonus":"THREE_ENEMY_KILL","is_prod":false,"is_daily":false,"chose_seed":false,"campfire_upgraded":6,"win_rate":0,"timestamp":1561388444,"path_taken":["M","M","?","$","?","E","R","E","T","E","?","?","R","?","R","BOSS","M","?","$","?","?","E","R","$","T","R","E","?","R","E","R","BOSS","M","M","$","?","M","E","R","?","T","M","E","R","E","M","R","BOSS"],"build_version":"2019-01-23","purchased_purges":1,"victory":true,"max_hp_per_floor":[80,80,80,80,80,80,80,80,80,80,80,80,80,80,80,80,80,80,40,40,40,40,40,40,40,40,40,40,40,40,42,42,42,42,44,44,44,44,46,46,46,48,48,50,52,52,54,56,56,56],"card_choices":[{"not_picked":["Armaments","Burning Pact"],"picked":"Cleave","floor":1},{"not_picked":["Searing Blow","Wild Strike","Combust"],"picked":"SKIP","floor":2},{"not_picked":["Burning Pact","Havoc"],"picked":"Twin Strike","floor":6},{"not_picked":["Rampage","Spot Weakness"],"picked":"Armaments","floor":8},{"not_picked":["Fire Breathing","Whirlwind"],"picked":"Corruption","floor":10},{"not_picked":["Perfected Strike","Cleave"],"picked":"Shrug It Off","floor":14},{"not_picked":["Impervious","Immolate"],"picked":"Barricade","floor":16},{"not_picked":["True Grit","Blood for Blood"],"picked":"Pummel","floor":18},{"not_picked":["Rampage","Body Slam"],"picked":"Pummel","floor":23},{"not_picked":["Warcry","Infernal Blade"],"picked":"Feel No Pain","floor":28},{"not_picked":["Rage+1","Twin Strike","Combust"],"picked":"Singing Bowl","floor":31},{"not_picked":["Bludgeon","Offering"],"picked":"Dark Embrace","floor":33},{"not_picked":["Body Slam+1","Disarm","Warcry+1"],"picked":"Singing Bowl","floor":35},{"not_picked":["Perfected Strike+1","True Grit"],"picked":"Seeing Red+1","floor":36},{"not_picked":["Pommel Strike","Rage"],"picked":"Heavy Blade","floor":38},{"not_picked":["Thunderclap+1","True Grit+1","Shrug It Off"],"picked":"Singing Bowl","floor":39},{"not_picked":["Anger","Juggernaut"],"picked":"Spot Weakness","floor":40},{"not_picked":["Rampage","Whirlwind+1","Entrench+1"],"picked":"Singing Bowl","floor":42},{"not_picked":["True Grit","Iron Wave","Shrug It Off"],"picked":"Singing Bowl","floor":44},{"not_picked":["Intimidate+1","Flex+1","Wild Strike"],"picked":"Singing Bowl","floor":45},{"not_picked":["Combust","Evolve","Sever Soul+1"],"picked":"Singing Bowl","floor":47},{"not_picked":["Evolve+1","Flex","Twin Strike+1"],"picked":"Singing Bowl","floor":48}],"player_experience":165951,"relics_obtained":[{"floor":6,"key":"Kunai"},{"floor":8,"key":"Charon\u0027s Ashes"},{"floor":9,"key":"Smiling Mask"},{"floor":10,"key":"Red Skull"},{"floor":21,"key":"Necronomicon"},{"floor":23,"key":"Orichalcum"},{"floor":26,"key":"Mercury Hourglass"},{"floor":28,"key":"Omamori"},{"floor":31,"key":"Singing Bowl"},{"floor":40,"key":"Pocketwatch"},{"floor":42,"key":"Torii"},{"floor":43,"key":"Centennial Puzzle"},{"floor":45,"key":"Thread and Needle"},{"floor":47,"key":"Bag of Preparation"}],"event_choices":[{"damage_healed":0,"gold_gain":0,"player_choice":"Take Wound","damage_taken":0,"relics_obtained":["Golden Idol"],"max_hp_gain":0,"max_hp_loss":0,"event_name":"Golden Idol","floor":3,"gold_loss":0,"cards_obtained":["Injury"]},{"damage_healed":0,"gold_gain":0,"player_choice":"Leave","damage_taken":0,"max_hp_gain":0,"max_hp_loss":0,"event_name":"The Cleric","floor":5,"gold_loss":0},{"damage_healed":0,"gold_gain":0,"player_choice":"Grow","damage_taken":0,"max_hp_gain":0,"max_hp_loss":0,"event_name":"Living Wall","floor":11,"gold_loss":0,"cards_upgraded":["Corruption"]},{"damage_healed":0,"gold_gain":0,"player_choice":"Became a Ghost","damage_taken":0,"max_hp_gain":0,"max_hp_loss":40,"event_name":"Ghosts","floor":19,"gold_loss":0,"cards_obtained":["Ghostly","Ghostly","Ghostly","Ghostly","Ghostly"]},{"damage_healed":0,"gold_gain":0,"player_choice":"Obtained Book","damage_taken":16,"max_hp_gain":0,"max_hp_loss":0,"event_name":"Cursed Tome","floor":21,"gold_loss":0},{"damage_healed":0,"gold_gain":0,"player_choice":"Simplicity","damage_taken":0,"max_hp_gain":0,"max_hp_loss":0,"event_name":"Back to Basics","floor":22,"gold_loss":0,"cards_upgraded":["Strike_R","Strike_R","Strike_R","Strike_R","Strike_R","Defend_R","Defend_R","Defend_R","Defend_R"]},{"damage_healed":0,"gold_gain":0,"player_choice":"Rummage","damage_taken":0,"relics_obtained":["WarpedTongs"],"max_hp_gain":0,"max_hp_loss":0,"event_name":"Accursed Blacksmith","floor":29,"gold_loss":0,"cards_obtained":["Pain"]},{"damage_healed":0,"gold_gain":0,"player_choice":"Fight","damage_taken":0,"max_hp_gain":0,"max_hp_loss":0,"event_name":"Mysterious Sphere","floor":42,"gold_loss":0}],"is_beta":false,"boss_relics":[{"not_picked":["Runic Dome","Runic Pyramid"],"picked":"White Beast Statue"},{"not_picked":["Eternal Feather","Coffee Dripper"],"picked":"Lizard Tail"}],"items_purged_floors":[4],"is_endless":false,"potions_floor_spawned":[6,8,10,16,18,23,28,31,33,35,36,38,39,40,42,44,45,47,48],"ascension_level":5}