{"gold_per_floor":[114,289,300,318,66,66,91,91,91,101,101,101,126,166,166,290,290,311,311,326,350,371,402,402,433,433,112,146,160,160,195,195,315,315,339,339,672,691,703,703,729,729,729,739,768,779,795,32,32,32,32,32,32,62,62],"floor_reached":56,"playtime":6860,"items_purged":["Doubt","Strike_R","Strike_R"],"score":1532,"play_id":"0f3e9606-277f-49ef-ae05-667832ef6848","local_time":"20190621001951","is_ascension_mode":true,"campfire_choices":[{"data":"Armaments","floor":6,"key":"SMITH"},{"data":"Secret Technique","floor":8,"key":"SMITH"},{"floor":11,"key":"RECALL"},{"data":"Bash","floor":15,"key":"SMITH"},{"data":"Metallicize","floor":24,"key":"SMITH"},{"data":"Body Slam","floor":30,"key":"SMITH"},{"data":"Feel No Pain","floor":32,"key":"SMITH"},{"data":"Reaper","floor":40,"key":"SMITH"},{"floor":42,"key":"REST"},{"data":"Reaper","floor":49,"key":"SMITH"},{"data":"Defend_R","floor":52,"key":"SMITH"}],"neow_cost":"TEN_PERCENT_HP_LOSS","seed_source_timestamp":622262690243900,"circlet_count":0,"master_deck":["Strike_R","Strike_R+1","Strike_R+1","Defend_R","Defend_R","Defend_R+1","Defend_R+1","Bash+1","Armaments+1","Seeing Red+1","Secret Technique+1","Reaper+1","Havoc+1","Ghostly Armor+1","Offering+1","Metallicize+1","J.A.X.+1","Havoc+1","Burning Pact+1","Body Slam+1","Feel No Pain+1","Fire Breathing+1","Pommel Strike+1","Reaper+1","Sentinel+1","Shrug It Off+1","Corruption+1","Disarm+1","Violence+1","Shrug It Off+1"],"relics":["Burning Blood","Charon\u0027s Ashes","Paper Frog","Toxic Egg 2","Omamori","Cursed Key","Pen Nib","Art of War","Centennial Puzzle","Dead Branch","Ancient Tea Set","Mark of Pain","Whetstone","War Paint","Bronze Scales","TheAbacus","Darkstone Periapt","Blood Vial"],"potions_floor_usage":[13,14,16,22,45,55,55,55],"damage_taken":[{"damage":6,"enemies":"2 Louse","floor":1,"turns":3},{"damage":0,"enemies":"Small Slimes","floor":3,"turns":5},{"damage":9,"enemies":"Jaw Worm","floor":4,"turns":6},{"damage":13,"enemies":"3 Sentries","floor":7,"turns":7},{"damage":12,"enemies":"Exordium Thugs","floor":10,"turns":5},{"damage":0,"enemies":"Blue Slaver","floor":13,"turns":3},{"damage":17,"enemies":"Lagavulin","floor":14,"turns":9},{"damage":10,"enemies":"The Guardian","floor":16,"turns":16},{"damage":6,"enemies":"2 Thieves","floor":18,"turns":4},{"damage":9,"enemies":"Chosen","floor":20,"turns":4},{"damage":18,"enemies":"Centurion and Healer","floor":21,"turns":4},{"damage":26,"enemies":"Sentry and Sphere","floor":22,"turns":6},{"damage":11,"enemies":"Slavers","floor":23,"turns":6},{"damage":12,"enemies":"Book of Stabbing","floor":25,"turns":4},{"damage":12,"enemies":"Gremlin Leader","floor":28,"turns":5},{"damage":21,"enemies":"Snake Plant","floor":29,"turns":3},{"damage":9,"enemies":"Book of Stabbing","floor":31,"turns":2},{"damage":23,"enemies":"Collector","floor":33,"turns":4},{"damage":17,"enemies":"3 Shapes","floor":35,"turns":2},{"damage":9,"enemies":"Orb Walker","floor":38,"turns":2},{"damage":12,"enemies":"Maw","floor":39,"turns":4},{"damage":60,"enemies":"Reptomancer","floor":41,"turns":6},{"damage":15,"enemies":"Spire Growth","floor":44,"turns":1},{"damage":9,"enemies":"Giant Head","floor":45,"turns":4},{"damage":6,"enemies":"4 Shapes","floor":46,"turns":1},{"damage":3,"enemies":"3 Darklings","floor":47,"turns":2},{"damage":19,"enemies":"Awakened One","floor":50,"turns":2},{"damage":9,"enemies":"Shield and Spear","floor":54,"turns":1},{"damage":39,"enemies":"The Heart","floor":55,"turns":4}],"seed_played":"-9070026128876919611","potions_obtained":[{"floor":3,"key":"Block Potion"},{"floor":7,"key":"Energy Potion"},{"floor":14,"key":"Dexterity Potion"},{"floor":18,"key":"SkillPotion"},{"floor":22,"key":"Ancient Potion"},{"floor":23,"key":"FearPotion"},{"floor":28,"key":"Explosive Potion"},{"floor":29,"key":"Energy Potion"},{"floor":38,"key":"Strength Potion"},{"floor":45,"key":"Explosive Potion"}],"is_trial":false,"path_per_floor":["M","?","M","M","$","R","E","R","T","M","R","?","M","E","R","B",null,"M","?","M","M","M","E","R","E","T","$","E","M","R","E","R","B",null,"M","?","?","M","M","R","E","R","T","M","E","M","M","$","R","B",null,"R","$","E","B",null],"character_chosen":"IRONCLAD","items_purchased":["Secret Technique","Feel No Pain","Centennial Puzzle","Violence+1","TheAbacus","Darkstone Periapt"],"campfire_rested":1,"item_purchase_floors":[5,27,27,48,48,48],"current_hp_per_floor":[72,72,72,69,69,69,62,62,62,63,63,45,58,52,52,52,72,72,72,72,66,52,55,55,61,61,61,72,57,57,54,54,64,72,72,68,68,68,68,68,31,51,51,68,68,68,68,68,68,64,68,68,68,65,53],"gold":62,"neow_bonus":"ONE_RARE_RELIC","is_prod":false,"is_daily":false,"chose_seed":false,"campfire_upgraded":9,"win_rate":0,"timestamp":1561090791,"path_taken":["M","?","M","M","$","R","E","R","T","M","R","?","M","E","R","BOSS","M","?","M","M","M","E","R","E","T","$","E","M","R","E","R","BOSS","M","?","?","?","M","R","E","R","T","M","E","M","M","$","R","BOSS","R","$","E","BOSS"],"build_version":"2019-01-23","purchased_purges":3,"victory":true,"max_hp_per_floor":[72,72,72,72,72,72,72,72,72,72,72,72,72,72,72,72,72,72,72,72,72,72,72,72,72,72,72,72,72,72,72,72,72,72,72,68,68,68,68,68,68,68,68,68,68,68,68,68,68,68,68,68,68,68,68],"card_choices":[{"not_picked":["Thunderclap","Intimidate","Sword Boomerang"],"picked":"SKIP","floor":1},{"not_picked":["Body Slam","Evolve"],"picked":"Armaments","floor":3},{"not_picked":["Clash","Perfected Strike"],"picked":"Seeing Red","floor":4},{"not_picked":["Cleave","Anger"],"picked":"Reaper","floor":7},{"not_picked":["Wild Strike","Perfected Strike"],"picked":"Havoc+1","floor":10},{"not_picked":["Intimidate+1","Shockwave+1"],"picked":"Ghostly Armor+1","floor":13},{"not_picked":["Blood for Blood","Anger","True Grit+1"],"picked":"SKIP","floor":14},{"not_picked":["Feed","Fiend Fire"],"picked":"Offering+1","floor":16},{"not_picked":["Wild Strike+1","Pummel"],"picked":"Metallicize","floor":18},{"not_picked":["Anger","Sword Boomerang","Rampage"],"picked":"SKIP","floor":20},{"not_picked":["Clash","Wild Strike"],"picked":"Havoc+1","floor":21},{"not_picked":["Flex+1","Intimidate+1","Fire Breathing"],"picked":"SKIP","floor":22},{"not_picked":["Iron Wave","Searing Blow"],"picked":"Burning Pact+1","floor":23},{"not_picked":["Blood for Blood+1","Evolve+1"],"picked":"Body Slam","floor":25},{"not_picked":["Sword Boomerang","Pommel Strike"],"picked":"Fire Breathing+1","floor":28},{"not_picked":["Havoc+1","Combust+1"],"picked":"Pommel Strike+1","floor":29},{"not_picked":["Evolve","Whirlwind","Ghostly Armor+1"],"picked":"SKIP","floor":31},{"not_picked":["Berserk","Dark Embrace"],"picked":"Reaper","floor":33},{"not_picked":["Dual Wield+1","Dropkick+1","Shockwave+1"],"picked":"SKIP","floor":35},{"not_picked":["Infernal Blade+1","Spot Weakness+1"],"picked":"Sentinel+1","floor":38},{"not_picked":["Combust+1","Inflame+1","Cleave"],"picked":"SKIP","floor":39},{"not_picked":["Havoc+1","Heavy Blade+1","Dropkick+1"],"picked":"SKIP","floor":41},{"not_picked":["Pommel Strike","Thunderclap"],"picked":"Shrug It Off+1","floor":44},{"not_picked":["Twin Strike","Rage+1"],"picked":"Corruption+1","floor":45},{"not_picked":["Power Through+1","Fire Breathing+1","Inflame"],"picked":"SKIP","floor":46},{"not_picked":["Sword Boomerang+1","Armaments+1"],"picked":"Disarm+1","floor":47},{"not_picked":["Pommel Strike","Clothesline"],"picked":"Shrug It Off+1","floor":54}],"player_experience":262228,"relics_obtained":[{"floor":7,"key":"Paper Frog"},{"floor":9,"key":"Toxic Egg 2"},{"floor":14,"key":"Omamori"},{"floor":23,"key":"Pen Nib"},{"floor":25,"key":"Art of War"},{"floor":28,"key":"Dead Branch"},{"floor":31,"key":"Ancient Tea Set"},{"floor":41,"key":"Whetstone"},{"floor":43,"key":"War Paint"},{"floor":45,"key":"Bronze Scales"},{"floor":54,"key":"Blood Vial"}],"event_choices":[{"damage_healed":0,"gold_gain":175,"player_choice":"AGREE","damage_taken":0,"max_hp_gain":0,"max_hp_loss":0,"event_name":"Liars Game","floor":2,"gold_loss":0,"cards_obtained":["Doubt"]},{"damage_healed":0,"gold_gain":0,"player_choice":"Take Damage","damage_taken":18,"relics_obtained":["Golden Idol"],"max_hp_gain":0,"max_hp_loss":0,"event_name":"Golden Idol","floor":12,"gold_loss":0},{"damage_healed":0,"gold_gain":0,"player_choice":"Obtain J.A.X.","damage_taken":0,"max_hp_gain":0,"max_hp_loss":0,"event_name":"Drug Dealer","floor":19,"gold_loss":0,"cards_obtained":["J.A.X."]},{"damage_healed":0,"gold_gain":0,"player_choice":"Max HP","damage_taken":0,"max_hp_gain":0,"max_hp_loss":4,"event_name":"Winding Halls","floor":36,"gold_loss":0},{"damage_healed":0,"gold_gain":333,"player_choice":"Gave Idol","damage_taken":0,"max_hp_gain":0,"max_hp_loss":0,"event_name":"The Moai Head","floor":37,"relics_lost":["Golden Idol"],"gold_loss":0}],"is_beta":false,"boss_relics":[{"not_picked":["Runic Cube","Black Blood"],"picked":"Cursed Key"},{"not_picked":["Sozu","Pandora\u0027s Box"],"picked":"Mark of Pain"}],"items_purged_floors":[5,27,48],"is_endless":false,"potions_floor_spawned":[3,7,14,18,22,23,28,29,38,45,47],"ascension_level":1}