{"gold_per_floor":[119,135,85,95,20,20,36,36,60,92,110,110,110,122,122,218,218,236,236,236,247,122,122,154,205,231,241,241,276,103,115,115,115],"floor_reached":33,"playtime":2352,"items_purged":["Strike_R","Strike_R","Defend_R"],"score":295,"play_id":"0bc62f79-077a-45df-ad62-d81366d34367","local_time":"20190622220704","is_ascension_mode":false,"campfire_choices":[{"data":"Anger","floor":6,"key":"SMITH"},{"data":"Intimidate","floor":8,"key":"SMITH"},{"floor":13,"key":"REST"},{"data":"Bash","floor":15,"key":"SMITH"},{"data":"Inflame","floor":23,"key":"SMITH"},{"floor":28,"key":"REST"},{"floor":32,"key":"REST"}],"neow_cost":"NONE","seed_source_timestamp":2778475547006,"circlet_count":0,"master_deck":["Strike_R","Strike_R","Defend_R","Defend_R","Bash+1","Intimidate+1","Warcry","Anger+1","Heavy Blade","Shrug It Off","Dual Wield","Wild Strike","Immolate","Flex","Inflame+1","Pommel Strike+1","Clothesline","Pommel Strike","Flex","Demon Form","Armaments","Havoc"],"relics":["Burning Blood","Orichalcum","Ancient Tea Set","Runic Cube","Regal Pillow","Boot","Oddly Smooth Stone","Bottled Tornado"],"potions_floor_usage":[12,16,33,33],"damage_taken":[{"damage":7,"enemies":"Cultist","floor":1,"turns":5},{"damage":2,"enemies":"2 Louse","floor":2,"turns":2},{"damage":7,"enemies":"Small Slimes","floor":4,"turns":6},{"damage":6,"enemies":"Blue Slaver","floor":7,"turns":3},{"damage":20,"enemies":"Lagavulin","floor":10,"turns":6},{"damage":4,"enemies":"2 Fungi Beasts","floor":11,"turns":3},{"damage":27,"enemies":"3 Sentries","floor":12,"turns":5},{"damage":1,"enemies":"Exordium Wildlife","floor":14,"turns":4},{"damage":65,"enemies":"Slime Boss","floor":16,"turns":13},{"damage":10,"enemies":"2 Thieves","floor":18,"turns":3},{"damage":15,"enemies":"Shell Parasite","floor":21,"turns":4},{"damage":19,"enemies":"Slavers","floor":24,"turns":4},{"damage":15,"enemies":"Snake Plant","floor":27,"turns":3},{"damage":58,"enemies":"Gremlin Leader","floor":29,"turns":4},{"damage":6,"enemies":"Snecko","floor":31,"turns":5},{"damage":127,"enemies":"Collector","floor":33,"turns":7}],"seed_played":"-8017903272778914946","potions_obtained":[{"floor":1,"key":"SmokeBomb"},{"floor":2,"key":"Ancient Potion"},{"floor":14,"key":"SteroidPotion"},{"floor":16,"key":"Poison Potion"},{"floor":21,"key":"FairyPotion"},{"floor":29,"key":"Regen Potion"},{"floor":31,"key":"BloodPotion"}],"is_trial":false,"path_per_floor":["M","M","?","M","$","R","M","R","T","E","M","E","R","M","R","B",null,"M","?","?","M","$","R","E","T","T","M","R","E","$","M","R","B"],"character_chosen":"IRONCLAD","items_purchased":["Clothesline","Armaments"],"campfire_rested":3,"item_purchase_floors":[22,30],"current_hp_per_floor":[87,88,88,87,87,87,87,87,87,73,75,54,80,85,85,26,88,84,84,84,75,75,75,62,62,62,53,88,36,36,36,77,0],"gold":115,"neow_bonus":"TEN_PERCENT_HP_BONUS","is_prod":false,"is_daily":false,"chose_seed":false,"campfire_upgraded":4,"win_rate":0.0,"timestamp":1561255624,"path_taken":["M","M","?","M","$","R","M","R","T","E","M","E","R","M","R","BOSS","M","?","?","M","$","R","E","?","T","M","R","E","?","M","R","BOSS"],"build_version":"2019-01-23","purchased_purges":3,"victory":false,"max_hp_per_floor":[88,88,88,88,88,88,88,88,88,88,88,88,88,88,88,88,88,88,88,88,88,88,88,88,88,88,88,88,88,88,88,88,88],"card_choices":[{"not_picked":["Thunderclap","Entrench"],"picked":"Intimidate","floor":1},{"not_picked":["Thunderclap","Sword Boomerang"],"picked":"Warcry","floor":2},{"not_picked":["Pummel","Flex"],"picked":"Anger","floor":4},{"not_picked":["Sever Soul","True Grit"],"picked":"Heavy Blade","floor":7},{"not_picked":["Reckless Charge","Corruption"],"picked":"Shrug It Off","floor":10},{"not_picked":["Fire Breathing","Exhume"],"picked":"Dual Wield","floor":11},{"not_picked":["Ghostly Armor","Armaments"],"picked":"Wild Strike","floor":14},{"not_picked":["Exhume","Feed"],"picked":"Immolate","floor":16},{"not_picked":["Headbutt","Havoc+1"],"picked":"Flex","floor":18},{"not_picked":["Second Wind","Anger+1"],"picked":"Pommel Strike+1","floor":21},{"not_picked":["Immolate","Flex"],"picked":"Pommel Strike","floor":24},{"not_picked":["Shrug It Off","Sword Boomerang"],"picked":"Flex","floor":27},{"not_picked":["Barricade","Whirlwind"],"picked":"Demon Form","floor":29},{"not_picked":["Metallicize","Disarm"],"picked":"Havoc","floor":31}],"player_experience":138887,"relics_obtained":[{"floor":9,"key":"Orichalcum"},{"floor":10,"key":"Ancient Tea Set"},{"floor":24,"key":"Regal Pillow"},{"floor":25,"key":"Boot"},{"floor":26,"key":"Oddly Smooth Stone"},{"floor":29,"key":"Bottled Tornado"}],"event_choices":[{"cards_removed":["Strike_R"],"damage_healed":0,"gold_gain":0,"player_choice":"Card Removal","damage_taken":0,"max_hp_gain":0,"max_hp_loss":0,"event_name":"The Cleric","floor":3,"gold_loss":50},{"cards_removed":["Defend_R"],"damage_healed":0,"gold_gain":0,"player_choice":"Elegance","damage_taken":0,"max_hp_gain":0,"max_hp_loss":0,"event_name":"Back to Basics","floor":19,"gold_loss":0},{"damage_healed":0,"gold_gain":0,"player_choice":"Read","damage_taken":0,"max_hp_gain":0,"max_hp_loss":0,"event_name":"The Library","floor":20,"gold_loss":0,"cards_obtained":["Inflame"]}],"is_beta":false,"boss_relics":[{"not_picked":["Philosopher\u0027s Stone","Eternal Feather"],"picked":"Runic Cube"}],"items_purged_floors":[5,22,30],"is_endless":false,"potions_floor_spawned":[1,2,14,16,21,27,29,31],"killed_by":"Collector","ascension_level":0}