{"gold_per_floor":[112,112,125,143,162,177,177,194,194,194,206,206,221,221,221,320,320,332,53,71,86,86,113,113,113,167,167,65,82,107,123,123,123],"floor_reached":33,"playtime":1748,"items_purged":["Decay"],"score":337,"play_id":"36269649-673a-4455-9903-d50f1de70785","local_time":"20190418162138","is_ascension_mode":true,"campfire_choices":[{"data":"Blade Dance","floor":10,"key":"SMITH"},{"data":"Infinite Blades","floor":12,"key":"SMITH"},{"floor":15,"key":"REST"},{"floor":24,"key":"REST"},{"floor":32,"key":"REST"}],"neow_cost":"NONE","seed_source_timestamp":679578031764658,"circlet_count":0,"master_deck":["Defend_G","Defend_G","Defend_G","Defend_G","Defend_G","Strike_G","Strike_G","Strike_G","Strike_G","Survivor","Neutralize","Noxious Fumes+1","Blade Dance+1","Deflect","Infinite Blades+1","Infinite Blades","Accuracy","Adrenaline","Blur","Accuracy","Caltrops+1","Cloak And Dagger","Cloak And Dagger"],"relics":["Ring of the Snake","NeowsBlessing","NlothsMask","Cursed Key","Lee\u0027s Waffle","Boot","MutagenicStrength","Strawberry","Ice Cream"],"potions_floor_usage":[16,18,23,23,23,23,23,33,33],"damage_taken":[{"damage":0,"enemies":"Jaw Worm","floor":1,"turns":1},{"damage":0,"enemies":"Cultist","floor":3,"turns":1},{"damage":0,"enemies":"Small Slimes","floor":4,"turns":1},{"damage":2,"enemies":"2 Fungi Beasts","floor":5,"turns":4},{"damage":9,"enemies":"Lots of Slimes","floor":6,"turns":4},{"damage":8,"enemies":"Blue Slaver","floor":8,"turns":5},{"damage":0,"enemies":"Large Slime","floor":11,"turns":5},{"damage":2,"enemies":"2 Fungi Beasts","floor":13,"turns":4},{"damage":34,"enemies":"Slime Boss","floor":16,"turns":6},{"damage":32,"enemies":"2 Thieves","floor":18,"turns":4},{"damage":21,"enemies":"Spheric Guardian","floor":20,"turns":4},{"damage":36,"enemies":"Snake Plant","floor":21,"turns":6},{"damage":0,"enemies":"Gremlin Leader","floor":23,"turns":5},{"damage":11,"enemies":"Snecko","floor":29,"turns":4},{"damage":41,"enemies":"Slavers","floor":30,"turns":5},{"damage":9,"enemies":"Centurion and Healer","floor":31,"turns":6},{"damage":52,"enemies":"Collector","floor":33,"turns":7}],"seed_played":"-6821926279003178493","potions_obtained":[{"floor":3,"key":"EntropicBrew"},{"floor":5,"key":"PowerPotion"},{"floor":11,"key":"Fire Potion"},{"floor":16,"key":"PowerPotion"},{"floor":21,"key":"Strength Potion"},{"floor":30,"key":"LiquidBronze"}],"is_trial":false,"path_per_floor":["M","?","M","M","M","M","?","M","T","R","M","R","M","?","R","B",null,"M","$","M","M","?","E","R","?","T","?","$","M","E","M","R","B"],"character_chosen":"THE_SILENT","items_purchased":["Lee\u0027s Waffle","Accuracy","Cloak And Dagger"],"campfire_rested":3,"item_purchase_floors":[19,19,28],"current_hp_per_floor":[70,70,70,70,68,59,59,51,51,51,51,51,49,49,70,36,70,38,77,56,20,20,20,43,43,50,84,84,73,32,23,48,0],"gold":123,"neow_bonus":"THREE_ENEMY_KILL","is_prod":false,"is_daily":false,"chose_seed":false,"campfire_upgraded":2,"win_rate":0,"timestamp":1555568498,"path_taken":["M","?","M","?","?","M","?","M","T","R","M","R","M","?","R","BOSS","M","$","?","M","?","E","R","?","T","?","$","?","E","M","R","BOSS"],"build_version":"2019-01-23","purchased_purges":1,"victory":false,"max_hp_per_floor":[70,70,70,70,70,70,70,70,70,70,70,70,70,70,70,70,70,70,77,77,77,77,77,77,77,84,84,84,84,84,84,84,84],"card_choices":[{"not_picked":["Prepared","Deflect"],"picked":"Noxious Fumes","floor":1},{"not_picked":["Bouncing Flask","Sucker Punch"],"picked":"Blade Dance","floor":3},{"not_picked":["Caltrops","PiercingWail"],"picked":"Deflect","floor":4},{"not_picked":["Dash","Endless Agony"],"picked":"Infinite Blades","floor":5},{"not_picked":["Dodge and Roll","Dagger Throw","Deflect"],"picked":"SKIP","floor":6},{"not_picked":["Blade Dance","Riddle With Holes","Poisoned Stab"],"picked":"SKIP","floor":8},{"not_picked":["Deadly Poison","Deflect"],"picked":"Infinite Blades","floor":11},{"not_picked":["A Thousand Cuts","Cloak And Dagger"],"picked":"Accuracy","floor":13},{"not_picked":["Bullet Time","Glass Knife"],"picked":"Adrenaline","floor":16},{"not_picked":["Skewer+1","Flying Knee"],"picked":"Blur","floor":18},{"not_picked":["Flechettes+1","Dodge and Roll","Dagger Spray"],"picked":"SKIP","floor":20},{"not_picked":["Riddle With Holes","Well Laid Plans"],"picked":"Caltrops+1","floor":21},{"not_picked":["Adrenaline","Caltrops+1"],"picked":"Cloak And Dagger","floor":23},{"not_picked":["Dash","Distraction","Flying Knee"],"picked":"SKIP","floor":29},{"not_picked":["Outmaneuver","Quick Slash+1","Bane"],"picked":"SKIP","floor":30},{"not_picked":["Quick Slash+1","PiercingWail","Flying Knee"],"picked":"SKIP","floor":31}],"player_experience":321536,"relics_obtained":[{"floor":23,"key":"Boot"},{"floor":26,"key":"Strawberry"},{"floor":30,"key":"Ice Cream"}],"event_choices":[{"damage_healed":0,"gold_gain":0,"player_choice":"Trade","damage_taken":0,"relics_obtained":["NlothsMask"],"max_hp_gain":0,"max_hp_loss":0,"event_name":"FaceTrader","floor":2,"gold_loss":0},{"damage_healed":0,"gold_gain":0,"player_choice":"Grow","damage_taken":0,"max_hp_gain":0,"max_hp_loss":0,"event_name":"Living Wall","floor":7,"gold_loss":0,"cards_upgraded":["Noxious Fumes"]},{"cards_removed":["Strike_G"],"damage_healed":0,"gold_gain":0,"player_choice":"Offered Basic","damage_taken":0,"max_hp_gain":0,"max_hp_loss":0,"event_name":"Bonfire Elementals","floor":14,"gold_loss":0},{"damage_healed":0,"gold_gain":0,"player_choice":"Ignored","damage_taken":0,"max_hp_gain":0,"max_hp_loss":0,"event_name":"Cursed Tome","floor":22,"gold_loss":0},{"damage_healed":0,"gold_gain":0,"player_choice":"Inject Mutagens","damage_taken":0,"relics_obtained":["MutagenicStrength"],"max_hp_gain":0,"max_hp_loss":0,"event_name":"Drug Dealer","floor":25,"gold_loss":0},{"damage_healed":34,"gold_gain":0,"player_choice":"Full Heal","damage_taken":0,"max_hp_gain":0,"max_hp_loss":0,"event_name":"Wheel of Change","floor":27,"gold_loss":0}],"is_beta":false,"boss_relics":[{"not_picked":["Empty Cage","Velvet Choker"],"picked":"Cursed Key"}],"items_purged_floors":[28],"is_endless":false,"potions_floor_spawned":[3,5,11,13,16,21,30],"killed_by":"Collector","ascension_level":2}