{"path_per_floor":["M","M","M","M","M","E","M","E","T","E","M","?","?","M","R","B",null,"M","M","$","?","M","E","?","M","T","M","M","E","T","$","R","B",null,"M","?","?","M","M","E","R","$","T","?","$","?","R","E","R"],"character_chosen":"THE_SILENT","items_purchased":["Master of Strategy","Panache","Prepared","Infinite Blades"],"gold_per_floor":[15,26,45,59,71,106,126,153,153,184,200,200,200,210,210,305,305,317,331,60,60,78,113,113,129,129,149,168,203,203,203,203,304,304,314,368,368,387,397,429,429,81,106,106,27,27,27,57,57],"floor_reached":50,"campfire_rested":2,"playtime":6319,"current_hp_per_floor":[70,70,70,55,55,52,50,36,36,24,24,17,40,37,37,5,70,69,62,62,62,60,60,60,60,60,60,60,53,53,53,53,43,70,70,43,43,42,34,7,43,43,43,33,33,33,33,33,67],"items_purged":["Strike_G","Doubt"],"gold":57,"play_id":"576807ff-4778-4f59-8eb7-afe809aa48c9","is_prod":false,"is_daily":false,"is_ascension_mode":false,"campfire_upgraded":1,"path_taken":["M","M","M","M","M","E","M","E","T","E","M","?","?","M","R","BOSS","M","M","$","?","M","E","?","?","T","M","M","E","?","$","R","BOSS","M","?","?","?","M","E","R","$","T","?","$","?","R","E","R","BOSS"],"build_version":"2018-02-01-PROD3","purchased_purges":2,"victory":false,"master_deck":["Defend_G","Defend_G+1","Defend_G","Defend_G","Defend_G","Strike_G","Survivor","Neutralize","Envenom+1","Slice","Deflect+1","Bane","Endless Agony","Adrenaline","Acrobatics","Dagger Spray","Noxious Fumes","Bane","Tools of the Trade+1","Dodge and Roll","Choke+1","Master of Strategy","Acrobatics+1","Predator","Storm of Steel","Underhanded Strike+1","Slice","Dagger Spray+1","Die Die Die","Blade Dance+1","Reflex+1","Escape Plan","Backflip+1","Dodge and Roll+1","Panache","Prepared","Madness","Madness","Infinite Blades","Infinite Blades+1"],"max_hp_per_floor":[70,70,70,70,70,70,70,70,70,70,70,70,70,70,70,70,70,70,70,70,70,70,70,70,70,70,70,70,70,70,70,70,70,70,70,70,70,70,70,70,70,70,70,70,70,67,67,67,67],"relics":["Ring of the Snake","Mummified Hand","Bronze Scales","Sundial","War Paint","Cursed Key","Omamori","Vajra","Thread and Needle","Ornamental Fan","Girya","Calling Bell","Regal Pillow","Torii","Centennial Puzzle","Gambling Chip","Orichalcum","Pen Nib","Blue Candle"],"card_choices":[{"not_picked":["Dagger Spray","Malaise"],"picked":"Envenom"},{"not_picked":["Malaise","PiercingWail"],"picked":"Slice"},{"not_picked":["PiercingWail","Underhanded Strike"],"picked":"Deflect"},{"not_picked":["Slice","Outmaneuver"],"picked":"Bane"},{"not_picked":["Crippling Poison","Sucker Punch"],"picked":"Endless Agony"},{"not_picked":["Prepared","Acrobatics"],"picked":"Adrenaline"},{"not_picked":["Bane","Outmaneuver"],"picked":"Acrobatics"},{"not_picked":["Acrobatics","PiercingWail"],"picked":"Dagger Spray"},{"not_picked":["Terror","Quick Slash"],"picked":"Noxious Fumes"},{"not_picked":["Dagger Spray","Prepared"],"picked":"Bane"},{"not_picked":["Adrenaline","Wraith Form"],"picked":"Tools of the Trade"},{"not_picked":["Underhanded Strike","Deadly Poison"],"picked":"Dodge and Roll"},{"not_picked":["Masterful Stab","Acrobatics"],"picked":"Choke"},{"not_picked":["Bane","Deadly Poison"],"picked":"Acrobatics"},{"not_picked":["Dagger Spray","Slice"],"picked":"Predator"},{"not_picked":["Eviscerate","Deadly Poison"],"picked":"Storm of Steel"},{"not_picked":["Flying Knee","Acrobatics"],"picked":"Underhanded Strike"},{"not_picked":["Dagger Spray","Masterful Stab"],"picked":"Slice"},{"not_picked":["Heel Hook","Flying Knee"],"picked":"Dagger Spray"},{"not_picked":["Bullet Time","Envenom"],"picked":"Die Die Die"},{"not_picked":["Malaise","Outmaneuver"],"picked":"Blade Dance"},{"not_picked":["Dagger Throw","PiercingWail"],"picked":"Reflex"},{"not_picked":["Sucker Punch","Flying Knee"],"picked":"Escape Plan"},{"not_picked":["Flying Knee","Slice"],"picked":"Backflip"},{"not_picked":["Skewer","Well Laid Plans"],"picked":"Dodge and Roll"},{"not_picked":["Endless Agony","Dodge and Roll"],"picked":"Infinite Blades"}],"player_experience":157681,"potions_floor_usage":[38,40,50,50],"damage_taken":[{"damage":0.0,"enemies":"Blue Slaver","floor":1.0,"turns":6.0},{"damage":0.0,"enemies":"Small Slimes","floor":2.0,"turns":5.0},{"damage":0.0,"enemies":"Jaw Worm","floor":3.0,"turns":5.0},{"damage":15.0,"enemies":"Exordium Thugs","floor":4.0,"turns":7.0},{"damage":0.0,"enemies":"Looter","floor":5.0,"turns":4.0},{"damage":3.0,"enemies":"3 Sentries","floor":6.0,"turns":8.0},{"damage":2.0,"enemies":"Lots of Slimes","floor":7.0,"turns":4.0},{"damage":14.0,"enemies":"Gremlin Nob","floor":8.0,"turns":5.0},{"damage":12.0,"enemies":"3 Sentries","floor":10.0,"turns":4.0},{"damage":0.0,"enemies":"Exordium Wildlife","floor":11.0,"turns":4.0},{"damage":3.0,"enemies":"Exordium Thugs","floor":14.0,"turns":4.0},{"damage":32.0,"enemies":"The Guardian","floor":16.0,"turns":9.0},{"damage":1.0,"enemies":"Shell Parasite","floor":18.0,"turns":5.0},{"damage":7.0,"enemies":"Spheric Guardian","floor":19.0,"turns":6.0},{"damage":2.0,"enemies":"Snecko","floor":22.0,"turns":4.0},{"damage":0.0,"enemies":"Gremlin Leader","floor":23.0,"turns":3.0},{"damage":0.0,"enemies":"Chosen and Byrds","floor":25.0,"turns":5.0},{"damage":0.0,"enemies":"Snake Plant","floor":27.0,"turns":2.0},{"damage":0.0,"enemies":"Slaver and Parasite","floor":28.0,"turns":4.0},{"damage":7.0,"enemies":"Slavers","floor":29.0,"turns":3.0},{"damage":10.0,"enemies":"Champ","floor":33.0,"turns":6.0},{"damage":0.0,"enemies":"3 Darklings","floor":35.0,"turns":3.0},{"damage":27.0,"enemies":"Mysterious Sphere","floor":36.0,"turns":4.0},{"damage":7,"enemies":"3 Shapes","floor":38,"turns":3},{"damage":8,"enemies":"3 Darklings","floor":39,"turns":3},{"damage":27,"enemies":"Nemesis","floor":40,"turns":4},{"damage":0,"enemies":"2 Orb Walkers","floor":48,"turns":2},{"damage":79,"enemies":"Time Eater","floor":50,"turns":7}],"event_choices":[{"event_name":"Golden Wing","player_choice":"Card Removal","floor":12.0,"damage_taken":0.0},{"event_name":"Big Fish","player_choice":"Banana","floor":13.0,"damage_taken":0.0},{"event_name":"Accursed Blacksmith","player_choice":"Forge","floor":21.0,"damage_taken":0.0},{"event_name":"The Mausoleum","player_choice":"Yes","floor":24.0,"damage_taken":0.0},{"event_name":"Mysterious Sphere","player_choice":"Fight","floor":36.0,"damage_taken":0.0},{"event_name":"Tomb of Lord Red Mask","player_choice":"Ignored","floor":37.0,"damage_taken":0.0},{"event_name":"Winding Halls","player_choice":"Embrace Madness","floor":44,"damage_taken":0},{"event_name":"Fountain of Cleansing","player_choice":"Removed Curse","floor":46,"damage_taken":0}],"boss_relics":[],"potions_floor_spawned":[3,4,5,6,8,16,19,27,28,33,38,40],"seed_played":"1630406555454437157","killed_by":"Time Eater","ascension_level":0,"is_trial":false}