{"gold_per_floor":[119,119,119,130,145,145,159,159,185,185,200,250],"floor_reached":12,"playtime":248,"items_purged":[],"score":140,"play_id":"16158aad-a046-4988-9f96-1348566b9069","local_time":"20190624234633","is_ascension_mode":true,"campfire_choices":[{"data":"Zap","floor":6,"key":"SMITH"},{"floor":8,"key":"REST"},{"data":"Hologram","floor":10,"key":"SMITH"}],"neow_cost":"NONE","seed_source_timestamp":234364326142100,"circlet_count":0,"master_deck":["AscendersBane","Strike_B","Strike_B","Strike_B","Strike_B","Defend_B","Defend_B","Defend_B","Zap+1","Dualcast","Hologram+1","Genetic Algorithm","Hologram","Recycle"],"relics":["Cracked Core","Strawberry","SsserpentHead","Bronze Scales"],"potions_floor_usage":[],"damage_taken":[{"damage":0,"enemies":"Small Slimes","floor":1,"turns":2},{"damage":14,"enemies":"Jaw Worm","floor":4,"turns":4},{"damage":1,"enemies":"Cultist","floor":5,"turns":3},{"damage":34,"enemies":"Exordium Thugs","floor":7,"turns":4},{"damage":21,"enemies":"3 Louse","floor":11,"turns":2},{"damage":31,"enemies":"Large Slime","floor":12,"turns":4}],"seed_played":"5345532285728799662","potions_obtained":[{"floor":5,"key":"PowerPotion"},{"floor":7,"key":"GamblersBrew"}],"is_trial":false,"path_per_floor":["M","?","?","M","M","R","M","R","T","R","M","M"],"character_chosen":"DEFECT","items_purchased":[],"campfire_rested":1,"item_purchase_floors":[],"current_hp_per_floor":[71,71,71,57,56,56,22,45,45,45,24,0],"gold":250,"neow_bonus":"RANDOM_COMMON_RELIC","is_prod":false,"is_daily":false,"chose_seed":false,"campfire_upgraded":2,"win_rate":0,"timestamp":1561391193,"path_taken":["M","?","?","M","M","R","M","R","T","R","M","?"],"build_version":"2019-01-23","purchased_purges":0,"victory":false,"max_hp_per_floor":[78,78,78,78,78,78,78,78,78,78,78,78],"card_choices":[{"not_picked":["Sweeping Beam","Force Field","Rip and Tear"],"picked":"SKIP","floor":1},{"not_picked":["Steam","Redo"],"picked":"Hologram","floor":4},{"not_picked":["Barrage","FTL"],"picked":"Genetic Algorithm","floor":5},{"not_picked":["Redo","Compile Driver"],"picked":"Hologram","floor":7},{"not_picked":["Compile Driver","Streamline"],"picked":"Recycle","floor":11}],"player_experience":730041,"relics_obtained":[{"floor":9,"key":"Bronze Scales"}],"event_choices":[{"cards_removed":["Defend_B"],"damage_healed":0,"gold_gain":0,"player_choice":"Forget","damage_taken":0,"max_hp_gain":0,"max_hp_loss":0,"event_name":"Living Wall","floor":2,"gold_loss":0},{"damage_healed":0,"gold_gain":0,"player_choice":"Trade","damage_taken":0,"relics_obtained":["SsserpentHead"],"max_hp_gain":0,"max_hp_loss":0,"event_name":"FaceTrader","floor":3,"gold_loss":0}],"is_beta":false,"boss_relics":[],"items_purged_floors":[],"is_endless":false,"potions_floor_spawned":[5,7],"killed_by":"Large Slime","ascension_level":20}