{"gold_per_floor":[110,110,38,54,64,64,90,90,90,68,68,97,112,138,138,236,236,211,310,321,340,265,265,17,52,75,103,103,3,20,51,51,146,146,164,164,39,39,58,58,92,111,111,140,140,140,158,184,184,184,184,184,2,30,30],"floor_reached":56,"playtime":8116,"items_purged":["Defend_B","Defend_B","Defend_B"],"score":1351,"play_id":"2dd2f132-3e8e-4973-a6ea-6ba806ea9772","local_time":"20190621023645","is_ascension_mode":true,"campfire_choices":[{"data":"Genetic Algorithm","floor":6,"key":"SMITH"},{"floor":8,"key":"REST"},{"data":"Defragment","floor":11,"key":"SMITH"},{"data":"White Noise","floor":15,"key":"SMITH"},{"data":"Glacier","floor":23,"key":"SMITH"},{"floor":28,"key":"RECALL"},{"data":"Loop","floor":32,"key":"SMITH"},{"data":"Apotheosis","floor":40,"key":"SMITH"},{"floor":45,"key":"DIG"},{"floor":49,"key":"DIG"},{"floor":52,"key":"DIG"}],"neow_cost":"NONE","seed_source_timestamp":629223014046900,"circlet_count":0,"master_deck":["Strike_B+1","Defend_B","Zap+1","Dualcast+1","Hello World","BootSequence","Defragment+1","Genetic Algorithm+1","Glacier","Glacier+1","Conserve Battery","Cold Snap","Loop+1","White Noise+1","Echo Form","Compile Driver+1","Cold Snap","Apotheosis+1","Conserve Battery","Chill+1","Amplify","Electrodynamics","Gash","Hologram+1","Writhe","White Noise","Lockon","Reinforced Body","Defragment","Static Discharge+1"],"relics":["Cracked Core","Odd Mushroom","Bottled Tornado","Gremlin Horn","Ornamental Fan","Velvet Choker","Mango","Lantern","Torii","Art of War","Cursed Key","Shovel","Oddly Smooth Stone","Whetstone","Happy Flower","Bag of Preparation","Kunai","War Paint","Vajra"],"potions_floor_usage":[20,25,31,48,50,50,54],"damage_taken":[{"damage":1,"enemies":"Jaw Worm","floor":1,"turns":4},{"damage":2,"enemies":"Small Slimes","floor":4,"turns":4},{"damage":1,"enemies":"2 Louse","floor":5,"turns":3},{"damage":45,"enemies":"The Mushroom Lair","floor":7,"turns":5},{"damage":6,"enemies":"Lagavulin","floor":12,"turns":8},{"damage":0,"enemies":"Looter","floor":13,"turns":4},{"damage":9,"enemies":"Gremlin Nob","floor":14,"turns":7},{"damage":7,"enemies":"Hexaghost","floor":16,"turns":11},{"damage":0,"enemies":"2 Thieves","floor":18,"turns":5},{"damage":10,"enemies":"3 Byrds","floor":20,"turns":6},{"damage":0,"enemies":"Snecko","floor":21,"turns":7},{"damage":13,"enemies":"Slavers","floor":25,"turns":10},{"damage":20,"enemies":"Gremlin Leader","floor":27,"turns":8},{"damage":1,"enemies":"Centurion and Healer","floor":30,"turns":7},{"damage":17,"enemies":"Slavers","floor":31,"turns":8},{"damage":0,"enemies":"Automaton","floor":33,"turns":16},{"damage":0,"enemies":"Orb Walker","floor":35,"turns":5},{"damage":0,"enemies":"3 Darklings","floor":39,"turns":3},{"damage":0,"enemies":"Nemesis","floor":41,"turns":9},{"damage":30,"enemies":"Sphere and 2 Shapes","floor":42,"turns":4},{"damage":7,"enemies":"Giant Head","floor":44,"turns":12},{"damage":12,"enemies":"Transient","floor":47,"turns":5},{"damage":22,"enemies":"Reptomancer","floor":48,"turns":8},{"damage":1,"enemies":"Donu and Deca","floor":50,"turns":7},{"damage":24,"enemies":"Shield and Spear","floor":54,"turns":13},{"damage":60,"enemies":"The Heart","floor":55,"turns":10}],"seed_played":"-5655451497202644539","potions_obtained":[{"floor":1,"key":"SpeedPotion"},{"floor":5,"key":"SpeedPotion"},{"floor":7,"key":"Weak Potion"},{"floor":13,"key":"GamblersBrew"},{"floor":20,"key":"LiquidBronze"},{"floor":27,"key":"Regen Potion"},{"floor":31,"key":"SmokeBomb"},{"floor":33,"key":"Swift Potion"},{"floor":39,"key":"PowerPotion"},{"floor":41,"key":"SpeedPotion"},{"floor":44,"key":"SkillPotion"},{"floor":48,"key":"Block Potion"}],"is_trial":false,"path_per_floor":["M","?","$","M","M","R","?","R","T","$","R","E","M","E","R","B",null,"M","?","M","M","?","R","$","E","T","E","R","$","M","E","R","B",null,"M","?","$","?","M","R","E","M","T","E","R","?","M","E","R","B",null,"R","$","E","B",null],"character_chosen":"DEFECT","items_purchased":["Defragment","Conserve Battery","Apotheosis","Defragment","War Paint"],"campfire_rested":1,"item_purchase_floors":[3,10,24,53,53],"current_hp_per_floor":[74,74,74,72,71,71,26,48,48,48,48,42,42,33,33,26,75,75,75,65,65,65,65,65,66,66,46,46,46,45,43,43,43,89,89,85,85,85,85,85,85,55,55,48,48,48,36,14,14,13,85,85,85,61,1],"gold":30,"neow_bonus":"THREE_CARDS","is_prod":false,"is_daily":false,"chose_seed":false,"campfire_upgraded":6,"win_rate":0,"timestamp":1561099005,"path_taken":["M","?","$","M","M","R","?","R","T","?","R","E","M","E","R","BOSS","M","?","M","M","?","R","$","E","T","E","R","$","M","E","R","BOSS","M","?","$","?","?","R","E","M","T","E","R","?","M","E","R","BOSS","R","$","E","BOSS"],"build_version":"2019-01-23","purchased_purges":3,"victory":true,"max_hp_per_floor":[75,75,75,75,75,75,75,75,75,75,75,75,75,75,75,75,75,75,75,75,75,75,75,75,89,89,89,89,89,89,89,89,89,89,89,85,85,85,85,85,85,85,85,85,85,85,85,85,85,85,85,85,85,85,85],"card_choices":[{"not_picked":["Streamline","Ball Lightning"],"picked":"Hello World","floor":0},{"not_picked":["Rebound","Cold Snap"],"picked":"BootSequence","floor":1},{"not_picked":["Streamline","Hologram"],"picked":"Genetic Algorithm","floor":4},{"not_picked":["Barrage","Streamline"],"picked":"Glacier","floor":5},{"not_picked":["Fusion","Loop"],"picked":"Glacier","floor":7},{"not_picked":["Turbo","Gash"],"picked":"Cold Snap","floor":12},{"not_picked":["Scrape","Fusion"],"picked":"Loop","floor":13},{"not_picked":["Aggregate","Gash"],"picked":"White Noise","floor":14},{"not_picked":["Creative AI","Machine Learning"],"picked":"Echo Form","floor":16},{"not_picked":["Self Repair","Rebound"],"picked":"Compile Driver","floor":18},{"not_picked":["Stack","Compile Driver"],"picked":"Cold Snap","floor":20},{"not_picked":["Reinforced Body","Hologram","Scrape"],"picked":"SKIP","floor":21},{"not_picked":["Thunder Strike","Loop"],"picked":"Conserve Battery","floor":25},{"not_picked":["Barrage","Rebound","Genetic Algorithm+1"],"picked":"SKIP","floor":27},{"not_picked":["Cold Snap","Consume"],"picked":"Chill","floor":30},{"not_picked":["Reinforced Body","Coolheaded"],"picked":"Amplify","floor":31},{"not_picked":["Buffer","Echo Form"],"picked":"Electrodynamics","floor":33},{"not_picked":["Hello World+1","Loop+1"],"picked":"Gash","floor":35},{"not_picked":["Beam Cell","Conserve Battery","Hologram+1"],"picked":"SKIP","floor":39},{"not_picked":["Aggregate+1","Consume+1","Rebound+1"],"picked":"SKIP","floor":41},{"not_picked":["Compile Driver+1","Steam Power+1"],"picked":"Hologram+1","floor":42},{"not_picked":["Turbo","Static Discharge+1"],"picked":"White Noise","floor":44},{"not_picked":["Rebound+1","Go for the Eyes"],"picked":"Lockon","floor":47},{"not_picked":["Steam Power+1","Conserve Battery"],"picked":"Reinforced Body","floor":48},{"not_picked":["Multi-Cast","Consume"],"picked":"Static Discharge+1","floor":54}],"player_experience":269088,"relics_obtained":[{"floor":7,"key":"Odd Mushroom"},{"floor":9,"key":"Bottled Tornado"},{"floor":12,"key":"Gremlin Horn"},{"floor":14,"key":"Ornamental Fan"},{"floor":25,"key":"Mango"},{"floor":26,"key":"Lantern"},{"floor":27,"key":"Torii"},{"floor":31,"key":"Art of War"},{"floor":41,"key":"Shovel"},{"floor":44,"key":"Oddly Smooth Stone"},{"floor":45,"key":"Whetstone"},{"floor":48,"key":"Happy Flower"},{"floor":49,"key":"Bag of Preparation"},{"floor":52,"key":"Kunai"},{"floor":54,"key":"Vajra"}],"event_choices":[{"cards_removed":["Strike_B"],"damage_healed":0,"gold_gain":0,"player_choice":"Forget","damage_taken":0,"max_hp_gain":0,"max_hp_loss":0,"event_name":"Living Wall","floor":2,"gold_loss":0},{"damage_healed":0,"gold_gain":0,"player_choice":"Fought Mushrooms","damage_taken":0,"max_hp_gain":0,"max_hp_loss":0,"event_name":"Mushrooms","floor":7,"gold_loss":0},{"damage_healed":0,"gold_gain":99,"player_choice":"Stole From Cult","damage_taken":0,"max_hp_gain":0,"max_hp_loss":0,"event_name":"Nest","floor":19,"gold_loss":0},{"cards_removed":["Strike_B"],"damage_healed":0,"gold_gain":0,"player_choice":"Gave Gold","damage_taken":0,"max_hp_gain":0,"max_hp_loss":0,"event_name":"Beggar","floor":22,"gold_loss":75},{"damage_healed":0,"gold_gain":0,"player_choice":"Max HP","damage_taken":0,"max_hp_gain":0,"max_hp_loss":4,"event_name":"Winding Halls","floor":36,"gold_loss":0},{"damage_healed":0,"gold_gain":0,"player_choice":"Forge","damage_taken":0,"max_hp_gain":0,"max_hp_loss":0,"event_name":"Accursed Blacksmith","floor":38,"gold_loss":0,"cards_upgraded":["Chill"]},{"cards_removed":["Strike_B"],"damage_healed":0,"gold_gain":0,"player_choice":"Removed Attack","damage_taken":0,"max_hp_gain":0,"max_hp_loss":0,"event_name":"Falling","floor":46,"gold_loss":0}],"is_beta":false,"boss_relics":[{"not_picked":["Lizard Tail","Tiny House"],"picked":"Velvet Choker"},{"not_picked":["Snecko Eye","Orrery"],"picked":"Cursed Key"}],"items_purged_floors":[24,29,37],"is_endless":false,"potions_floor_spawned":[1,5,7,13,20,27,31,33,39,41,44,48],"ascension_level":1}