{"gold_per_floor":[114,114,127,146,160,187,187,187,239,239,263,288,331,350,350,481,481,502,502,520,545,559,559,577,577],"floor_reached":25,"playtime":2249,"items_purged":[],"score":230,"play_id":"1bf0957a-c7b6-4355-8793-b29580a2e95b","local_time":"20190117221005","is_ascension_mode":true,"campfire_choices":[{"floor":8,"key":"REST"},{"floor":10,"key":"REST"},{"floor":15,"key":"REST"},{"floor":23,"key":"REST"}],"neow_cost":"NONE","seed_source_timestamp":613441806654694,"circlet_count":0,"master_deck":["Strike_B","Strike_B","Strike_B","Strike_B","Defend_B","Defend_B","Defend_B","Defend_B","Zap+1","Dualcast","Barrage","White Noise","FTL","Stack","Static Discharge","Buffer","Coolheaded","Electrodynamics","Stack","Reboot","Beam Cell","RitualDagger","Conserve Battery","Sweeping Beam","Conserve Battery"],"relics":["Cracked Core","Meat on the Bone","Oddly Smooth Stone","Golden Idol","Boot","Mummified Hand","Busted Crown"],"potions_floor_usage":[13,13,13],"damage_taken":[{"damage":2,"enemies":"Jaw Worm","floor":1,"turns":3},{"damage":6,"enemies":"2 Louse","floor":3,"turns":2},{"damage":0,"enemies":"Small Slimes","floor":4,"turns":3},{"damage":9,"enemies":"Blue Slaver","floor":5,"turns":3},{"damage":22,"enemies":"3 Sentries","floor":6,"turns":7},{"damage":4,"enemies":"Large Slime","floor":11,"turns":5},{"damage":8,"enemies":"Exordium Wildlife","floor":12,"turns":4},{"damage":28,"enemies":"Gremlin Nob","floor":13,"turns":5},{"damage":9,"enemies":"Blue Slaver","floor":14,"turns":3},{"damage":23,"enemies":"The Guardian","floor":16,"turns":10},{"damage":6,"enemies":"Spheric Guardian","floor":18,"turns":4},{"damage":33,"enemies":"2 Thieves","floor":20,"turns":4},{"damage":15,"enemies":"Shelled Parasite and Fungi","floor":21,"turns":5},{"damage":24,"enemies":"Snecko","floor":22,"turns":5},{"damage":7,"enemies":"Snake Plant","floor":24,"turns":4},{"damage":46,"enemies":"Book of Stabbing","floor":25,"turns":7}],"seed_played":"2818525667237572880","potions_obtained":[{"floor":1,"key":"Regen Potion"},{"floor":6,"key":"Explosive Potion"},{"floor":12,"key":"Weak Potion"},{"floor":14,"key":"GamblersBrew"},{"floor":16,"key":"Swift Potion"},{"floor":21,"key":"Ancient Potion"}],"is_trial":false,"path_per_floor":["M","?","M","M","M","E","?","R","T","R","M","M","E","M","R","B",null,"M","?","M","M","M","R","M","E"],"character_chosen":"DEFECT","items_purchased":[],"campfire_rested":4,"item_purchase_floors":[],"current_hp_per_floor":[73,61,55,55,46,36,18,40,40,62,58,50,46,49,71,48,75,69,63,42,39,27,49,42,0],"gold":577,"neow_bonus":"UPGRADE_CARD","is_prod":false,"is_daily":false,"chose_seed":false,"campfire_upgraded":0,"win_rate":0,"timestamp":1547723405,"path_taken":["M","?","M","M","M","E","?","R","T","R","M","M","E","M","R","BOSS","M","?","M","M","M","R","M","E"],"build_version":"2019-01-10","purchased_purges":0,"victory":false,"max_hp_per_floor":[75,75,75,75,75,75,75,75,75,75,75,75,75,75,75,75,75,75,75,75,75,75,75,75,75],"card_choices":[{"not_picked":["Rebound","Beam Cell"],"picked":"Barrage","floor":1},{"not_picked":["Rebound","Lockon"],"picked":"White Noise","floor":3},{"not_picked":["Tempest","Fusion"],"picked":"FTL","floor":4},{"not_picked":["Lockon","Turbo"],"picked":"Stack","floor":5},{"not_picked":["Sweeping Beam","Gash"],"picked":"Static Discharge","floor":6},{"not_picked":["Sweeping Beam","Scrape"],"picked":"Buffer","floor":11},{"not_picked":["Streamline","Undo"],"picked":"Coolheaded","floor":12},{"not_picked":["Gash","Streamline"],"picked":"Electrodynamics","floor":13},{"not_picked":["Redo","Hologram"],"picked":"Stack","floor":14},{"not_picked":["Core Surge","All For One"],"picked":"Reboot","floor":16},{"not_picked":[],"picked":"Beam Cell","floor":18},{"not_picked":[],"picked":"Conserve Battery","floor":20},{"not_picked":[],"picked":"Sweeping Beam","floor":21},{"not_picked":[],"picked":"Conserve Battery","floor":22},{"not_picked":["Redo"],"picked":"SKIP","floor":24}],"player_experience":70825,"relics_obtained":[{"floor":6,"key":"Oddly Smooth Stone"},{"floor":9,"key":"Boot"},{"floor":13,"key":"Mummified Hand"}],"event_choices":[{"damage_healed":0,"gold_gain":0,"player_choice":"Success","damage_taken":12,"relics_obtained":["Meat on the Bone"],"max_hp_gain":0,"max_hp_loss":0,"event_name":"Scrap Ooze","floor":2,"gold_loss":0},{"damage_healed":0,"gold_gain":0,"player_choice":"Take Damage","damage_taken":18,"relics_obtained":["Golden Idol"],"max_hp_gain":0,"max_hp_loss":0,"event_name":"Golden Idol","floor":7,"gold_loss":0},{"damage_healed":0,"gold_gain":0,"player_choice":"Joined the Cult","damage_taken":6,"max_hp_gain":0,"max_hp_loss":0,"event_name":"Nest","floor":19,"gold_loss":0,"cards_obtained":["RitualDagger"]}],"is_beta":false,"boss_relics":[{"not_picked":["Runic Dome","White Beast Statue"],"picked":"Busted Crown"}],"items_purged_floors":[],"is_endless":false,"potions_floor_spawned":[1,6,12,14,16,21,22,24],"killed_by":"Book of Stabbing","ascension_level":1}