{"gold_per_floor":[116,116,135,151,170,195,212,212,212,239,249,249,249,269,269,369,369,382,382,382,394,407,407,407],"floor_reached":24,"playtime":986,"items_purged":[],"score":256,"play_id":"72f54bfa-61eb-45b4-a801-1ddc4f58d3d7","local_time":"20190519112636","is_ascension_mode":true,"campfire_choices":[{"floor":8,"key":"REST"},{"floor":15,"key":"REST"},{"floor":23,"key":"REST"}],"neow_cost":"NONE","seed_source_timestamp":56447779909022,"circlet_count":0,"master_deck":["Defend_B","Defend_B+1","Defend_B","Defend_B","Zap+1","Dualcast","Gash","Sweeping Beam","Gash","Ball Lightning","Ball Lightning","Conserve Battery","Echo Form","Bite","Bite","Bite","Bite","Bite"],"relics":["Cracked Core","NeowsBlessing","War Paint","Bottled Flame","Cables","Empty Cage","Peace Pipe"],"potions_floor_usage":[6,16,16,21,22],"damage_taken":[{"damage":0,"enemies":"2 Louse","floor":1,"turns":1},{"damage":0,"enemies":"Cultist","floor":3,"turns":1},{"damage":0,"enemies":"Jaw Worm","floor":4,"turns":1},{"damage":11,"enemies":"2 Fungi Beasts","floor":5,"turns":3},{"damage":19,"enemies":"Gremlin Nob","floor":6,"turns":4},{"damage":6,"enemies":"Looter","floor":7,"turns":3},{"damage":18,"enemies":"Lagavulin","floor":10,"turns":5},{"damage":24,"enemies":"Exordium Thugs","floor":11,"turns":3},{"damage":6,"enemies":"3 Louse","floor":14,"turns":3},{"damage":40,"enemies":"The Guardian","floor":16,"turns":7},{"damage":32,"enemies":"Shell Parasite","floor":18,"turns":5},{"damage":14,"enemies":"Chosen","floor":21,"turns":4},{"damage":39,"enemies":"Centurion and Healer","floor":22,"turns":6},{"damage":29,"enemies":"Slavers","floor":24,"turns":1}],"seed_played":"-3311340300548248436","potions_obtained":[{"floor":4,"key":"Weak Potion"},{"floor":5,"key":"SkillPotion"},{"floor":6,"key":"Weak Potion"},{"floor":10,"key":"FearPotion"},{"floor":11,"key":"FocusPotion"},{"floor":16,"key":"Explosive Potion"}],"is_trial":false,"path_per_floor":["M","?","M","M","M","E","M","R","T","E","M","?","?","M","R","B",null,"M","?","T","M","M","R","E"],"character_chosen":"DEFECT","items_purchased":[],"campfire_rested":3,"item_purchase_floors":[],"current_hp_per_floor":[75,75,75,75,64,45,39,61,61,43,19,44,44,38,60,20,75,43,43,43,39,10,25,0],"gold":407,"neow_bonus":"THREE_ENEMY_KILL","is_prod":false,"is_daily":false,"chose_seed":false,"campfire_upgraded":0,"win_rate":0,"timestamp":1558229196,"path_taken":["M","?","M","M","?","E","M","R","T","E","M","?","?","M","R","BOSS","M","?","?","M","M","R","E"],"build_version":"2019-01-23","purchased_purges":0,"victory":false,"max_hp_per_floor":[75,75,75,75,75,75,75,75,75,75,75,75,75,75,75,75,75,75,52,52,52,52,52,52],"card_choices":[{"not_picked":["Compile Driver","Glacier"],"picked":"Gash","floor":1},{"not_picked":["Go for the Eyes","Barrage"],"picked":"Sweeping Beam","floor":3},{"not_picked":["Fusion","Barrage","Coolheaded"],"picked":"SKIP","floor":4},{"not_picked":["Beam Cell","Go for the Eyes"],"picked":"Gash","floor":5},{"not_picked":["Barrage","Leap"],"picked":"Ball Lightning","floor":6},{"not_picked":["Hologram","Machine Learning"],"picked":"Ball Lightning","floor":7},{"not_picked":["Storm","Turbo","Hologram"],"picked":"SKIP","floor":10},{"not_picked":["Barrage","Blizzard","Hologram"],"picked":"SKIP","floor":11},{"not_picked":["Stack","Hologram"],"picked":"Conserve Battery","floor":14},{"not_picked":["All For One","Creative AI"],"picked":"Echo Form","floor":16},{"not_picked":["Barrage","Streamline","Undo"],"picked":"SKIP","floor":18},{"not_picked":["Streamline","Genetic Algorithm","Barrage"],"picked":"SKIP","floor":21},{"not_picked":["Heatsinks","Sweeping Beam","Tempest"],"picked":"SKIP","floor":22}],"player_experience":379762,"relics_obtained":[{"floor":6,"key":"War Paint"},{"floor":9,"key":"Bottled Flame"},{"floor":10,"key":"Cables"},{"floor":20,"key":"Peace Pipe"}],"event_choices":[{"damage_healed":0,"gold_gain":0,"player_choice":"Bought 0 Potions","damage_taken":0,"max_hp_gain":0,"max_hp_loss":0,"event_name":"The Woman in Blue","floor":2,"gold_loss":0},{"damage_healed":25,"gold_gain":0,"player_choice":"Banana","damage_taken":0,"max_hp_gain":0,"max_hp_loss":0,"event_name":"Big Fish","floor":12,"gold_loss":0},{"damage_healed":0,"gold_gain":0,"player_choice":"Ignored","damage_taken":0,"max_hp_gain":0,"max_hp_loss":0,"event_name":"Golden Wing","floor":13,"gold_loss":0},{"damage_healed":0,"gold_gain":0,"player_choice":"Became a vampire","damage_taken":0,"max_hp_gain":0,"max_hp_loss":23,"event_name":"Vampires","floor":19,"gold_loss":0,"cards_obtained":["Bite","Bite","Bite","Bite","Bite"]}],"is_beta":false,"boss_relics":[{"not_picked":["Velvet Choker","Philosopher\u0027s Stone"],"picked":"Empty Cage"}],"items_purged_floors":[],"is_endless":false,"potions_floor_spawned":[4,5,6,10,11,16],"killed_by":"Slavers","ascension_level":2}