{"gold_per_floor":[114,114,114,114,138,163,163,227,252,268,268,279,279,53,53,148,148,121,174,174,174,194,194,80,110,133,213,548,548],"floor_reached":29,"playtime":1508,"items_purged":[],"score":340,"play_id":"3cf865d1-6b1e-4dbb-9964-bfac3d22f01d","local_time":"20190319190732","is_ascension_mode":false,"campfire_choices":[{"data":"Neutralize","floor":7,"key":"SMITH"},{"floor":15,"key":"REST"},{"data":"Accuracy","floor":23,"key":"SMITH"}],"neow_cost":"NONE","seed_source_timestamp":349492833599084,"circlet_count":0,"master_deck":["Defend_G","Defend_G","Defend_G+1","Defend_G+1","Defend_G","Strike_G","Strike_G","Strike_G","Strike_G","Strike_G","Survivor","Neutralize+1","Accuracy+1","Blade Dance","Adrenaline","Infinite Blades+1","PiercingWail","Malaise","Outmaneuver","Noxious Fumes+1","Leg Sweep"],"relics":["Ring of the Snake","NeowsBlessing","Oddly Smooth Stone","Gambling Chip","Tiny Chest","Dream Catcher","Frozen Egg 2","Omamori","Eternal Feather","Vajra","Pear","Smiling Mask","Art of War","Lantern","Gremlin Horn","Old Coin"],"potions_floor_usage":[25,28,28],"damage_taken":[{"damage":0,"enemies":"Cultist","floor":1,"turns":1},{"damage":0,"enemies":"Gremlin Nob","floor":6,"turns":1},{"damage":0,"enemies":"3 Sentries","floor":8,"turns":1},{"damage":5,"enemies":"Jaw Worm","floor":10,"turns":6},{"damage":3,"enemies":"2 Louse","floor":12,"turns":2},{"damage":61,"enemies":"The Guardian","floor":16,"turns":13},{"damage":15,"enemies":"2 Thieves","floor":18,"turns":5},{"damage":13,"enemies":"Shell Parasite","floor":22,"turns":8},{"damage":51,"enemies":"Slavers","floor":25,"turns":7},{"damage":0,"enemies":"Book of Stabbing","floor":28,"turns":7},{"damage":10,"enemies":"Shelled Parasite and Fungi","floor":29,"turns":3}],"seed_played":"7298602212010632827","potions_obtained":[{"floor":8,"key":"Swift Potion"},{"floor":10,"key":"GhostInAJar"},{"floor":22,"key":"SpeedPotion"},{"floor":25,"key":"Energy Potion"},{"floor":28,"key":"PowerPotion"}],"is_trial":false,"path_per_floor":["M","?","$","?","T","E","R","E","T","M","?","M","T","$","R","B",null,"M","T","T","T","M","R","$","E","T","T","E","M"],"character_chosen":"THE_SILENT","items_purchased":["Infinite Blades+1","Omamori","Noxious Fumes+1","Leg Sweep"],"campfire_rested":1,"item_purchase_floors":[14,14,24,24],"current_hp_per_floor":[70,70,70,70,70,70,70,70,70,65,51,48,48,48,69,8,70,55,55,65,65,52,61,61,10,10,10,10,0],"gold":548,"neow_bonus":"THREE_ENEMY_KILL","is_prod":false,"is_daily":false,"chose_seed":false,"campfire_upgraded":2,"win_rate":0,"timestamp":1552982852,"path_taken":["M","?","$","?","?","E","R","E","T","?","?","M","?","$","R","BOSS","M","?","?","?","M","R","$","E","T","?","E","M"],"build_version":"2019-01-23","purchased_purges":0,"victory":false,"max_hp_per_floor":[70,70,70,70,70,70,70,70,70,70,70,70,70,70,70,70,70,70,70,80,80,80,80,80,80,80,80,80,80],"card_choices":[{"not_picked":["Bane","All Out Attack"],"picked":"Accuracy","floor":1},{"not_picked":["Masterful Stab","Tactician","Underhanded Strike"],"picked":"SKIP","floor":6},{"not_picked":["Bane","Dodge and Roll","Finisher"],"picked":"SKIP","floor":8},{"not_picked":["Sucker Punch","Dagger Throw"],"picked":"Blade Dance","floor":10},{"not_picked":["Tactician","Cloak And Dagger"],"picked":"Adrenaline","floor":12},{"not_picked":["All Out Attack","Acrobatics"],"picked":"PiercingWail","floor":15},{"not_picked":["Storm of Steel","Corpse Explosion"],"picked":"Malaise","floor":16},{"not_picked":["Underhanded Strike","Concentrate","Leg Sweep"],"picked":"SKIP","floor":18},{"not_picked":["Prepared","Quick Slash"],"picked":"Outmaneuver","floor":22},{"not_picked":["Slice","Prepared","Eviscerate"],"picked":"SKIP","floor":25},{"not_picked":["Poisoned Stab","Bullet Time","Crippling Poison"],"picked":"SKIP","floor":28}],"player_experience":242959,"relics_obtained":[{"floor":5,"key":"Oddly Smooth Stone"},{"floor":6,"key":"Gambling Chip"},{"floor":8,"key":"Tiny Chest"},{"floor":9,"key":"Dream Catcher"},{"floor":13,"key":"Frozen Egg 2"},{"floor":19,"key":"Vajra"},{"floor":20,"key":"Pear"},{"floor":21,"key":"Smiling Mask"},{"floor":25,"key":"Art of War"},{"floor":26,"key":"Lantern"},{"floor":27,"key":"Gremlin Horn"},{"floor":28,"key":"Old Coin"}],"event_choices":[{"damage_healed":0,"gold_gain":0,"player_choice":"Ignored","damage_taken":0,"max_hp_gain":0,"max_hp_loss":0,"event_name":"Golden Wing","floor":2,"gold_loss":0},{"damage_healed":0,"gold_gain":0,"player_choice":"Ignored","damage_taken":0,"max_hp_gain":0,"max_hp_loss":0,"event_name":"Liars Game","floor":4,"gold_loss":0},{"damage_healed":0,"gold_gain":0,"player_choice":"Entered Light","damage_taken":14,"max_hp_gain":0,"max_hp_loss":0,"event_name":"Shining Light","floor":11,"gold_loss":0,"cards_upgraded":["Defend_G","Defend_G"]}],"is_beta":false,"boss_relics":[{"not_picked":["Runic Pyramid","Philosopher\u0027s Stone"],"picked":"Eternal Feather"}],"items_purged_floors":[],"is_endless":false,"potions_floor_spawned":[8,10,22,25,28],"killed_by":"Shelled Parasite and Fungi","ascension_level":0}