{"gold_per_floor":[117,128,128,143,93,93,106,122,122,122,197,197,229,84,84,187,187,112,126,145,45,45,45,63,63,63,83,83,83,83,3,3,99,99,112,125,0,0,16,16,16],"floor_reached":41,"playtime":5199,"items_purged":["Defend_G","Defend_G","Defend_G"],"score":414,"play_id":"3dfff56e-c61a-4ac9-8e12-d5cb34f5f051","local_time":"20190428210137","is_ascension_mode":false,"campfire_choices":[{"data":"Cloak And Dagger","floor":6,"key":"SMITH"},{"data":"Dash","floor":10,"key":"SMITH"},{"data":"Leg Sweep","floor":12,"key":"SMITH"},{"data":"Backstab","floor":15,"key":"SMITH"},{"data":"Backstab","floor":23,"key":"SMITH"},{"floor":28,"key":"REST"},{"floor":32,"key":"REST"},{"floor":40,"key":"REST"}],"neow_cost":"NONE","seed_source_timestamp":17956548976622,"circlet_count":0,"master_deck":["Defend_G","Defend_G","Strike_G","Strike_G","Strike_G","Survivor","Neutralize","Leg Sweep+1","Dash+1","Cloak And Dagger+1","Backflip+1","Backstab+1","Die Die Die","Backstab+1","Dodge and Roll+1","Blade Dance+1","Dagger Spray","Infinite Blades","Burst+1","Flechettes"],"relics":["Ring of the Snake","Darkstone Periapt","Toxic Egg 2","Lizard Tail","Bronze Scales","Gremlin Horn","White Beast Statue","Pantograph"],"potions_floor_usage":[13,13,33,33,36,39,39],"damage_taken":[{"damage":0,"enemies":"Small Slimes","floor":1,"turns":5},{"damage":0,"enemies":"Cultist","floor":2,"turns":5},{"damage":0,"enemies":"2 Louse","floor":4,"turns":3},{"damage":0,"enemies":"2 Fungi Beasts","floor":7,"turns":6},{"damage":0,"enemies":"Exordium Wildlife","floor":8,"turns":4},{"damage":0,"enemies":"3 Sentries","floor":13,"turns":9},{"damage":43,"enemies":"The Guardian","floor":16,"turns":27},{"damage":4,"enemies":"2 Thieves","floor":18,"turns":5},{"damage":1,"enemies":"Chosen","floor":19,"turns":5},{"damage":0,"enemies":"Shelled Parasite and Fungi","floor":20,"turns":14},{"damage":21,"enemies":"Snecko","floor":24,"turns":8},{"damage":6,"enemies":"Centurion and Healer","floor":27,"turns":19},{"damage":108,"enemies":"Champ","floor":33,"turns":13},{"damage":0,"enemies":"3 Shapes","floor":35,"turns":3},{"damage":18,"enemies":"3 Darklings","floor":36,"turns":6},{"damage":52,"enemies":"Maw","floor":39,"turns":10},{"damage":37,"enemies":"Spire Growth","floor":41,"turns":5}],"seed_played":"8232201927380235871","potions_obtained":[{"floor":1,"key":"Regen Potion"},{"floor":2,"key":"LiquidBronze"},{"floor":4,"key":"Swift Potion"},{"floor":16,"key":"GhostInAJar"},{"floor":19,"key":"SmokeBomb"},{"floor":24,"key":"Strength Potion"},{"floor":33,"key":"Strength Potion"},{"floor":35,"key":"LiquidBronze"},{"floor":36,"key":"LiquidBronze"},{"floor":39,"key":"Swift Potion"}],"is_trial":false,"path_per_floor":["M","M","?","M","?","R","M","M","T","R","?","R","E","$","R","B",null,"M","M","M","$","?","R","M","T","T","M","R","?","?","$","R","B",null,"M","M","$","?","M","R","M"],"character_chosen":"THE_SILENT","items_purchased":["Backstab","Infinite Blades"],"campfire_rested":3,"item_purchase_floors":[14,31],"current_hp_per_floor":[77,77,70,70,70,70,70,70,70,70,59,59,74,74,74,31,77,73,72,72,72,58,58,37,37,37,31,55,55,55,55,79,41,82,82,64,64,64,12,36,0],"gold":16,"neow_bonus":"TEN_PERCENT_HP_BONUS","is_prod":false,"is_daily":false,"chose_seed":false,"campfire_upgraded":5,"win_rate":0.0,"timestamp":1556499697,"path_taken":["M","M","?","?","?","R","M","M","T","R","?","R","E","?","R","BOSS","M","M","M","$","?","R","M","?","T","?","R","?","?","?","R","BOSS","M","M","$","?","?","R","M"],"build_version":"2019-01-23","purchased_purges":3,"victory":false,"max_hp_per_floor":[77,77,77,77,77,77,77,77,77,77,77,77,77,77,77,77,77,77,77,77,77,82,82,82,82,82,82,82,82,82,82,82,82,82,82,82,82,82,82,82,82],"card_choices":[{"not_picked":["Sucker Punch","Flechettes"],"picked":"Leg Sweep","floor":1},{"not_picked":["Distraction","Backflip"],"picked":"Dash","floor":2},{"not_picked":["Sucker Punch","Bouncing Flask"],"picked":"Cloak And Dagger","floor":4},{"not_picked":["Dodge and Roll","PiercingWail","Eviscerate"],"picked":"SKIP","floor":7},{"not_picked":["Skewer","Prepared","Bane"],"picked":"SKIP","floor":8},{"not_picked":["Flechettes","Skewer"],"picked":"Backflip","floor":13},{"not_picked":["Venomology+1","Grand Finale"],"picked":"Die Die Die","floor":16},{"not_picked":["Sucker Punch","Quick Slash"],"picked":"Backstab","floor":18},{"not_picked":["Cloak And Dagger+1","Sucker Punch"],"picked":"Dodge and Roll+1","floor":19},{"not_picked":["Slice+1","Backflip+1"],"picked":"Blade Dance+1","floor":20},{"not_picked":["Deadly Poison+1","Underhanded Strike"],"picked":"Dagger Spray","floor":24},{"not_picked":["Deadly Poison+1","Sucker Punch","Bouncing Flask+1"],"picked":"SKIP","floor":27},{"not_picked":["Adrenaline+1","Envenom"],"picked":"Burst+1","floor":33},{"not_picked":["Riddle With Holes","Underhanded Strike+1"],"picked":"Flechettes","floor":35},{"not_picked":["Noxious Fumes","Flechettes","Outmaneuver+1"],"picked":"SKIP","floor":36},{"not_picked":["Sucker Punch","Slice","Acrobatics+1"],"picked":"SKIP","floor":39}],"player_experience":118508,"relics_obtained":[{"floor":9,"key":"Darkstone Periapt"},{"floor":13,"key":"Toxic Egg 2"},{"floor":25,"key":"Bronze Scales"},{"floor":26,"key":"Gremlin Horn"}],"event_choices":[{"damage_healed":0,"gold_gain":0,"player_choice":"Damaged","damage_taken":7,"max_hp_gain":0,"max_hp_loss":0,"event_name":"Wheel of Change","floor":3,"gold_loss":0},{"cards_removed":["Strike_G"],"damage_healed":0,"gold_gain":0,"player_choice":"Card Removal","damage_taken":0,"max_hp_gain":0,"max_hp_loss":0,"event_name":"The Cleric","floor":5,"gold_loss":50},{"damage_healed":0,"gold_gain":75,"player_choice":"Gather Gold","damage_taken":11,"max_hp_gain":0,"max_hp_loss":0,"event_name":"World of Goop","floor":11,"gold_loss":0},{"damage_healed":0,"gold_gain":0,"player_choice":"Shed Blood","damage_taken":19,"max_hp_gain":5,"max_hp_loss":0,"event_name":"Forgotten Altar","floor":22,"gold_loss":0},{"cards_removed":["Strike_G"],"damage_healed":0,"gold_gain":0,"player_choice":"Elegance","damage_taken":0,"max_hp_gain":0,"max_hp_loss":0,"event_name":"Back to Basics","floor":30,"gold_loss":0},{"damage_healed":0,"gold_gain":0,"player_choice":"Gave Potion","damage_taken":0,"relics_obtained":["Pantograph"],"max_hp_gain":0,"max_hp_loss":0,"event_name":"WeMeetAgain","floor":38,"gold_loss":0}],"is_beta":false,"boss_relics":[{"not_picked":["Ectoplasm","Sozu"],"picked":"Lizard Tail"},{"not_picked":["Orrery","Snecko Eye"],"picked":"White Beast Statue"}],"items_purged_floors":[14,21,37],"is_endless":false,"potions_floor_spawned":[1,2,4,16,19,24,33,35,36,39],"killed_by":"Spire Growth","ascension_level":0}