{"gold_per_floor":[112,112,123,123,123,154,154,189,264,277,292,308,322,322,322,426,426,444,461,33,49,49,49,78,98,98,98,112,132,161,175,175,274,324,344,193,238,158,177,177,177,0,23,43,43,43,59,74,74,74],"floor_reached":50,"playtime":15712,"items_purged":["Regret"],"score":572,"play_id":"6c67c1b0-fe44-4646-be2e-260c8703cb71","local_time":"20190325220433","is_ascension_mode":true,"campfire_choices":[{"data":"Zap","floor":7,"key":"SMITH"},{"floor":15,"key":"REST"},{"data":"Buffer","floor":23,"key":"SMITH"},{"floor":32,"key":"REST"},{"floor":40,"key":"REST"},{"data":"Defragment","floor":45,"key":"SMITH"},{"floor":49,"key":"REST"}],"neow_cost":"NONE","seed_source_timestamp":342123548021874,"circlet_count":0,"master_deck":["Zap+1","Dualcast+1","Darkness","Barrage","Ball Lightning","Buffer+1","Loop","Steam","Blizzard","Genetic Algorithm","Sweeping Beam","Electrodynamics","Core Surge","Conserve Battery+1","Glacier+1","Melter","Echo Form","White Noise+1","Capacitor","Thunder Strike","Loop+1","Defragment+1","Defragment","Auto Shields"],"relics":["Cracked Core","NeowsBlessing","Lantern","Thread and Needle","Girya","Question Card","Pandora\u0027s Box","Lee\u0027s Waffle","Happy Flower","Unceasing Top","Kunai","Du-Vu Doll","Tiny House","Anchor","Dead Branch","Red Mask","DataDisk"],"potions_floor_usage":[30,33,33,37,50,50],"damage_taken":[{"damage":0,"enemies":"Small Slimes","floor":1,"turns":1},{"damage":0,"enemies":"2 Louse","floor":3,"turns":1},{"damage":0,"enemies":"Lagavulin","floor":6,"turns":1},{"damage":11,"enemies":"3 Sentries","floor":8,"turns":6},{"damage":3,"enemies":"Jaw Worm","floor":10,"turns":3},{"damage":5,"enemies":"2 Fungi Beasts","floor":11,"turns":3},{"damage":4,"enemies":"Blue Slaver","floor":12,"turns":3},{"damage":7,"enemies":"Looter","floor":13,"turns":3},{"damage":11,"enemies":"Slime Boss","floor":16,"turns":8},{"damage":20,"enemies":"Shell Parasite","floor":18,"turns":4},{"damage":3,"enemies":"3 Byrds","floor":19,"turns":2},{"damage":0,"enemies":"Sentry and Sphere","floor":21,"turns":4},{"damage":11,"enemies":"Gremlin Leader","floor":24,"turns":7},{"damage":17,"enemies":"Snake Plant","floor":25,"turns":5},{"damage":16,"enemies":"Centurion and Healer","floor":28,"turns":4},{"damage":0,"enemies":"Cultist and Chosen","floor":29,"turns":5},{"damage":25,"enemies":"Slavers","floor":30,"turns":3},{"damage":1,"enemies":"Snake Plant","floor":31,"turns":5},{"damage":14,"enemies":"Champ","floor":33,"turns":11},{"damage":13,"enemies":"3 Darklings","floor":35,"turns":3},{"damage":36,"enemies":"2 Orb Walkers","floor":37,"turns":6},{"damage":0,"enemies":"Orb Walker","floor":39,"turns":3},{"damage":0,"enemies":"Sphere and 2 Shapes","floor":44,"turns":3},{"damage":14,"enemies":"4 Shapes","floor":47,"turns":3},{"damage":0,"enemies":"Maw","floor":48,"turns":7},{"damage":92,"enemies":"Awakened One","floor":50,"turns":11}],"seed_played":"-3525339399004147232","potions_obtained":[{"floor":1,"key":"Ancient Potion"},{"floor":10,"key":"SteroidPotion"},{"floor":12,"key":"Poison Potion"},{"floor":29,"key":"Fruit Juice"},{"floor":31,"key":"SkillPotion"},{"floor":34,"key":"AttackPotion"},{"floor":37,"key":"LiquidBronze"}],"is_trial":false,"path_per_floor":["M","$","M","?","?","E","R","E","T","M","M","M","M","?","R","B",null,"M","M","$","M","$","R","E","M","T","?","M","M","E","M","R","B",null,"M","$","?","$","M","R","?","?","T","M","R","$","M","M","R","B"],"character_chosen":"DEFECT","items_purchased":["Lee\u0027s Waffle","Happy Flower","Anchor","Defragment"],"campfire_rested":4,"item_purchase_floors":[20,20,36,38],"current_hp_per_floor":[75,75,75,75,72,72,72,61,61,58,53,49,42,27,49,38,75,55,52,82,82,82,82,71,54,54,54,38,38,18,17,43,29,92,79,79,43,43,43,70,70,70,70,70,70,70,56,56,83,0],"gold":74,"neow_bonus":"THREE_ENEMY_KILL","is_prod":false,"is_daily":false,"chose_seed":false,"campfire_upgraded":3,"win_rate":0,"timestamp":1553511873,"path_taken":["M","$","M","?","?","E","R","E","T","M","M","M","M","?","R","BOSS","M","M","$","M","$","R","E","M","T","?","M","M","E","M","R","BOSS","M","$","?","$","M","R","?","?","T","M","R","?","?","M","R","BOSS"],"build_version":"2019-01-23","purchased_purges":1,"victory":false,"max_hp_per_floor":[75,75,75,75,75,75,75,75,75,75,75,75,75,75,75,75,75,75,75,82,82,82,82,82,82,82,82,82,82,87,87,87,87,92,92,92,92,92,92,92,92,92,92,92,92,92,92,92,92,92],"card_choices":[{"not_picked":["Recycle","Coolheaded"],"picked":"Darkness","floor":1},{"not_picked":["Beam Cell","Hologram","Compile Driver"],"picked":"SKIP","floor":3},{"not_picked":["Barrage","Compile Driver","Turbo"],"picked":"SKIP","floor":6},{"not_picked":["Fusion","Tempest","Blizzard"],"picked":"SKIP","floor":8},{"not_picked":["Fusion","All For One","Compile Driver"],"picked":"Barrage","floor":10},{"not_picked":["Rebound","Barrage","Cold Snap"],"picked":"Ball Lightning","floor":11},{"not_picked":["Skim","Turbo","Scrape","Compile Driver"],"picked":"SKIP","floor":12},{"not_picked":["Fission","Go for the Eyes","Fusion","Gash"],"picked":"SKIP","floor":13},{"not_picked":["Multi-Cast","All For One","Reboot"],"picked":"Buffer","floor":16},{"not_picked":["Storm","Compile Driver+1","Leap"],"picked":"Conserve Battery+1","floor":18},{"not_picked":["Ball Lightning+1","Beam Cell","Hologram"],"picked":"Glacier+1","floor":19},{"not_picked":["Steam Power","Leap","Turbo+1"],"picked":"Melter","floor":21},{"not_picked":["Ball Lightning+1","Barrage+1","Chill"],"picked":"Echo Form","floor":24},{"not_picked":["Undo","Darkness","Go for the Eyes","Compile Driver"],"picked":"SKIP","floor":25},{"not_picked":["Glacier","Hologram","Chaos","Coolheaded"],"picked":"SKIP","floor":28},{"not_picked":["Redo","Beam Cell","Barrage","All For One"],"picked":"SKIP","floor":29},{"not_picked":["Reinforced Body","Hello World","Streamline+1"],"picked":"White Noise+1","floor":30},{"not_picked":["Gash","Doom and Gloom+1","Redo+1"],"picked":"Capacitor","floor":31},{"not_picked":["Biased Cognition","Electrodynamics","Creative AI"],"picked":"Thunder Strike","floor":33},{"not_picked":["Steam+1","Barrage","Heatsinks","Coolheaded+1"],"picked":"SKIP","floor":35},{"not_picked":["Reboot","Glacier+1","Rebound"],"picked":"Loop+1","floor":37},{"not_picked":["Recycle","Reprogram+1","Rip and Tear+1","Hologram+1"],"picked":"SKIP","floor":39},{"not_picked":["Gash+1","Go for the Eyes","Steam+1"],"picked":"Defragment","floor":44},{"not_picked":["Tempest+1","Leap","Ball Lightning","Aggregate+1"],"picked":"SKIP","floor":47},{"not_picked":["Hologram","Streamline+1","Leap+1"],"picked":"Auto Shields","floor":48}],"player_experience":265873,"relics_obtained":[{"floor":6,"key":"Girya"},{"floor":8,"key":"Question Card"},{"floor":24,"key":"Unceasing Top"},{"floor":26,"key":"Kunai"},{"floor":30,"key":"Du-Vu Doll"},{"floor":37,"key":"Dead Branch"},{"floor":43,"key":"DataDisk"}],"event_choices":[{"damage_healed":0,"gold_gain":0,"player_choice":"Box","damage_taken":0,"relics_obtained":["Lantern"],"max_hp_gain":0,"max_hp_loss":0,"event_name":"Big Fish","floor":4,"gold_loss":0,"cards_obtained":["Regret"]},{"damage_healed":0,"gold_gain":0,"player_choice":"Success","damage_taken":3,"relics_obtained":["Thread and Needle"],"max_hp_gain":0,"max_hp_loss":0,"event_name":"Scrap Ooze","floor":5,"gold_loss":0},{"damage_healed":0,"gold_gain":0,"player_choice":"Entered Light","damage_taken":15,"max_hp_gain":0,"max_hp_loss":0,"event_name":"Shining Light","floor":14,"gold_loss":0,"cards_upgraded":["Dualcast","Strike_B"]},{"damage_healed":0,"gold_gain":0,"player_choice":"Ignored","damage_taken":0,"max_hp_gain":0,"max_hp_loss":0,"event_name":"Ghosts","floor":27,"gold_loss":0},{"damage_healed":0,"gold_gain":0,"player_choice":"Fight","damage_taken":0,"max_hp_gain":0,"max_hp_loss":0,"event_name":"Mysterious Sphere","floor":37,"gold_loss":0},{"cards_removed":["Blizzard"],"damage_healed":0,"gold_gain":0,"player_choice":"Removed Attack","damage_taken":0,"max_hp_gain":0,"max_hp_loss":0,"event_name":"Falling","floor":41,"gold_loss":0},{"damage_healed":0,"gold_gain":0,"player_choice":"Paid","damage_taken":0,"relics_obtained":["Red Mask"],"max_hp_gain":0,"max_hp_loss":0,"event_name":"Tomb of Lord Red Mask","floor":42,"gold_loss":177}],"is_beta":false,"boss_relics":[{"not_picked":["Nuclear Battery","Runic Pyramid"],"picked":"Pandora\u0027s Box"},{"not_picked":["Coffee Dripper","Calling Bell"],"picked":"Tiny House"}],"items_purged_floors":[20],"is_endless":false,"potions_floor_spawned":[1,10,12,24,25,29,31,37],"killed_by":"Awakened One","ascension_level":1}