{"gold_per_floor":[117,192,192,192,206,238,238,256,256,283,297,358,358,369,369,473,473,491,503,135,149,149],"floor_reached":22,"playtime":1281,"items_purged":[],"score":246,"play_id":"461d8007-b6d4-4b8f-a149-f51022736393","local_time":"20190318211940","is_ascension_mode":false,"campfire_choices":[{"data":"Neutralize","floor":7,"key":"SMITH"},{"floor":15,"key":"REST"}],"neow_cost":"NONE","seed_source_timestamp":271244417019994,"circlet_count":0,"master_deck":["Defend_G","Defend_G","Defend_G","Defend_G","Defend_G","Strike_G","Strike_G","Strike_G","Strike_G","Strike_G","Survivor","Neutralize+1","Leg Sweep+1","Bane","Noxious Fumes+1","Accuracy+1","Infinite Blades+1","Accuracy+1","Flying Knee","Caltrops+1","Adrenaline","Flying Knee+1","Infinite Blades+1","Accuracy+1","Cloak And Dagger"],"relics":["Ring of the Snake","NeowsBlessing","Meat on the Bone","Frozen Egg 2","Question Card","Letter Opener","Unceasing Top","Paper Crane"],"potions_floor_usage":[10,16,16],"damage_taken":[{"damage":0,"enemies":"Cultist","floor":1,"turns":1},{"damage":0,"enemies":"Small Slimes","floor":5,"turns":1},{"damage":0,"enemies":"Gremlin Nob","floor":6,"turns":1},{"damage":1,"enemies":"2 Louse","floor":8,"turns":3},{"damage":0,"enemies":"Lagavulin","floor":10,"turns":8},{"damage":13,"enemies":"Lots of Slimes","floor":11,"turns":4},{"damage":12,"enemies":"Lagavulin Event","floor":12,"turns":6},{"damage":4,"enemies":"Blue Slaver","floor":14,"turns":4},{"damage":21,"enemies":"Hexaghost","floor":16,"turns":8},{"damage":9,"enemies":"3 Byrds","floor":18,"turns":4},{"damage":19,"enemies":"Chosen","floor":19,"turns":6},{"damage":19,"enemies":"Sentry and Sphere","floor":21,"turns":5},{"damage":36,"enemies":"Snake Plant","floor":22,"turns":3}],"seed_played":"-3778157069946634879","potions_obtained":[{"floor":1,"key":"SkillPotion"},{"floor":5,"key":"SpeedPotion"},{"floor":12,"key":"FearPotion"},{"floor":13,"key":"EntropicBrew"},{"floor":16,"key":"PowerPotion"},{"floor":18,"key":"EssenceOfSteel"}],"is_trial":false,"path_per_floor":["M","?","?","?","M","E","R","M","T","E","M","?","?","M","R","B",null,"M","M","$","M","M"],"character_chosen":"THE_SILENT","items_purchased":["Paper Crane","Accuracy+1","Cloak And Dagger"],"campfire_rested":1,"item_purchase_floors":[20,20,20],"current_hp_per_floor":[70,59,56,56,56,56,56,55,55,55,42,42,42,38,59,38,70,61,42,42,35,0],"gold":149,"neow_bonus":"THREE_ENEMY_KILL","is_prod":false,"is_daily":false,"chose_seed":false,"campfire_upgraded":1,"win_rate":0,"timestamp":1552904380,"path_taken":["M","?","?","?","M","E","R","M","T","E","?","?","?","M","R","BOSS","M","M","$","?","M"],"build_version":"2019-01-23","purchased_purges":0,"victory":false,"max_hp_per_floor":[70,70,70,70,70,70,70,70,70,70,70,70,70,70,70,70,70,70,70,70,70,70],"card_choices":[{"not_picked":["Well Laid Plans","Sucker Punch"],"picked":"Leg Sweep","floor":1},{"not_picked":["Quick Slash","Dagger Spray"],"picked":"Bane","floor":5},{"not_picked":["Masterful Stab","Underhanded Strike"],"picked":"Noxious Fumes","floor":6},{"not_picked":["Sucker Punch","Bane"],"picked":"Accuracy+1","floor":8},{"not_picked":["Dagger Throw","Cloak And Dagger","Acrobatics"],"picked":"Infinite Blades+1","floor":10},{"not_picked":["All Out Attack","Well Laid Plans+1","Infinite Blades+1"],"picked":"Accuracy+1","floor":11},{"not_picked":["Backflip","Masterful Stab","All Out Attack"],"picked":"Flying Knee","floor":12},{"not_picked":["Expertise","Dagger Spray","Slice"],"picked":"Caltrops+1","floor":14},{"not_picked":["Corpse Explosion","Grand Finale","Malaise"],"picked":"Adrenaline","floor":16},{"not_picked":["Underhanded Strike","Dagger Throw","Dagger Spray"],"picked":"Flying Knee+1","floor":18},{"not_picked":["Dodge and Roll","Bane","Escape Plan"],"picked":"Infinite Blades+1","floor":19},{"not_picked":["Predator","Prepared","Blade Dance","Dagger Throw"],"picked":"SKIP","floor":21}],"player_experience":235643,"relics_obtained":[{"floor":6,"key":"Frozen Egg 2"},{"floor":9,"key":"Question Card"},{"floor":10,"key":"Letter Opener"},{"floor":12,"key":"Unceasing Top"}],"event_choices":[{"damage_healed":0,"gold_gain":75,"player_choice":"Gather Gold","damage_taken":11,"max_hp_gain":0,"max_hp_loss":0,"event_name":"World of Goop","floor":2,"gold_loss":0},{"damage_healed":0,"gold_gain":0,"player_choice":"Success","damage_taken":3,"relics_obtained":["Meat on the Bone"],"max_hp_gain":0,"max_hp_loss":0,"event_name":"Scrap Ooze","floor":3,"gold_loss":0},{"damage_healed":0,"gold_gain":0,"player_choice":"Upgraded","damage_taken":0,"max_hp_gain":0,"max_hp_loss":0,"event_name":"Upgrade Shrine","floor":4,"gold_loss":0,"cards_upgraded":["Leg Sweep"]},{"damage_healed":0,"gold_gain":0,"player_choice":"Searched \u00271\u0027 times","damage_taken":0,"max_hp_gain":0,"max_hp_loss":0,"event_name":"Dead Adventurer","floor":12,"gold_loss":0},{"damage_healed":0,"gold_gain":0,"player_choice":"Got Potions","damage_taken":0,"max_hp_gain":0,"max_hp_loss":0,"event_name":"Lab","floor":13,"gold_loss":0}],"is_beta":false,"boss_relics":[{"not_picked":["Velvet Choker","Calling Bell","Runic Pyramid"]}],"items_purged_floors":[],"is_endless":false,"potions_floor_spawned":[1,5,12,16,18],"killed_by":"Snake Plant","ascension_level":0}