{"path_per_floor":["M","M","M","M","$","R","?","M","T","E","?","R","?","M","R","B",null,"M","?","M","M","M","R","M"],"character_chosen":"IRONCLAD","items_purchased":["Whetstone"],"gold_per_floor":[112,130,142,159,3,3,60,73,96,123,123,123,123,141,141,238,238,253,253,264,276,296,296,312],"floor_reached":25,"campfire_rested":0,"playtime":2839,"current_hp_per_floor":[44,49,53,48,48,48,40,53,53,55,65,65,44,60,60,45,106,99,99,84,69,53,53,44],"items_purged":[],"gold":312,"play_id":"4a91e1cd-e864-4516-8b7b-87dbfc117376","is_prod":false,"is_daily":false,"is_ascension_mode":false,"campfire_upgraded":4,"path_taken":["M","M","M","M","$","R","?","M","T","E","?","R","?","M","R","BOSS","M","?","?","M","M","R","M","E"],"build_version":"2018-02-01-PROD3","purchased_purges":0,"victory":false,"master_deck":["Strike_R+1","Strike_R","Strike_R","Strike_R","Strike_R+1","Defend_R+1","Defend_R","Defend_R","Defend_R+1","Bash","Searing Blow+2","Disarm","Sword Boomerang+1","Body Slam","Clash+1","Armaments+1","Cleave","Regret","Burning Pact","Juggernaut","Body Slam+1","Normality","Iron Wave+1","Blood for Blood+1","Havoc+1","Seeing Red"],"max_hp_per_floor":[96,96,96,96,96,96,96,96,96,96,106,106,106,106,106,106,106,106,106,106,106,106,106,106],"relics":["Burning Blood","Whetstone","Meat on the Bone","War Paint","Ice Cream","Pear","Black Star","Calipers"],"card_choices":[{"not_picked":["Burning Pact","Perfected Strike"],"picked":"Searing Blow"},{"not_picked":["Body Slam","Uppercut"],"picked":"Disarm"},{"not_picked":["Second Wind","Anger"],"picked":"Sword Boomerang"},{"not_picked":["Anger","Wild Strike"],"picked":"Body Slam"},{"not_picked":["Hemokinesis","Clothesline"],"picked":"Clash"},{"not_picked":["Cleave","Headbutt"],"picked":"Armaments"},{"not_picked":["Sword Boomerang","Wild Strike"],"picked":"Cleave"},{"not_picked":["Warcry","Pummel"],"picked":"Burning Pact"},{"not_picked":["Limit Break","Exhume"],"picked":"Juggernaut"},{"not_picked":["Power Through","Wild Strike"],"picked":"Body Slam"},{"not_picked":["Sever Soul","Body Slam"],"picked":"Iron Wave"},{"not_picked":["Second Wind","Hemokinesis"],"picked":"Blood for Blood"},{"not_picked":["Body Slam","Cleave"],"picked":"Havoc"},{"not_picked":["Headbutt","Flex"],"picked":"Seeing Red"}],"player_experience":115387,"potions_floor_usage":[4,7,16,16,16,25],"damage_taken":[{"damage":10,"enemies":"Jaw Worm","floor":1,"turns":5},{"damage":1,"enemies":"Cultist","floor":2,"turns":3},{"damage":2,"enemies":"Small Slimes","floor":3,"turns":4},{"damage":11,"enemies":"Exordium Thugs","floor":4,"turns":6},{"damage":14,"enemies":"Gremlin Nob","floor":7,"turns":3},{"damage":5,"enemies":"Looter","floor":8,"turns":3},{"damage":16,"enemies":"Lagavulin","floor":10,"turns":6},{"damage":2,"enemies":"Red Slaver","floor":14,"turns":3},{"damage":48,"enemies":"Slime Boss","floor":16,"turns":15},{"damage":13,"enemies":"3 Byrds","floor":18,"turns":7},{"damage":21,"enemies":"Shell Parasite","floor":20,"turns":5},{"damage":21,"enemies":"Snake Plant","floor":21,"turns":7},{"damage":34,"enemies":"Snecko","floor":22,"turns":7},{"damage":27,"enemies":"Sentry and Sphere","floor":24,"turns":5},{"damage":45,"enemies":"Slavers","floor":25,"turns":3}],"event_choices":[{"event_name":"Dead Adventurer","player_choice":"Searched \u00272\u0027 times","floor":7,"damage_taken":0},{"event_name":"Big Fish","player_choice":"Box","floor":11,"damage_taken":0},{"event_name":"Shining Light","player_choice":"Entered Light","floor":13,"damage_taken":0},{"event_name":"Accursed Blacksmith","player_choice":"Rummage","floor":19,"damage_taken":0}],"boss_relics":[{"not_picked":["Eternal Feather","Orrery"],"picked":"Black Star"}],"potions_floor_spawned":[1,4,7,10,14,18],"seed_played":"-4593064265681910364","killed_by":"Slavers","ascension_level":0,"is_trial":false}