{"path_per_floor":["M","?","M","?","M","E","R","E","T","M","E","M","?","M","R","B",null,"M","M","?","M","$","R"],"character_chosen":"THE_SILENT","items_purchased":["Toolbox","Slice","Backflip"],"gold_per_floor":[119,294,314,314,327,362,362,390,472,486,513,530,530,548,548,647,647,627,638,638,656,291,291],"floor_reached":24,"campfire_rested":2,"playtime":3353,"current_hp_per_floor":[68,68,68,68,68,63,84,66,66,66,28,19,7,7,32,3,84,82,71,62,60,60,60],"items_purged":["Strike_G"],"gold":291,"play_id":"4d25d1e5-e978-4025-aac8-6d46405251cc","is_prod":false,"is_daily":false,"is_ascension_mode":false,"campfire_upgraded":1,"path_taken":["M","?","M","?","M","E","R","E","T","?","E","M","?","M","R","BOSS","M","M","?","?","$","R","E"],"build_version":"2018-01-25-PROD3","purchased_purges":2,"victory":false,"master_deck":["Defend_G","Defend_G","Defend_G","Defend_G","Defend_G","Strike_G","Strike_G","Strike_G","Strike_G","Survivor","Neutralize+1","Dagger Spray","Doubt","Dash","Heel Hook","Backflip","Footwork","Quick Slash","Flying Knee","Footwork","Prepared","After Image+1","Deflect","Terror","Prepared+1","Slice","Backflip"],"max_hp_per_floor":[70,70,70,70,70,84,84,84,84,84,84,84,84,84,84,84,84,84,84,89,89,89,89],"relics":["Ring of the Snake","Mango","Bag of Preparation","Smiling Mask","Bottled Tornado","Lantern","Sozu","Toolbox"],"card_choices":[{"not_picked":["Deadly Poison","PiercingWail"],"picked":"Dagger Spray"},{"not_picked":["Finisher","Deflect"],"picked":"Dash"},{"not_picked":["Deadly Poison","Envenom"],"picked":"Heel Hook"},{"not_picked":["Poisoned Stab","Blur"],"picked":"Backflip"},{"not_picked":["Slice","Finisher"],"picked":"Footwork"},{"not_picked":["Outmaneuver","Skewer"],"picked":"Quick Slash"},{"not_picked":["Predator","Doppelganger"],"picked":"Flying Knee"},{"not_picked":["Sucker Punch","Flying Knee"],"picked":"Footwork"},{"not_picked":["Backstab","PiercingWail"],"picked":"Prepared"},{"not_picked":["Envenom","Tools of the Trade"],"picked":"After Image"},{"not_picked":["Outmaneuver","All Out Attack"],"picked":"Deflect"},{"not_picked":["Prepared","Caltrops"],"picked":"Terror"},{"not_picked":["Dodge and Roll","Deflect"],"picked":"Prepared"}],"player_experience":47105,"potions_floor_usage":[6,14,16],"damage_taken":[{"damage":2.0,"enemies":"Small Slimes","floor":1.0,"turns":4.0},{"damage":0.0,"enemies":"2 Louse","floor":3.0,"turns":3.0},{"damage":0.0,"enemies":"Cultist","floor":5.0,"turns":4.0},{"damage":19,"enemies":"Lagavulin","floor":6,"turns":8},{"damage":18,"enemies":"3 Sentries","floor":8,"turns":9},{"damage":0,"enemies":"Looter","floor":10,"turns":4},{"damage":38,"enemies":"Gremlin Nob","floor":11,"turns":6},{"damage":9,"enemies":"Lots of Slimes","floor":12,"turns":3},{"damage":0,"enemies":"Red Slaver","floor":14,"turns":4},{"damage":29,"enemies":"The Guardian","floor":16,"turns":19},{"damage":2,"enemies":"2 Thieves","floor":18,"turns":4},{"damage":11,"enemies":"Spheric Guardian","floor":19,"turns":6},{"damage":2,"enemies":"Centurion and Healer","floor":21,"turns":10},{"damage":75,"enemies":"Gremlin Leader","floor":24,"turns":8}],"event_choices":[{"event_name":"Liars Game","player_choice":"agreed","floor":2.0,"damage_taken":0.0},{"event_name":"Upgrade Shrine","player_choice":"Upgraded","floor":4.0,"damage_taken":0.0},{"event_name":"Scrap Ooze","player_choice":"success","floor":13,"damage_taken":12},{"event_name":"Forgotten Altar","player_choice":"Shed Blood","floor":20,"damage_taken":0}],"boss_relics":[{"not_picked":["White Beast Statue","Ectoplasm"],"picked":"Sozu"}],"potions_floor_spawned":[3,11,12,19],"seed_played":"-9050541576980463540","killed_by":"Gremlin Leader","ascension_level":0,"is_trial":false}