{"gold_per_floor":[117,117,134,134,59,59,98,98,98,98,98,137,37,60,60,191,191,212,55,78,78,78,118,118,118],"floor_reached":25,"playtime":650,"items_purged":["Injury","Pain"],"score":490,"play_id":"f8ef60be-d66f-4c5d-b4c3-98c77bf8357b","local_time":"20190623130746","is_ascension_mode":true,"campfire_choices":[{"data":"Bash","floor":6,"key":"SMITH"},{"data":"Whirlwind","floor":8,"key":"SMITH"},{"data":"Ghostly Armor","floor":10,"key":"SMITH"},{"floor":15,"key":"REST"},{"floor":24,"key":"REST"}],"neow_cost":"NONE","seed_source_timestamp":848383566211114,"circlet_count":0,"master_deck":["AscendersBane","Defend_R","Defend_R","Defend_R","Defend_R","Bash+1","Ghostly Armor+1","Whirlwind+1","Burning Pact","Feed+1","Pummel+1","Exhume","Dropkick+1","Immolate+1","Pummel+1","Bite+1","Bite+1","Bite+1","Bite+1","Bite+1","Pummel+1"],"relics":["Burning Blood","NeowsBlessing","Golden Idol","Potion Belt","Blue Candle","WarpedTongs","Molten Egg 2","Black Star","Nunchaku","Centennial Puzzle"],"potions_floor_usage":[2,16,16,16,18,23,23,23,25],"damage_taken":[{"damage":0,"enemies":"Cultist","floor":1,"turns":1},{"damage":0,"enemies":"Jaw Worm","floor":3,"turns":1},{"damage":0,"enemies":"Gremlin Nob","floor":7,"turns":1},{"damage":51,"enemies":"Lagavulin","floor":12,"turns":8},{"damage":0,"enemies":"Small Slimes","floor":14,"turns":3},{"damage":0,"enemies":"Slime Boss","floor":16,"turns":5},{"damage":39,"enemies":"3 Byrds","floor":18,"turns":4},{"damage":25,"enemies":"2 Thieves","floor":20,"turns":3},{"damage":59,"enemies":"Book of Stabbing","floor":23,"turns":6},{"damage":50,"enemies":"Gremlin Leader","floor":25,"turns":4}],"seed_played":"-3170100734980725117","potions_obtained":[{"floor":1,"key":"BloodPotion"},{"floor":2,"key":"EntropicBrew"},{"floor":2,"key":"Fruit Juice"},{"floor":2,"key":"Energy Potion"},{"floor":14,"key":"SteroidPotion"},{"floor":16,"key":"Ancient Potion"},{"floor":20,"key":"Regen Potion"},{"floor":23,"key":"Block Potion"}],"is_trial":false,"path_per_floor":["M","?","M","?","$","R","E","R","T","R","?","E","$","M","R","B",null,"M","$","M","?","?","E","R","E"],"character_chosen":"IRONCLAD","items_purchased":["Immolate+1"],"campfire_rested":2,"item_purchase_floors":[19],"current_hp_per_floor":[78,83,85,85,85,85,85,85,85,85,85,40,40,50,76,86,91,58,58,39,39,39,16,35,0],"gold":118,"neow_bonus":"THREE_ENEMY_KILL","is_prod":false,"is_daily":false,"chose_seed":false,"campfire_upgraded":3,"win_rate":0,"timestamp":1561259266,"path_taken":["M","?","?","?","$","R","E","R","T","R","?","E","$","M","R","BOSS","M","$","?","?","?","E","R","E"],"build_version":"2019-01-23","purchased_purges":2,"victory":false,"max_hp_per_floor":[80,85,85,85,85,85,85,85,85,85,85,85,85,89,89,93,93,93,93,93,65,65,65,65,65],"card_choices":[{"not_picked":["Reckless Charge","Shrug It Off"],"picked":"Ghostly Armor","floor":1},{"not_picked":["Perfected Strike","Flex"],"picked":"Whirlwind","floor":3},{"not_picked":["Clash","Searing Blow"],"picked":"Burning Pact","floor":7},{"not_picked":["Ghostly Armor","Clash"],"picked":"Feed","floor":12},{"not_picked":["Flex","Metallicize"],"picked":"Pummel+1","floor":14},{"not_picked":["Impervious","Berserk"],"picked":"Exhume","floor":16},{"not_picked":["Clothesline+1","Havoc"],"picked":"Dropkick+1","floor":18},{"not_picked":["Shrug It Off","Anger+1"],"picked":"Pummel+1","floor":20},{"not_picked":["Sever Soul+1","Wild Strike+1"],"picked":"Pummel+1","floor":23}],"player_experience":490909,"relics_obtained":[{"floor":7,"key":"Potion Belt"},{"floor":9,"key":"Blue Candle"},{"floor":12,"key":"Molten Egg 2"},{"floor":23,"key":"Nunchaku"},{"floor":23,"key":"Centennial Puzzle"}],"event_choices":[{"damage_healed":0,"gold_gain":0,"player_choice":"Got Potions","damage_taken":0,"max_hp_gain":0,"max_hp_loss":0,"event_name":"Lab","floor":2,"gold_loss":0},{"damage_healed":0,"gold_gain":0,"player_choice":"Take Wound","damage_taken":0,"relics_obtained":["Golden Idol"],"max_hp_gain":0,"max_hp_loss":0,"event_name":"Golden Idol","floor":4,"gold_loss":0,"cards_obtained":["Injury"]},{"damage_healed":0,"gold_gain":0,"player_choice":"Rummage","damage_taken":0,"relics_obtained":["WarpedTongs"],"max_hp_gain":0,"max_hp_loss":0,"event_name":"Accursed Blacksmith","floor":11,"gold_loss":0,"cards_obtained":["Pain"]},{"damage_healed":0,"gold_gain":0,"player_choice":"Became a vampire","damage_taken":0,"max_hp_gain":0,"max_hp_loss":28,"event_name":"Vampires","floor":21,"gold_loss":0,"cards_obtained":["Bite","Bite","Bite","Bite","Bite"]},{"damage_healed":0,"gold_gain":0,"player_choice":"Ignored","damage_taken":0,"max_hp_gain":0,"max_hp_loss":0,"event_name":"Ghosts","floor":22,"gold_loss":0}],"is_beta":false,"boss_relics":[{"not_picked":["Sozu","Philosopher\u0027s Stone"],"picked":"Black Star"}],"items_purged_floors":[5,13],"is_endless":false,"potions_floor_spawned":[1,14,16,20,23],"killed_by":"Gremlin Leader","ascension_level":11}