{"gold_per_floor":[112,122,141,153,153,181,181,111,111,125,125,48,64,64,64,160,160,180,180,280,280],"floor_reached":21,"playtime":954,"items_purged":[],"score":179,"play_id":"b5481e03-f4c2-4c02-bca9-ac1bbac78da5","local_time":"20190203181136","is_ascension_mode":false,"campfire_choices":[{"floor":7,"key":"REST"},{"floor":11,"key":"REST"},{"floor":15,"key":"REST"}],"neow_cost":"NONE","seed_source_timestamp":2069265772550320,"circlet_count":0,"master_deck":["Survivor","Neutralize","Bouncing Flask","Bane","Terror","Noxious Fumes+1","Catalyst","Deadly Poison","Choke","Leg Sweep","Concentrate","Backstab","Deflect","Blade Dance","Cloak And Dagger","Die Die Die","Crippling Poison","All Out Attack"],"relics":["Ring of the Snake","NeowsBlessing","Frozen Egg 2","Bottled Lightning","Pandora\u0027s Box","Girya","Paper Crane"],"potions_floor_usage":[4,6,10,20,20,21],"damage_taken":[{"damage":0,"enemies":"2 Louse","floor":1,"turns":1},{"damage":0,"enemies":"Cultist","floor":2,"turns":1},{"damage":0,"enemies":"Small Slimes","floor":3,"turns":1},{"damage":16,"enemies":"Exordium Thugs","floor":4,"turns":4},{"damage":16,"enemies":"Gremlin Nob","floor":6,"turns":5},{"damage":37,"enemies":"Large Slime","floor":10,"turns":7},{"damage":6,"enemies":"3 Louse","floor":13,"turns":4},{"damage":30,"enemies":"Hexaghost","floor":16,"turns":8},{"damage":6,"enemies":"Chosen","floor":18,"turns":3},{"damage":43,"enemies":"Colosseum Slavers","floor":20,"turns":4},{"damage":23,"enemies":"Colosseum Nobs","floor":20,"turns":4},{"damage":6,"enemies":"Shell Parasite","floor":21,"turns":1}],"seed_played":"-6478003229016961709","potions_obtained":[{"floor":3,"key":"Block Potion"},{"floor":5,"key":"Block Potion"},{"floor":5,"key":"EntropicBrew"},{"floor":5,"key":"SneckoOil"},{"floor":10,"key":"Energy Potion"},{"floor":20,"key":"Ancient Potion"}],"is_trial":false,"path_per_floor":["M","M","M","M","?","E","R","$","T","M","R","$","M","?","R","B",null,"M","?","?","M"],"character_chosen":"THE_SILENT","items_purchased":["Terror","Catalyst"],"campfire_rested":3,"item_purchase_floors":[8,12],"current_hp_per_floor":[70,70,70,54,54,38,59,59,59,22,43,43,37,37,58,28,70,64,64,6,0],"gold":280,"neow_bonus":"THREE_ENEMY_KILL","is_prod":false,"is_daily":false,"chose_seed":false,"campfire_upgraded":0,"win_rate":0.0,"timestamp":1549177896,"path_taken":["M","M","M","M","?","E","R","$","T","M","R","?","M","?","R","BOSS","M","?","?","M"],"build_version":"2019-01-23","purchased_purges":0,"victory":false,"max_hp_per_floor":[70,70,70,70,70,70,70,70,70,70,70,70,70,70,70,70,70,70,70,70,70],"card_choices":[{"not_picked":["Cloak And Dagger","Leg Sweep"],"picked":"Bouncing Flask","floor":1},{"not_picked":["Quick Slash","Dodge and Roll","Outmaneuver"],"picked":"SKIP","floor":2},{"not_picked":["Outmaneuver","PiercingWail"],"picked":"Bane","floor":3},{"not_picked":["Bullet Time","Cloak And Dagger","Slice"],"picked":"SKIP","floor":4},{"not_picked":["Blur","Flechettes","Cloak And Dagger"],"picked":"SKIP","floor":6},{"not_picked":["Deflect","Night Terror"],"picked":"Noxious Fumes+1","floor":10},{"not_picked":["Poisoned Stab","Skewer"],"picked":"Deadly Poison","floor":13},{"not_picked":["Endless Agony","Flying Knee","Concentrate+1"],"picked":"SKIP","floor":18}],"player_experience":134364,"relics_obtained":[{"floor":6,"key":"Frozen Egg 2"},{"floor":9,"key":"Bottled Lightning"},{"floor":20,"key":"Girya"},{"floor":20,"key":"Paper Crane"}],"event_choices":[{"damage_healed":0,"gold_gain":0,"player_choice":"Got Potions","damage_taken":0,"max_hp_gain":0,"max_hp_loss":0,"event_name":"Lab","floor":5,"gold_loss":0},{"damage_healed":0,"gold_gain":0,"player_choice":"Bought 0 Potions","damage_taken":0,"max_hp_gain":0,"max_hp_loss":0,"event_name":"The Woman in Blue","floor":14,"gold_loss":0},{"damage_healed":0,"gold_gain":0,"player_choice":"Ignored","damage_taken":0,"max_hp_gain":0,"max_hp_loss":0,"event_name":"Ghosts","floor":19,"gold_loss":0},{"damage_healed":0,"gold_gain":0,"player_choice":"Fight","damage_taken":0,"max_hp_gain":0,"max_hp_loss":0,"event_name":"Colosseum","floor":20,"gold_loss":0},{"damage_healed":0,"gold_gain":0,"player_choice":"Fought Nobs","damage_taken":0,"max_hp_gain":0,"max_hp_loss":0,"event_name":"Colosseum","floor":20,"gold_loss":0}],"is_beta":false,"boss_relics":[{"not_picked":["Ectoplasm","Cursed Key"],"picked":"Pandora\u0027s Box"}],"items_purged_floors":[],"is_endless":false,"potions_floor_spawned":[3,10,16,18,20],"killed_by":"Shell Parasite","ascension_level":0}