{"gold_per_floor":[110,130,141,155,74,102,67,67,67,78,78,78,104,123,123,220,220,237,337,347,75,75,75,174,174,199,199,209,209,228,240,240,345,345,360,8,18,18,35,35,35],"floor_reached":41,"playtime":2830,"items_purged":["Malaise","Well Laid Plans"],"score":403,"play_id":"0c93edb6-bbb9-49b7-87b3-9ba33520070b","local_time":"20190318220957","is_ascension_mode":false,"campfire_choices":[{"data":"Noxious Fumes","floor":8.0,"key":"SMITH"},{"floor":12.0,"key":"REST"},{"floor":15.0,"key":"REST"},{"data":"After Image","floor":23.0,"key":"SMITH"},{"data":"Accuracy","floor":25.0,"key":"SMITH"},{"data":"Accuracy","floor":29.0,"key":"SMITH"},{"floor":32.0,"key":"REST"},{"floor":40.0,"key":"REST"}],"neow_cost":"NONE","seed_source_timestamp":0,"circlet_count":0,"master_deck":["Survivor","Neutralize","Noxious Fumes+1","Deflect","Infinite Blades","Accuracy+1","Caltrops","Accuracy+1","Cloak And Dagger","After Image","Backflip","After Image+1","Backflip","Slice","Bane","Flying Knee","Blade Dance+1","Riddle With Holes","Terror+1","Adrenaline","Madness","Madness","Infinite Blades"],"special_seed":0,"relics":["Ring of the Snake","Anchor","Darkstone Periapt","Ice Cream","Incense Burner","Pandora\u0027s Box","Girya","Matryoshka","Lee\u0027s Waffle","Shuriken","PreservedInsect","Empty Cage","Ornamental Fan"],"potions_floor_usage":[41,41],"damage_taken":[{"damage":0.0,"enemies":"2 Louse","floor":1.0,"turns":4.0},{"damage":9.0,"enemies":"Jaw Worm","floor":2.0,"turns":4.0},{"damage":7.0,"enemies":"Small Slimes","floor":3.0,"turns":5.0},{"damage":5.0,"enemies":"2 Fungi Beasts","floor":4.0,"turns":5.0},{"damage":17.0,"enemies":"3 Sentries","floor":6.0,"turns":8.0},{"damage":3.0,"enemies":"Red Slaver","floor":10.0,"turns":4.0},{"damage":38.0,"enemies":"Lagavulin","floor":13.0,"turns":5.0},{"damage":3.0,"enemies":"Looter","floor":14.0,"turns":4.0},{"damage":30.0,"enemies":"Slime Boss","floor":16.0,"turns":8.0},{"damage":4.0,"enemies":"Chosen","floor":18.0,"turns":6.0},{"damage":11.0,"enemies":"Colosseum Slavers","floor":19.0,"turns":5.0},{"damage":49.0,"enemies":"Colosseum Nobs","floor":19.0,"turns":5.0},{"damage":0.0,"enemies":"Shell Parasite","floor":20.0,"turns":5.0},{"damage":13.0,"enemies":"3 Cultists","floor":28.0,"turns":5.0},{"damage":15.0,"enemies":"Snake Plant","floor":30.0,"turns":6.0},{"damage":16.0,"enemies":"Centurion and Healer","floor":31.0,"turns":5.0},{"damage":59.0,"enemies":"Collector","floor":33.0,"turns":7.0},{"damage":0.0,"enemies":"Orb Walker","floor":35.0,"turns":3.0},{"damage":13.0,"enemies":"3 Darklings","floor":37.0,"turns":4.0},{"damage":13.0,"enemies":"Transient","floor":39.0,"turns":5.0},{"damage":67,"enemies":"Reptomancer","floor":41,"turns":3}],"seed_played":"6737474972348679606","potions_obtained":[{"floor":3.0,"key":"FairyPotion"},{"floor":6.0,"key":"AttackPotion"},{"floor":10.0,"key":"PowerPotion"},{"floor":30.0,"key":"GamblersBrew"},{"floor":33.0,"key":"Poison Potion"},{"floor":37.0,"key":"Block Potion"}],"is_trial":false,"path_per_floor":["M","M","M","M","$","E","?","R","T","M","?","R","E","M","R","B",null,"M","?","M","$","?","R","?","R","T","?","M","R","M","M","R","B",null,"M","$","M","?","M","R","E"],"character_chosen":"THE_SILENT","items_purchased":["Caltrops","Lee\u0027s Waffle","Ornamental Fan"],"campfire_rested":4,"item_purchase_floors":[5,21,36],"current_hp_per_floor":[70,61,54,49,49,32,49,49,49,46,32,53,15,12,33,3,70,66,6,6,77,61,61,61,61,61,61,48,48,33,17,40,7,77,77,77,64,54,41,64,0],"gold":35,"neow_bonus":"RANDOM_COMMON_RELIC","is_prod":false,"is_daily":false,"chose_seed":false,"campfire_upgraded":4,"win_rate":0,"timestamp":1552907397,"path_taken":["M","M","M","M","$","E","?","R","T","M","?","R","E","M","R","BOSS","M","?","M","$","?","R","?","R","T","?","M","R","M","?","R","BOSS","M","$","M","?","M","R","E"],"build_version":"2019-01-23","purchased_purges":2,"victory":false,"max_hp_per_floor":[70,70,70,70,70,70,70,70,70,70,70,70,70,70,70,70,70,70,70,70,77,77,77,77,77,77,77,77,77,77,77,77,77,77,77,77,77,77,77,77,77],"card_choices":[{"not_picked":["Backflip","Well Laid Plans"],"picked":"Noxious Fumes","floor":1.0},{"not_picked":["Sucker Punch","Slice"],"picked":"Deflect","floor":2.0},{"not_picked":["Poisoned Stab","Prepared"],"picked":"Infinite Blades","floor":3.0},{"not_picked":["Quick Slash","Dash"],"picked":"Accuracy","floor":4.0},{"not_picked":["Caltrops","Expertise"],"picked":"Accuracy","floor":6.0},{"not_picked":["Flechettes","Dodge and Roll","Reflex"],"picked":"SKIP","floor":10.0},{"not_picked":["Blade Dance","A Thousand Cuts"],"picked":"Cloak And Dagger","floor":13.0},{"not_picked":["Dagger Throw","Outmaneuver","Setup"],"picked":"SKIP","floor":14.0},{"not_picked":["Grand Finale","Burst"],"picked":"After Image","floor":16.0},{"not_picked":["Concentrate","Calculated Gamble+1"],"picked":"Flying Knee","floor":18.0},{"not_picked":["Calculated Gamble","Riddle With Holes"],"picked":"Blade Dance+1","floor":19.0},{"not_picked":["Outmaneuver","Well Laid Plans","Dagger Spray"],"picked":"SKIP","floor":20.0},{"not_picked":["Dodge and Roll","Deadly Poison+1","Outmaneuver+1"],"picked":"SKIP","floor":28.0},{"not_picked":["Outmaneuver","Prepared"],"picked":"Terror+1","floor":30.0},{"not_picked":["Endless Agony","Poisoned Stab","Backflip"],"picked":"SKIP","floor":31.0},{"not_picked":["Doppelganger","Envenom"],"picked":"Adrenaline","floor":33.0},{"not_picked":["Predator","Leg Sweep+1","Endless Agony"],"picked":"SKIP","floor":35.0},{"not_picked":["Reflex+1","Slice","Escape Plan"],"picked":"SKIP","floor":37.0},{"not_picked":["Backflip+1","Caltrops+1"],"picked":"Infinite Blades","floor":39.0}],"player_experience":236924,"relics_obtained":[{"floor":6.0,"key":"Darkstone Periapt"},{"floor":9.0,"key":"Ice Cream"},{"floor":13.0,"key":"Incense Burner"},{"floor":19.0,"key":"Girya"},{"floor":19.0,"key":"Matryoshka"},{"floor":26.0,"key":"Shuriken"},{"floor":26.0,"key":"PreservedInsect"}],"event_choices":[{"damage_healed":17.0,"max_hp_gain":0.0,"max_hp_loss":0.0,"gold_gain":0.0,"event_name":"The Cleric","player_choice":"Healed","floor":7.0,"gold_loss":35.0,"damage_taken":0.0},{"damage_healed":0.0,"max_hp_gain":0.0,"max_hp_loss":0.0,"gold_gain":0.0,"event_name":"Shining Light","player_choice":"Entered Light","floor":11.0,"gold_loss":0.0,"damage_taken":14.0,"cards_upgraded":["Strike_G","Defend_G"]},{"damage_healed":0.0,"max_hp_gain":0.0,"max_hp_loss":0.0,"gold_gain":0.0,"event_name":"Colosseum","player_choice":"Fight","floor":19.0,"gold_loss":0.0,"damage_taken":0.0},{"damage_healed":0.0,"max_hp_gain":0.0,"max_hp_loss":0.0,"gold_gain":0.0,"event_name":"Colosseum","player_choice":"Fought Nobs","floor":19.0,"gold_loss":0.0,"damage_taken":0.0},{"damage_healed":0.0,"max_hp_gain":0.0,"max_hp_loss":0.0,"gold_gain":0.0,"event_name":"Cursed Tome","player_choice":"Obtained Book","floor":22.0,"gold_loss":0.0,"damage_taken":16.0},{"damage_healed":0.0,"max_hp_gain":0.0,"max_hp_loss":0.0,"gold_gain":99.0,"event_name":"Nest","player_choice":"Stole From Cult","floor":24.0,"gold_loss":0.0,"damage_taken":0.0},{"damage_healed":0.0,"max_hp_gain":0.0,"max_hp_loss":0.0,"gold_gain":0.0,"cards_transformed":["Malaise"],"event_name":"Transmorgrifier","player_choice":"Transformed","floor":27.0,"gold_loss":0.0,"damage_taken":0.0,"cards_obtained":["Riddle With Holes"]},{"damage_healed":0.0,"max_hp_gain":0.0,"max_hp_loss":0.0,"gold_gain":0.0,"event_name":"Winding Halls","player_choice":"Embrace Madness","floor":38.0,"gold_loss":0.0,"damage_taken":10.0,"cards_obtained":["Madness","Madness"]}],"is_beta":false,"boss_relics":[{"not_picked":["Philosopher\u0027s Stone","Lizard Tail"],"picked":"Pandora\u0027s Box"},{"not_picked":["Astrolabe","Coffee Dripper"],"picked":"Empty Cage"}],"items_purged_floors":[21,36],"is_endless":false,"potions_floor_spawned":[3,6,10,19,30,33,37],"killed_by":"Reptomancer","ascension_level":0}