{"gold_per_floor":[113,113,213,229,249,289,289,333,379,415,438,438,457,493,493,622,622,645,645,496,496,511,511,511],"floor_reached":24,"playtime":1178,"items_purged":["Injury"],"score":235,"play_id":"450ed6ae-68f9-495a-a988-2368f32c44a8","local_time":"20190402205250","is_ascension_mode":true,"campfire_choices":[{"floor":7,"key":"REST"},{"floor":12,"key":"REST"},{"floor":15,"key":"REST"},{"data":"Echo Form","floor":23,"key":"SMITH"}],"neow_cost":"NONE","seed_source_timestamp":1043586012246107,"circlet_count":0,"master_deck":["Strike_B","Strike_B","Strike_B","Strike_B","Defend_B+1","Defend_B","Defend_B","Defend_B","Zap","Dualcast+1","Ball Lightning","BootSequence","Conserve Battery","Coolheaded","Sweeping Beam","Echo Form+1","Capacitor","Defragment","Cold Snap+1","Melter"],"relics":["Cracked Core","NeowsBlessing","Bloody Idol","Mercury Hourglass","War Paint","Juzu Bracelet","Bag of Preparation","Art of War","Orrery"],"potions_floor_usage":[14,24,24],"damage_taken":[{"damage":0,"enemies":"Small Slimes","floor":1,"turns":1},{"damage":0,"enemies":"Jaw Worm","floor":4,"turns":1},{"damage":0,"enemies":"Cultist","floor":5,"turns":1},{"damage":26,"enemies":"3 Sentries","floor":6,"turns":6},{"damage":28,"enemies":"Lagavulin","floor":8,"turns":5},{"damage":2,"enemies":"3 Sentries","floor":10,"turns":6},{"damage":0,"enemies":"Exordium Thugs","floor":11,"turns":3},{"damage":0,"enemies":"Blue Slaver","floor":13,"turns":3},{"damage":13,"enemies":"Gremlin Nob","floor":14,"turns":5},{"damage":50,"enemies":"Hexaghost","floor":16,"turns":11},{"damage":17,"enemies":"Spheric Guardian","floor":18,"turns":4},{"damage":12,"enemies":"2 Thieves","floor":22,"turns":3},{"damage":89,"enemies":"Gremlin Leader","floor":24,"turns":6}],"seed_played":"6403908434852699207","potions_obtained":[{"floor":1,"key":"Block Potion"},{"floor":5,"key":"Ancient Potion"},{"floor":8,"key":"GamblersBrew"},{"floor":13,"key":"Strength Potion"},{"floor":14,"key":"Regen Potion"},{"floor":18,"key":"FairyPotion"}],"is_trial":false,"path_per_floor":["M","?","?","M","M","E","R","E","T","E","M","R","M","E","R","B",null,"M","?","$","?","M","R","E"],"character_chosen":"DEFECT","items_purchased":["Melter"],"campfire_rested":3,"item_purchase_floors":[20],"current_hp_per_floor":[75,75,75,75,75,49,71,43,43,41,41,63,63,50,72,22,75,58,58,58,58,56,56,0],"gold":511,"neow_bonus":"THREE_ENEMY_KILL","is_prod":false,"is_daily":false,"chose_seed":false,"campfire_upgraded":1,"win_rate":0,"timestamp":1554198770,"path_taken":["M","?","?","?","M","E","R","E","T","E","M","R","M","E","R","BOSS","M","?","$","?","M","R","E"],"build_version":"2019-01-23","purchased_purges":1,"victory":false,"max_hp_per_floor":[75,75,75,75,75,75,75,75,75,75,75,75,75,75,75,75,75,75,75,75,75,75,75,75],"card_choices":[{"not_picked":["Steam","Rebound","Tempest"],"picked":"SKIP","floor":1},{"not_picked":["Barrage","Storm"],"picked":"Ball Lightning","floor":4},{"not_picked":["Skim","Force Field"],"picked":"BootSequence","floor":5},{"not_picked":["Cold Snap","Fusion"],"picked":"Conserve Battery","floor":6},{"not_picked":["Meteor Strike","Turbo"],"picked":"Coolheaded","floor":8},{"not_picked":["Tempest","Redo","Stack"],"picked":"SKIP","floor":10},{"not_picked":["Conserve Battery","Steam"],"picked":"Sweeping Beam","floor":11},{"not_picked":["Darkness","Steam","Stack"],"picked":"SKIP","floor":13},{"not_picked":["Compile Driver","Fission","Steam Power"],"picked":"SKIP","floor":14},{"not_picked":["Buffer","Meteor Strike"],"picked":"Echo Form","floor":16},{"not_picked":["Ball Lightning","Scrape"],"picked":"Capacitor","floor":17},{"not_picked":["Gash","Cold Snap"],"picked":"Defragment","floor":17},{"not_picked":["Doom and Gloom","Barrage"],"picked":"Cold Snap+1","floor":18},{"not_picked":["Rip and Tear","Fusion","Darkness"],"picked":"SKIP","floor":22}],"player_experience":305792,"relics_obtained":[{"floor":6,"key":"Mercury Hourglass"},{"floor":8,"key":"War Paint"},{"floor":9,"key":"Juzu Bracelet"},{"floor":10,"key":"Bag of Preparation"},{"floor":14,"key":"Art of War"}],"event_choices":[{"damage_healed":0,"gold_gain":0,"player_choice":"Take Wound","damage_taken":0,"relics_obtained":["Golden Idol"],"max_hp_gain":0,"max_hp_loss":0,"event_name":"Golden Idol","floor":2,"gold_loss":0,"cards_obtained":["Injury"]},{"damage_healed":0,"gold_gain":100,"player_choice":"Pray","damage_taken":0,"max_hp_gain":0,"max_hp_loss":0,"event_name":"Golden Shrine","floor":3,"gold_loss":0},{"damage_healed":0,"gold_gain":0,"player_choice":"Gave Idol","damage_taken":0,"relics_obtained":["Bloody Idol"],"max_hp_gain":0,"max_hp_loss":0,"event_name":"Forgotten Altar","floor":19,"relics_lost":["Golden Idol"],"gold_loss":0},{"damage_healed":0,"gold_gain":0,"player_choice":"Ignored","damage_taken":0,"max_hp_gain":0,"max_hp_loss":0,"event_name":"Vampires","floor":21,"gold_loss":0}],"is_beta":false,"boss_relics":[{"not_picked":["Ectoplasm","Calling Bell"],"picked":"Orrery"}],"items_purged_floors":[20],"is_endless":false,"potions_floor_spawned":[1,5,8,13,14,18,22],"killed_by":"Gremlin Leader","ascension_level":1}