{"gold_per_floor":[113,113,131,131,156,156,189,189,189,227,227],"floor_reached":11,"playtime":542,"items_purged":[],"score":89,"play_id":"fdb1ab02-bc51-4ab1-bd40-2cac76cbf92e","local_time":"20190428180533","is_ascension_mode":true,"campfire_choices":[],"neow_cost":"NONE","seed_source_timestamp":499563204220848,"circlet_count":0,"master_deck":["Defend_G","Defend_G","Defend_G","Defend_G","Defend_G","Strike_G","Strike_G","Strike_G","Strike_G","Strike_G","Survivor","Neutralize","Infinite Blades","Injury","Cloak And Dagger","Accuracy"],"relics":["Ring of the Snake","Potion Belt","Golden Idol","Question Card","Matryoshka"],"potions_floor_usage":[7],"damage_taken":[{"damage":1,"enemies":"Small Slimes","floor":1,"turns":5},{"damage":0,"enemies":"Cultist","floor":3,"turns":4},{"damage":3,"enemies":"Jaw Worm","floor":5,"turns":4},{"damage":17,"enemies":"3 Sentries","floor":7,"turns":8},{"damage":47,"enemies":"Lagavulin","floor":10,"turns":10},{"damage":4,"enemies":"3 Louse","floor":11,"turns":1}],"seed_played":"8703152413366993114","potions_obtained":[{"floor":1,"key":"SteroidPotion"},{"floor":10,"key":"Weak Potion"}],"is_trial":false,"path_per_floor":["M","?","M","?","M","?","E","?","T","E","M"],"character_chosen":"THE_SILENT","items_purchased":[],"campfire_rested":0,"item_purchase_floors":[],"current_hp_per_floor":[69,69,69,69,66,66,49,49,49,2,0],"gold":227,"neow_bonus":"RANDOM_COMMON_RELIC","is_prod":false,"is_daily":false,"chose_seed":false,"campfire_upgraded":0,"win_rate":0,"timestamp":1556438733,"path_taken":["M","?","?","?","M","?","E","?","T","E","M"],"build_version":"2019-01-23","purchased_purges":0,"victory":false,"max_hp_per_floor":[70,70,70,70,70,70,70,70,70,70,70],"card_choices":[{"not_picked":["Backflip","Sucker Punch"],"picked":"Infinite Blades","floor":1},{"not_picked":["Acrobatics","Calculated Gamble","Tactician"],"picked":"SKIP","floor":3},{"not_picked":["Deflect","Sucker Punch"],"picked":"Cloak And Dagger","floor":5},{"not_picked":["Predator","Outmaneuver","Crippling Poison"],"picked":"SKIP","floor":7},{"not_picked":["Endless Agony","Catalyst","Doppelganger"],"picked":"Accuracy","floor":10}],"player_experience":338731,"relics_obtained":[{"floor":7,"key":"Question Card"},{"floor":10,"key":"Matryoshka"}],"event_choices":[{"damage_healed":0,"gold_gain":0,"player_choice":"Bought 0 Potions","damage_taken":0,"max_hp_gain":0,"max_hp_loss":0,"event_name":"The Woman in Blue","floor":2,"gold_loss":0},{"damage_healed":0,"gold_gain":0,"player_choice":"Take Wound","damage_taken":0,"relics_obtained":["Golden Idol"],"max_hp_gain":0,"max_hp_loss":0,"event_name":"Golden Idol","floor":4,"gold_loss":0,"cards_obtained":["Injury"]},{"damage_healed":0,"gold_gain":0,"player_choice":"Ignored","damage_taken":0,"max_hp_gain":0,"max_hp_loss":0,"event_name":"Golden Wing","floor":6,"gold_loss":0},{"damage_healed":0,"gold_gain":0,"player_choice":"Ignored","damage_taken":0,"max_hp_gain":0,"max_hp_loss":0,"event_name":"Liars Game","floor":8,"gold_loss":0}],"is_beta":false,"boss_relics":[],"items_purged_floors":[],"is_endless":false,"potions_floor_spawned":[1,10],"killed_by":"3 Louse","ascension_level":2}