{"gold_per_floor":[367,383,42,42,54,85,85,104,131,145,161,161,172,201,213,325,337,369,392,414,445,457],"floor_reached":22,"playtime":1415,"items_purged":[],"score":253,"play_id":"eca40fd6-2168-41ce-a71b-c69d04e81ef7","local_time":"20190624232811","is_ascension_mode":true,"campfire_choices":[{"floor":7,"key":"REST"},{"data":"Armaments","floor":12,"key":"SMITH"},{"floor":15,"key":"REST"}],"neow_cost":"PERCENT_DAMAGE","seed_source_timestamp":171166897607400,"circlet_count":0,"master_deck":["Strike_R","Strike_R","Strike_R","Strike_R","Defend_R","Defend_R","Defend_R","Defend_R","Bash","Shrug It Off","Fiend Fire","Ghostly Armor","Pommel Strike","Cleave","Armaments+1","Havoc","Spot Weakness","Double Tap","Barricade","Shrug It Off+1","Twin Strike","Heavy Blade","Heavy Blade+1"],"relics":["Burning Blood","Happy Flower","Strange Spoon","Smiling Mask","Centennial Puzzle","MawBank","Mark of Pain"],"potions_floor_usage":[6,16,20,20,22],"damage_taken":[{"damage":0,"enemies":"Small Slimes","floor":1,"turns":3},{"damage":10,"enemies":"Cultist","floor":2,"turns":5},{"damage":3,"enemies":"2 Louse","floor":5,"turns":3},{"damage":20,"enemies":"Gremlin Nob","floor":6,"turns":4},{"damage":0,"enemies":"Exordium Wildlife","floor":8,"turns":2},{"damage":10,"enemies":"Large Slime","floor":10,"turns":5},{"damage":13,"enemies":"Exordium Thugs","floor":11,"turns":4},{"damage":7,"enemies":"3 Louse","floor":13,"turns":3},{"damage":20,"enemies":"Lagavulin","floor":14,"turns":5},{"damage":38,"enemies":"Slime Boss","floor":16,"turns":4},{"damage":16,"enemies":"Spheric Guardian","floor":18,"turns":8},{"damage":3,"enemies":"Shell Parasite","floor":19,"turns":8},{"damage":33,"enemies":"Centurion and Healer","floor":20,"turns":6},{"damage":47,"enemies":"3 Cultists","floor":21,"turns":6},{"damage":20,"enemies":"Cultist and Chosen","floor":22,"turns":4}],"seed_played":"7799320858785403899","potions_obtained":[{"floor":2,"key":"FearPotion"},{"floor":6,"key":"FearPotion"},{"floor":10,"key":"FairyPotion"},{"floor":11,"key":"Dexterity Potion"},{"floor":19,"key":"Poison Potion"},{"floor":21,"key":"Explosive Potion"}],"is_trial":false,"path_per_floor":["M","M","$","?","M","E","R","M","T","M","M","R","M","E","R","B",null,"M","M","M","M","M"],"character_chosen":"IRONCLAD","items_purchased":["Happy Flower","Strange Spoon"],"campfire_rested":2,"item_purchase_floors":[3,3],"current_hp_per_floor":[62,58,58,58,61,47,71,77,77,73,66,66,65,51,75,43,71,61,64,37,14,0],"gold":457,"neow_bonus":"TWO_FIFTY_GOLD","is_prod":false,"is_daily":false,"chose_seed":false,"campfire_upgraded":1,"win_rate":0,"timestamp":1561382891,"path_taken":["M","M","$","?","M","E","R","?","T","M","M","R","M","E","R","BOSS","M","M","M","M","M"],"build_version":"2019-01-23","purchased_purges":0,"victory":false,"max_hp_per_floor":[80,80,80,80,80,80,80,80,80,80,80,80,80,80,80,80,80,80,80,80,80,80],"card_choices":[{"not_picked":["Wild Strike","True Grit"],"picked":"Shrug It Off","floor":1},{"not_picked":["Rupture","Twin Strike"],"picked":"Fiend Fire","floor":2},{"not_picked":["Perfected Strike","Dropkick"],"picked":"Pommel Strike","floor":5},{"not_picked":["Clash","Anger"],"picked":"Cleave","floor":6},{"not_picked":["Rampage","Bloodletting"],"picked":"Armaments","floor":8},{"not_picked":["Sword Boomerang","Armaments"],"picked":"Havoc","floor":10},{"not_picked":["Clash","Feel No Pain","Blood for Blood"],"picked":"SKIP","floor":11},{"not_picked":["Brutality","Armaments"],"picked":"Spot Weakness","floor":13},{"not_picked":["Inflame","Combust"],"picked":"Double Tap","floor":14},{"not_picked":["Dark Embrace","Impervious"],"picked":"Barricade","floor":16},{"not_picked":["Perfected Strike","Sentinel"],"picked":"Shrug It Off+1","floor":18},{"not_picked":["Warcry","Shockwave"],"picked":"Twin Strike","floor":19},{"not_picked":["Warcry","Sentinel+1"],"picked":"Heavy Blade","floor":20},{"not_picked":["Cleave+1","Havoc"],"picked":"Heavy Blade+1","floor":21}],"player_experience":161791,"relics_obtained":[{"floor":6,"key":"Smiling Mask"},{"floor":9,"key":"Centennial Puzzle"},{"floor":14,"key":"MawBank"}],"event_choices":[{"damage_healed":0,"gold_gain":0,"cards_transformed":["Strike_R"],"player_choice":"Transformed","damage_taken":0,"max_hp_gain":0,"max_hp_loss":0,"event_name":"Transmorgrifier","floor":4,"gold_loss":0,"cards_obtained":["Ghostly Armor"]}],"is_beta":false,"boss_relics":[{"not_picked":["Fusion Hammer","Busted Crown"],"picked":"Mark of Pain"}],"items_purged_floors":[],"is_endless":false,"potions_floor_spawned":[2,6,10,11,19,21],"killed_by":"Cultist and Chosen","ascension_level":5}