{"gold_per_floor":[116,116,181,196,196,222,222,222,222,234,267,267,301,320,320,418,418,433,433,433,445,445,476,476,476],"floor_reached":25,"playtime":1351,"items_purged":[],"score":261,"play_id":"b194e689-3b6c-41e1-972d-490eefc84462","local_time":"20190428175257","is_ascension_mode":true,"campfire_choices":[{"floor":8,"key":"REST"},{"floor":15,"key":"REST"},{"floor":24,"key":"REST"}],"neow_cost":"NONE","seed_source_timestamp":497997131303053,"circlet_count":0,"master_deck":["Defend_G","Defend_G","Defend_G","Defend_G","Defend_G","Strike_G","Strike_G","Strike_G+1","Strike_G","Strike_G","Survivor","Neutralize+1","Unload+1","Deflect","After Image+1","Blade Dance"],"relics":["Ring of the Snake","Letter Opener","Matryoshka","Whetstone","Pen Nib","Eternal Feather","NlothsMask","Torii"],"potions_floor_usage":[11,16,23,23],"damage_taken":[{"damage":0,"enemies":"2 Louse","floor":1,"turns":2},{"damage":2,"enemies":"Jaw Worm","floor":4,"turns":4},{"damage":28,"enemies":"3 Sentries","floor":6,"turns":10},{"damage":10,"enemies":"Cultist","floor":10,"turns":4},{"damage":13,"enemies":"Gremlin Nob","floor":11,"turns":5},{"damage":10,"enemies":"Lagavulin","floor":13,"turns":8},{"damage":0,"enemies":"Red Slaver","floor":14,"turns":4},{"damage":39,"enemies":"Slime Boss","floor":16,"turns":14},{"damage":19,"enemies":"Chosen","floor":18,"turns":7},{"damage":17,"enemies":"Spheric Guardian","floor":21,"turns":5},{"damage":45,"enemies":"Book of Stabbing","floor":23,"turns":8},{"damage":38,"enemies":"Gremlin Leader","floor":25,"turns":4}],"seed_played":"436147757128823027","potions_obtained":[{"floor":1,"key":"GhostInAJar"},{"floor":4,"key":"FairyPotion"},{"floor":13,"key":"SkillPotion"},{"floor":14,"key":"LiquidBronze"},{"floor":21,"key":"Fire Potion"},{"floor":23,"key":"Energy Potion"}],"is_trial":false,"path_per_floor":["M","?","?","M","$","E","$","R","T","M","E","?","E","M","R","B",null,"M","$","?","M","?","E","R","E"],"character_chosen":"THE_SILENT","items_purchased":[],"campfire_rested":3,"item_purchase_floors":[],"current_hp_per_floor":[70,70,70,68,68,40,40,61,61,51,38,38,28,28,49,10,70,51,51,51,34,34,1,31,0],"gold":476,"neow_bonus":"ONE_RANDOM_RARE_CARD","is_prod":false,"is_daily":false,"chose_seed":false,"campfire_upgraded":0,"win_rate":0,"timestamp":1556437977,"path_taken":["M","?","?","M","?","E","$","R","T","M","E","?","E","M","R","BOSS","M","$","?","?","?","E","R","E"],"build_version":"2019-01-23","purchased_purges":0,"victory":false,"max_hp_per_floor":[70,70,70,70,70,70,70,70,70,70,70,70,70,70,70,70,70,70,70,70,70,70,70,70,70],"card_choices":[{"not_picked":["Choke","Flying Knee"],"picked":"Deflect","floor":1},{"not_picked":["Dodge and Roll","Dagger Throw"],"picked":"Catalyst","floor":4},{"not_picked":["Tactician","Dodge and Roll","Poisoned Stab"],"picked":"SKIP","floor":6},{"not_picked":["Concentrate","Dodge and Roll","Acrobatics"],"picked":"SKIP","floor":10},{"not_picked":["Prepared","Deadly Poison"],"picked":"After Image","floor":11},{"not_picked":["Prepared","Tactician","PiercingWail"],"picked":"SKIP","floor":13},{"not_picked":["All Out Attack","Quick Slash","Crippling Poison"],"picked":"SKIP","floor":14},{"not_picked":["Setup","Bane","Flying Knee"],"picked":"SKIP","floor":18},{"not_picked":["Outmaneuver","Underhanded Strike","Well Laid Plans"],"picked":"SKIP","floor":21},{"not_picked":["Blur+1","Wraith Form v2"],"picked":"Blade Dance","floor":23}],"player_experience":337189,"relics_obtained":[{"floor":6,"key":"Letter Opener"},{"floor":9,"key":"Matryoshka"},{"floor":11,"key":"Whetstone"},{"floor":13,"key":"Pen Nib"},{"floor":23,"key":"Torii"}],"event_choices":[{"damage_healed":0,"gold_gain":0,"player_choice":"Grow","damage_taken":0,"max_hp_gain":0,"max_hp_loss":0,"event_name":"Living Wall","floor":2,"gold_loss":0,"cards_upgraded":["Unload"]},{"damage_healed":0,"gold_gain":65,"player_choice":"Gained Gold","damage_taken":0,"max_hp_gain":0,"max_hp_loss":0,"event_name":"Golden Wing","floor":3,"gold_loss":0},{"damage_healed":0,"gold_gain":0,"player_choice":"Forge","damage_taken":0,"max_hp_gain":0,"max_hp_loss":0,"event_name":"Accursed Blacksmith","floor":12,"gold_loss":0,"cards_upgraded":["After Image"]},{"damage_healed":0,"gold_gain":0,"player_choice":"Trade","damage_taken":0,"relics_obtained":["NlothsMask"],"max_hp_gain":0,"max_hp_loss":0,"event_name":"FaceTrader","floor":20,"gold_loss":0},{"cards_removed":["Catalyst"],"damage_healed":0,"gold_gain":0,"player_choice":"Purged","damage_taken":0,"max_hp_gain":0,"max_hp_loss":0,"event_name":"Purifier","floor":22,"gold_loss":0}],"is_beta":false,"boss_relics":[{"not_picked":["Ectoplasm","Empty Cage"],"picked":"Eternal Feather"}],"items_purged_floors":[],"is_endless":false,"potions_floor_spawned":[1,4,13,14,21,23],"killed_by":"Gremlin Leader","ascension_level":2}