{"gold_per_floor":[110,129,129,148,158,188,188,199,225,225,242,271,281,62,62,159,159,170,270,287,287,303,303,153,153,180,180,198,232,232,250,250,354,354,365,383,10,10,24,24,53,64,115,115,141,141,141,152,152,152],"floor_reached":51,"playtime":2425,"items_purged":["Injury"],"score":913,"play_id":"9917dbcb-32bf-4541-9b03-5d5205ec75f4","local_time":"20190208191835","is_ascension_mode":true,"campfire_choices":[{"data":"Thunderclap","floor":7.0,"key":"SMITH"},{"floor":10.0,"key":"REST"},{"floor":15.0,"key":"REST"},{"floor":23.0,"key":"REST"},{"floor":27.0,"key":"REST"},{"floor":30.0,"key":"REST"},{"floor":32.0,"key":"REST"},{"data":"Pummel","floor":40,"key":"SMITH"},{"floor":44,"key":"REST"},{"data":"Bash","floor":46,"key":"SMITH"},{"floor":49,"key":"REST"}],"neow_cost":"NONE","seed_source_timestamp":0,"circlet_count":0,"master_deck":["Strike_R","Strike_R","Strike_R","Strike_R","Strike_R","Defend_R","Defend_R+1","Defend_R","Defend_R","Bash+1","Thunderclap+1","Sword Boomerang","Inflame","Pummel+1","Exhume","Inflame","Immolate","Flex+1","Infernal Blade+1","Sword Boomerang+1","Infernal Blade+1","Cleave+1"],"special_seed":0,"relics":["Burning Blood","NeowsBlessing","Red Skull","Dream Catcher","Centennial Puzzle","Vajra","Black Star","FossilizedHelix","Paper Frog","MutagenicStrength","Oddly Smooth Stone","Gremlin Horn","Lantern","PreservedInsect","Omamori","Calling Bell","Bird Faced Urn","Question Card","Bag of Marbles","Ice Cream","Bronze Scales","War Paint","Smiling Mask","Bag of Preparation","Dodecahedron"],"potions_floor_usage":[33,33,42,50,50],"damage_taken":[{"damage":0.0,"enemies":"Cultist","floor":1.0,"turns":1.0},{"damage":0.0,"enemies":"Small Slimes","floor":2.0,"turns":1.0},{"damage":0.0,"enemies":"Jaw Worm","floor":4.0,"turns":1.0},{"damage":19.0,"enemies":"3 Louse","floor":5.0,"turns":3.0},{"damage":29.0,"enemies":"Gremlin Nob","floor":6.0,"turns":5.0},{"damage":17.0,"enemies":"Exordium Wildlife","floor":8.0,"turns":2.0},{"damage":27.0,"enemies":"Exordium Thugs","floor":11.0,"turns":4.0},{"damage":9.0,"enemies":"3 Sentries","floor":12.0,"turns":3.0},{"damage":0.0,"enemies":"Looter","floor":13.0,"turns":2.0},{"damage":0.0,"enemies":"Slime Boss","floor":16.0,"turns":5.0},{"damage":23.0,"enemies":"Spheric Guardian","floor":18.0,"turns":4.0},{"damage":27.0,"enemies":"Colosseum Slavers","floor":19.0,"turns":2.0},{"damage":22.0,"enemies":"Colosseum Nobs","floor":19.0,"turns":4.0},{"damage":20.0,"enemies":"3 Byrds","floor":20.0,"turns":3.0},{"damage":0.0,"enemies":"Snake Plant","floor":22.0,"turns":1.0},{"damage":35.0,"enemies":"Centurion and Healer","floor":28.0,"turns":4.0},{"damage":18.0,"enemies":"Book of Stabbing","floor":29.0,"turns":3.0},{"damage":6.0,"enemies":"Cultist and Chosen","floor":31.0,"turns":4.0},{"damage":68,"enemies":"Champ","floor":33,"turns":7},{"damage":0,"enemies":"Orb Walker","floor":35,"turns":2},{"damage":3,"enemies":"3 Darklings","floor":36,"turns":2},{"damage":0,"enemies":"Jaw Worm Horde","floor":39,"turns":1},{"damage":56,"enemies":"Giant Head","floor":41,"turns":6},{"damage":18,"enemies":"Writhing Mass","floor":42,"turns":3},{"damage":12,"enemies":"Nemesis","floor":45,"turns":3},{"damage":0,"enemies":"Spire Growth","floor":48,"turns":1},{"damage":62,"enemies":"Donu and Deca","floor":50,"turns":5}],"seed_played":"-8322796774318310387","potions_obtained":[{"floor":1.0,"key":"Swift Potion"},{"floor":3.0,"key":"SneckoOil"},{"floor":3.0,"key":"Energy Potion"},{"floor":8.0,"key":"AttackPotion"},{"floor":12.0,"key":"Block Potion"},{"floor":13.0,"key":"SkillPotion"},{"floor":19.0,"key":"Ancient Potion"},{"floor":20.0,"key":"AttackPotion"},{"floor":31.0,"key":"AttackPotion"},{"floor":36,"key":"Weak Potion"},{"floor":39,"key":"Poison Potion"},{"floor":42,"key":"BloodPotion"}],"is_trial":false,"path_per_floor":["M","M","?","M","M","E","R","M","T","R","M","E","M","$","R","B",null,"M","?","M","?","M","R","$","T","T","R","M","E","R","M","R","B",null,"M","M","$","?","M","R","E","M","T","R","E","R","?","M","R","B",null],"character_chosen":"IRONCLAD","items_purchased":["Vajra","Inflame","Oddly Smooth Stone","Ice Cream"],"campfire_rested":8,"item_purchase_floors":[14,14,24,37],"current_hp_per_floor":[80,80,80,80,67,44,44,33,33,57,36,33,39,39,63,69,80,63,26,12,12,18,42,42,42,42,66,37,25,49,49,73,11,80,80,80,80,80,80,80,32,24,24,48,46,46,46,54,78,32],"gold":152,"neow_bonus":"THREE_ENEMY_KILL","is_prod":false,"is_daily":false,"chose_seed":false,"campfire_upgraded":3,"win_rate":0,"timestamp":1549613915,"path_taken":["M","?","?","M","?","E","R","M","T","R","?","E","M","$","R","BOSS","M","?","M","?","M","R","$","?","T","R","?","E","R","M","R","BOSS","M","M","$","?","M","R","E","M","T","R","E","R","?","M","R","BOSS"],"build_version":"2019-01-23","purchased_purges":1,"victory":true,"max_hp_per_floor":[80,80,80,80,80,80,80,80,80,80,80,80,80,80,80,80,80,80,80,80,80,80,80,80,80,80,80,80,80,80,80,80,80,80,80,80,80,80,80,80,80,80,80,80,80,80,80,80,80,80],"card_choices":[{"not_picked":["Combust","Heavy Blade","Warcry"],"picked":"SKIP","floor":1.0},{"not_picked":["Twin Strike","Battle Trance"],"picked":"Thunderclap","floor":2.0},{"not_picked":["Dual Wield","Second Wind","Offering"],"picked":"SKIP","floor":4.0},{"not_picked":["Battle Trance","Clash","Uppercut"],"picked":"SKIP","floor":5.0},{"not_picked":["Twin Strike","Ghostly Armor"],"picked":"Sword Boomerang","floor":6.0},{"not_picked":["Heavy Blade","Second Wind"],"picked":"Inflame","floor":8.0},{"not_picked":["Sentinel","True Grit"],"picked":"Pummel","floor":10.0},{"not_picked":["Headbutt","Heavy Blade","Wild Strike"],"picked":"SKIP","floor":11.0},{"not_picked":["True Grit","Corruption"],"picked":"Exhume","floor":12.0},{"not_picked":["Uppercut","Dropkick","Clash"],"picked":"SKIP","floor":13.0},{"not_picked":["Feed","Double Tap"],"picked":"Immolate","floor":16.0},{"not_picked":["Perfected Strike+1","Wild Strike","Shrug It Off+1"],"picked":"SKIP","floor":18.0},{"not_picked":["Headbutt","Perfected Strike+1"],"picked":"Flex","floor":19.0},{"not_picked":["Clothesline","Warcry","Searing Blow"],"picked":"SKIP","floor":20.0},{"not_picked":["Warcry","Shrug It Off","Rupture"],"picked":"SKIP","floor":22.0},{"not_picked":["Body Slam","Armaments","Twin Strike"],"picked":"SKIP","floor":28.0},{"not_picked":["Flame Barrier+1","Perfected Strike"],"picked":"Infernal Blade+1","floor":29.0},{"not_picked":["Perfected Strike+1","Havoc","Heavy Blade"],"picked":"SKIP","floor":31.0},{"not_picked":["Shrug It Off","True Grit","Perfected Strike+1"],"picked":"Sword Boomerang+1","floor":35},{"not_picked":["Pommel Strike+1","Thunderclap","Battle Trance","Shrug It Off+1"],"picked":"SKIP","floor":36},{"not_picked":["Ghostly Armor","Thunderclap","Rupture","Twin Strike"],"picked":"SKIP","floor":39},{"not_picked":["Dropkick+1","Uppercut+1","Demon Form","Heavy Blade"],"picked":"SKIP","floor":41},{"not_picked":["Thunderclap+1","Headbutt","Heavy Blade"],"picked":"Rampage","floor":42},{"not_picked":["Burning Pact+1","Dual Wield","Warcry+1"],"picked":"Infernal Blade+1","floor":45},{"not_picked":["Bloodletting+1","Limit Break","Flex","Clash+1"],"picked":"SKIP","floor":48},{"not_picked":["Carnage","Power Through","True Grit"],"picked":"Cleave+1","floor":49}],"player_experience":158194,"relics_obtained":[{"floor":6.0,"key":"Red Skull"},{"floor":9.0,"key":"Dream Catcher"},{"floor":12.0,"key":"Centennial Puzzle"},{"floor":19.0,"key":"FossilizedHelix"},{"floor":19.0,"key":"Paper Frog"},{"floor":25.0,"key":"Gremlin Horn"},{"floor":26.0,"key":"Lantern"},{"floor":29.0,"key":"PreservedInsect"},{"floor":29.0,"key":"Omamori"},{"floor":34,"key":"Bird Faced Urn"},{"floor":34,"key":"Question Card"},{"floor":34,"key":"Bag of Marbles"},{"floor":41,"key":"Bronze Scales"},{"floor":41,"key":"War Paint"},{"floor":43,"key":"Smiling Mask"},{"floor":45,"key":"Bag of Preparation"},{"floor":45,"key":"Dodecahedron"}],"event_choices":[{"damage_healed":0.0,"max_hp_gain":0.0,"max_hp_loss":0.0,"gold_gain":0.0,"event_name":"Lab","player_choice":"Got Potions","floor":3.0,"gold_loss":0.0,"damage_taken":0.0},{"damage_healed":0.0,"max_hp_gain":0.0,"max_hp_loss":0.0,"gold_gain":0.0,"event_name":"Colosseum","player_choice":"Fight","floor":19.0,"gold_loss":0.0,"damage_taken":0.0},{"damage_healed":0.0,"max_hp_gain":0.0,"max_hp_loss":0.0,"gold_gain":0.0,"event_name":"Colosseum","player_choice":"Fought Nobs","floor":19.0,"gold_loss":0.0,"damage_taken":0.0},{"damage_healed":0.0,"max_hp_gain":0.0,"max_hp_loss":0.0,"gold_gain":0.0,"event_name":"Drug Dealer","player_choice":"Inject Mutagens","floor":21.0,"gold_loss":0.0,"damage_taken":0.0,"relics_obtained":["MutagenicStrength"]},{"damage_healed":0,"gold_gain":0,"player_choice":"Memory 1","damage_taken":0,"max_hp_gain":0,"max_hp_loss":0,"event_name":"SensoryStone","floor":38,"gold_loss":0},{"cards_removed":["Rampage"],"damage_healed":0,"gold_gain":0,"player_choice":"Removed Attack","damage_taken":0,"max_hp_gain":0,"max_hp_loss":0,"event_name":"Falling","floor":47,"gold_loss":0}],"is_beta":false,"boss_relics":[{"not_picked":["Sozu","Coffee Dripper"],"picked":"Black Star"},{"not_picked":["Velvet Choker","Orrery"],"picked":"Calling Bell"}],"items_purged_floors":[37],"is_endless":false,"potions_floor_spawned":[1,5,8,12,13,19,20,31,36,39,42],"ascension_level":2}