{"gold_per_floor":[129,161,173,199,226,238,279,360,372,384,396,408,440,466,478,587,599,622,634,664,131,143,169,169,187,187,200,217,217,246,263,263,263],"floor_reached":33,"playtime":1917,"items_purged":[],"score":349,"play_id":"92673ba0-5015-44c7-87d9-ad23377f3ac3","local_time":"20190310102609","is_ascension_mode":true,"campfire_choices":[{"floor":6,"key":"REST"},{"floor":10,"key":"REST"},{"data":"Conserve Battery","floor":15,"key":"SMITH"},{"floor":29,"key":"REST"},{"floor":32,"key":"REST"}],"neow_cost":"NONE","seed_source_timestamp":733365041537643,"circlet_count":0,"master_deck":["Strike_B","Strike_B","Strike_B","Defend_B","Defend_B","Defend_B","Defend_B","Zap+1","Dualcast","Auto Shields","FTL","Conserve Battery+1","Melter","Echo Form","Ball Lightning","Electrodynamics","Conserve Battery+1","Loop+1","Static Discharge"],"relics":["Cracked Core","MawBank","Blood Vial","Strawberry","Fusion Hammer","Cables","PreservedInsect","Meat on the Bone","Dead Branch","Thread and Needle"],"potions_floor_usage":[16,18,30,31,33],"damage_taken":[{"damage":17,"enemies":"2 Louse","floor":1,"turns":3},{"damage":0,"enemies":"Cultist","floor":2,"turns":3},{"damage":4,"enemies":"Small Slimes","floor":4,"turns":4},{"damage":11,"enemies":"3 Louse","floor":5,"turns":3},{"damage":21,"enemies":"Lagavulin","floor":7,"turns":6},{"damage":1,"enemies":"Looter","floor":13,"turns":3},{"damage":5,"enemies":"Blue Slaver","floor":14,"turns":3},{"damage":71,"enemies":"Slime Boss","floor":16,"turns":11},{"damage":4,"enemies":"Chosen","floor":18,"turns":4},{"damage":6,"enemies":"Spheric Guardian","floor":20,"turns":3},{"damage":7,"enemies":"Chosen and Byrds","floor":22,"turns":4},{"damage":31,"enemies":"Book of Stabbing","floor":23,"turns":5},{"damage":28,"enemies":"Snake Plant","floor":25,"turns":4},{"damage":16,"enemies":"Sentry and Sphere","floor":27,"turns":4},{"damage":13,"enemies":"Snecko","floor":28,"turns":4},{"damage":49,"enemies":"Slavers","floor":30,"turns":5},{"damage":4,"enemies":"Cultist and Chosen","floor":31,"turns":5},{"damage":59,"enemies":"Automaton","floor":33,"turns":8}],"seed_played":"-9141209784908246984","potions_obtained":[{"floor":1,"key":"Swift Potion"},{"floor":2,"key":"EssenceOfSteel"},{"floor":7,"key":"Swift Potion"},{"floor":13,"key":"PowerPotion"},{"floor":20,"key":"Dexterity Potion"},{"floor":23,"key":"Weak Potion"}],"is_trial":false,"path_per_floor":["M","M","?","M","M","R","E","?","T","R","?","?","M","M","R","B",null,"M","?","M","$","M","E","?","M","T","M","M","R","E","M","R","B"],"character_chosen":"DEFECT","items_purchased":["Cables","PreservedInsect","Electrodynamics"],"campfire_rested":4,"item_purchase_floors":[21,21,21],"current_hp_per_floor":[58,58,58,54,43,65,44,44,51,75,75,75,76,73,73,4,82,78,78,74,74,69,40,40,26,26,24,25,49,14,24,48,0],"gold":263,"neow_bonus":"RANDOM_COMMON_RELIC","is_prod":false,"is_daily":false,"chose_seed":false,"campfire_upgraded":1,"win_rate":0,"timestamp":1552173969,"path_taken":["M","M","?","M","?","R","E","?","T","R","?","?","M","M","R","BOSS","M","?","M","$","M","E","?","?","T","M","?","R","E","M","R","BOSS"],"build_version":"2019-01-23","purchased_purges":0,"victory":false,"max_hp_per_floor":[75,75,75,75,75,75,75,75,82,82,82,82,82,82,82,82,82,82,82,82,82,82,82,82,82,82,82,82,82,82,82,82,82],"card_choices":[{"not_picked":["Redo","Streamline"],"picked":"Auto Shields","floor":1},{"not_picked":["Barrage","Machine Learning","Genetic Algorithm"],"picked":"SKIP","floor":2},{"not_picked":["Heatsinks","Aggregate"],"picked":"FTL","floor":4},{"not_picked":["Genetic Algorithm","Heatsinks"],"picked":"Conserve Battery","floor":5},{"not_picked":["Cold Snap","Rip and Tear"],"picked":"Melter","floor":7},{"not_picked":["Streamline","Glacier","Redo"],"picked":"SKIP","floor":13},{"not_picked":["Coolheaded","Consume","Recycle"],"picked":"SKIP","floor":14},{"not_picked":["Reboot","All For One"],"picked":"Echo Form","floor":16},{"not_picked":["Reprogram","Steam","Genetic Algorithm+1"],"picked":"SKIP","floor":18},{"not_picked":["Capacitor","Undo"],"picked":"Ball Lightning","floor":20},{"not_picked":["Barrage+1","Redo","Rebound"],"picked":"SKIP","floor":22},{"not_picked":["Ball Lightning","Beam Cell","Compile Driver"],"picked":"SKIP","floor":23},{"not_picked":["Streamline","Sweeping Beam","Turbo"],"picked":"SKIP","floor":25},{"not_picked":["Steam","Scrape+1","Steam Power"],"picked":"SKIP","floor":27},{"not_picked":["Darkness+1","Compile Driver+1","Redo+1"],"picked":"SKIP","floor":28},{"not_picked":["Cold Snap","Rebound"],"picked":"Loop+1","floor":30},{"not_picked":["Double Energy","Hyperbeam"],"picked":"Static Discharge","floor":31}],"player_experience":217652,"relics_obtained":[{"floor":7,"key":"Blood Vial"},{"floor":9,"key":"Strawberry"},{"floor":23,"key":"Meat on the Bone"},{"floor":26,"key":"Dead Branch"},{"floor":30,"key":"Thread and Needle"}],"event_choices":[{"cards_removed":["Strike_B"],"damage_healed":0,"gold_gain":0,"player_choice":"Offered Basic","damage_taken":0,"max_hp_gain":0,"max_hp_loss":0,"event_name":"Bonfire Elementals","floor":3,"gold_loss":0},{"damage_healed":0,"gold_gain":69,"player_choice":"Gained Gold","damage_taken":0,"max_hp_gain":0,"max_hp_loss":0,"event_name":"Golden Wing","floor":8,"gold_loss":0},{"damage_healed":0,"gold_gain":0,"player_choice":"Grow","damage_taken":0,"max_hp_gain":0,"max_hp_loss":0,"event_name":"Living Wall","floor":11,"gold_loss":0,"cards_upgraded":["Zap"]},{"damage_healed":0,"gold_gain":0,"player_choice":"Ignored","damage_taken":0,"max_hp_gain":0,"max_hp_loss":0,"event_name":"Liars Game","floor":12,"gold_loss":0},{"damage_healed":0,"gold_gain":0,"player_choice":"Ignored","damage_taken":0,"max_hp_gain":0,"max_hp_loss":0,"event_name":"Beggar","floor":19,"gold_loss":0},{"damage_healed":0,"gold_gain":0,"player_choice":"Copied","damage_taken":0,"max_hp_gain":0,"max_hp_loss":0,"event_name":"Duplicator","floor":24,"gold_loss":0,"cards_obtained":["Conserve Battery"]}],"is_beta":false,"boss_relics":[{"not_picked":["Coffee Dripper","Philosopher\u0027s Stone"],"picked":"Fusion Hammer"}],"items_purged_floors":[],"is_endless":false,"potions_floor_spawned":[1,2,7,13,20,23,25,27],"killed_by":"Automaton","ascension_level":4}