{"path_per_floor":["M","?","M","M","T","R","M","$","T","M","$","?","M","M","R","B",null,"M","?","M","$"],"character_chosen":"IRONCLAD","items_purchased":["Whirlwind","Anger","Reckless Charge"],"gold_per_floor":[112,72,87,100,100,100,110,31,31,50,26,26,41,66,66,187,187,200,200,215,60],"floor_reached":22,"campfire_rested":0,"playtime":1960,"current_hp_per_floor":[80,80,67,66,66,66,66,66,66,62,62,62,68,74,74,38,80,46,46,25,25],"items_purged":["Defend_R"],"gold":60,"play_id":"45ef55c1-b5ae-4f71-bcb7-5aad3e3a975d","is_prod":false,"is_daily":false,"is_ascension_mode":false,"campfire_upgraded":2,"path_taken":["M","?","M","?","?","R","M","?","T","M","$","?","M","M","R","BOSS","M","?","M","$","M"],"build_version":"2018-01-25-PROD3","purchased_purges":1,"victory":false,"master_deck":["Defend_R","Defend_R","Defend_R","Bash","Headbutt","Pommel Strike","Pommel Strike+1","True Grit","Whirlwind","Cleave","Anger","Injury","Pummel","Blood for Blood+1","Feed","Clothesline+1","Bite_R","Bite_R","Bite_R","Bite_R","Bite_R","Rampage+1","Reckless Charge"],"max_hp_per_floor":[80,80,80,80,80,80,80,80,80,80,80,80,80,80,80,80,80,80,56,56,56],"relics":["Burning Blood","Anchor","Ginger","Golden Idol","Question Card"],"card_choices":[{"not_picked":["Rage","Iron Wave"],"picked":"Headbutt"},{"not_picked":["Twin Strike","Clothesline"],"picked":"Pommel Strike"},{"not_picked":["Thunderclap","True Grit"],"picked":"Pommel Strike"},{"not_picked":["Twin Strike","Body Slam"],"picked":"True Grit"},{"not_picked":["Corruption","Feel No Pain"],"picked":"Cleave"},{"not_picked":["Fire Breathing","Cleave"],"picked":"Pummel"},{"not_picked":["Pommel Strike","Body Slam"],"picked":"Blood for Blood"},{"not_picked":["Berserk","Juggernaut"],"picked":"Feed"},{"not_picked":["True Grit","Bloodletting","Cleave"],"picked":"Clothesline"},{"not_picked":["Sword Boomerang","Perfected Strike","Reckless Charge"],"picked":"Rampage"}],"player_experience":0,"potions_floor_usage":[16,16,16],"damage_taken":[{"damage":0,"enemies":"Small Slimes","floor":1,"turns":3},{"damage":19,"enemies":"Blue Slaver","floor":3,"turns":3},{"damage":7,"enemies":"2 Louse","floor":4,"turns":2},{"damage":6,"enemies":"Red Slaver","floor":7,"turns":3},{"damage":10,"enemies":"Exordium Thugs","floor":10,"turns":3},{"damage":0,"enemies":"Looter","floor":13,"turns":2},{"damage":0,"enemies":"3 Louse","floor":14,"turns":2},{"damage":42,"enemies":"The Guardian","floor":16,"turns":6},{"damage":40,"enemies":"Spheric Guardian","floor":18,"turns":5},{"damage":31,"enemies":"2 Thieves","floor":20,"turns":4},{"damage":47,"enemies":"Sentry and Sphere","floor":22,"turns":5}],"event_choices":[{"event_name":"The Woman in Blue","player_choice":"Bought 3 Potions","floor":2,"damage_taken":0},{"event_name":"Golden Idol","player_choice":"Take Wound","floor":12,"damage_taken":0},{"event_name":"Vampires","player_choice":"Became a vampire","floor":19,"damage_taken":0}],"boss_relics":[{"not_picked":["Runic Cube","Philosopher\u0027s Stone"],"picked":"Question Card"}],"potions_floor_spawned":[1,4,10],"seed_played":"-8559471947664713502","killed_by":"Sentry and Sphere","ascension_level":0,"is_trial":false}