{"gold_per_floor":[112,112,126,138,154,154,180,145,145,164,190,190,204,27,27,131,131,145,70,85,97,22,22,56,56,83,83,96,115,115,149,149,253,253,273,290,290,307,319,352,352,370,393,411,431,466,466,87,87,87],"floor_reached":51,"playtime":4099,"items_purged":["Strike_B","Defend_B"],"score":846,"play_id":"a6b4c045-0385-487e-93d6-de47a6ea4f27","local_time":"20190605012752","is_ascension_mode":true,"campfire_choices":[{"data":"Rip and Tear","floor":6.0,"key":"SMITH"},{"floor":15.0,"key":"REST"},{"data":"Apotheosis","floor":23.0,"key":"SMITH"},{"floor":25.0,"key":"REST"},{"data":"Loop","floor":30.0,"key":"SMITH"},{"floor":32.0,"key":"REST"},{"floor":41,"key":"REST"},{"floor":47,"key":"REST"},{"data":"Echo Form","floor":49,"key":"SMITH"}],"neow_cost":"TEN_PERCENT_HP_LOSS","seed_source_timestamp":0,"circlet_count":0,"master_deck":["Defend_B","Defend_B","Defend_B","Zap+1","Dualcast","Skim","Rainbow","Rip and Tear+1","Leap+1","Rip and Tear","Cold Snap","Barrage","Ball Lightning","Chill+1","Steam","Go for the Eyes","Apotheosis+1","Electrodynamics","Auto Shields","FTL+1","Conserve Battery","Redo+1","Loop+1","Fusion+1","Redo","Echo Form+1","Compile Driver","Loop+1","Compile Driver+1","Loop+1","Skim+1","Coolheaded+1","Capacitor+1"],"special_seed":0,"relics":["FrozenCore","Happy Flower","Matryoshka","Prayer Wheel","Bottled Lightning","Anchor","Strawberry","Letter Opener","Nuclear Battery","War Paint","Potion Belt","Art of War","DataDisk","Lee\u0027s Waffle"],"potions_floor_usage":[36,50,50,50],"damage_taken":[{"damage":5.0,"enemies":"2 Louse","floor":1.0,"turns":3.0},{"damage":0.0,"enemies":"Cultist","floor":3.0,"turns":3.0},{"damage":2.0,"enemies":"Jaw Worm","floor":4.0,"turns":3.0},{"damage":9.0,"enemies":"2 Fungi Beasts","floor":5.0,"turns":3.0},{"damage":22.0,"enemies":"3 Sentries","floor":7.0,"turns":8.0},{"damage":10.0,"enemies":"Exordium Thugs","floor":10.0,"turns":3.0},{"damage":26.0,"enemies":"Lagavulin","floor":11.0,"turns":4.0},{"damage":3.0,"enemies":"Blue Slaver","floor":13.0,"turns":3.0},{"damage":4.0,"enemies":"The Guardian","floor":16.0,"turns":8.0},{"damage":7.0,"enemies":"Spheric Guardian","floor":18.0,"turns":4.0},{"damage":1.0,"enemies":"3 Byrds","floor":20.0,"turns":4.0},{"damage":1.0,"enemies":"Centurion and Healer","floor":21.0,"turns":6.0},{"damage":21.0,"enemies":"Book of Stabbing","floor":24.0,"turns":5.0},{"damage":0.0,"enemies":"Chosen and Byrds","floor":28.0,"turns":7.0},{"damage":1.0,"enemies":"3 Cultists","floor":29.0,"turns":4.0},{"damage":17.0,"enemies":"Slavers","floor":31.0,"turns":3.0},{"damage":14.0,"enemies":"Collector","floor":33.0,"turns":8.0},{"damage":1,"enemies":"Orb Walker","floor":35,"turns":3},{"damage":0,"enemies":"3 Darklings","floor":36,"turns":2},{"damage":1,"enemies":"Transient","floor":38,"turns":5},{"damage":9,"enemies":"4 Shapes","floor":39,"turns":4},{"damage":9,"enemies":"Nemesis","floor":40,"turns":7},{"damage":10,"enemies":"Maw","floor":42,"turns":6},{"damage":0,"enemies":"3 Darklings","floor":44,"turns":3},{"damage":24,"enemies":"Writhing Mass","floor":45,"turns":6},{"damage":16,"enemies":"Giant Head","floor":46,"turns":9},{"damage":19,"enemies":"Time Eater","floor":50,"turns":9}],"seed_played":"5211946241782522041","potions_obtained":[{"floor":1.0,"key":"SteroidPotion"},{"floor":3.0,"key":"Weak Potion"},{"floor":11.0,"key":"LiquidBronze"},{"floor":13.0,"key":"Energy Potion"},{"floor":31.0,"key":"FocusPotion"},{"floor":36,"key":"Swift Potion"},{"floor":45,"key":"SmokeBomb"}],"is_trial":false,"path_per_floor":["M","?","M","M","M","R","E","?","T","M","E","?","M","$","R","B",null,"M","?","M","M","$","R","E","R","T","?","M","M","R","E","R","B",null,"M","M","?","M","M","E","R","M","T","M","M","E","R","$","R","B",null],"character_chosen":"DEFECT","items_purchased":["Apotheosis","Lee\u0027s Waffle","Regen Potion"],"campfire_rested":5,"item_purchase_floors":[14,48,48],"current_hp_per_floor":[63,63,63,61,52,52,30,47,47,37,11,11,8,8,28,24,68,61,61,60,59,59,59,38,58,65,65,65,64,64,47,69,55,75,74,74,74,73,64,55,75,65,65,65,41,25,47,82,82,63],"gold":87,"neow_bonus":"TRANSFORM_TWO_CARDS","is_prod":false,"is_daily":false,"chose_seed":false,"campfire_upgraded":4,"win_rate":0,"timestamp":1559712472,"path_taken":["M","?","M","?","M","R","E","?","T","M","E","?","M","$","R","BOSS","M","?","M","M","?","R","E","R","T","?","M","M","R","E","R","BOSS","M","M","?","?","M","E","R","M","T","M","M","E","R","$","R","BOSS"],"build_version":"2019-01-23","purchased_purges":2,"victory":true,"max_hp_per_floor":[68,68,68,68,68,68,68,68,68,68,68,68,68,68,68,68,68,68,68,68,68,68,68,68,68,75,75,75,75,75,75,75,75,75,75,75,75,75,75,75,75,75,75,75,75,75,75,82,82,82],"card_choices":[{"not_picked":["Sweeping Beam","Hello World"],"picked":"Rip and Tear","floor":1.0},{"not_picked":["Streamline","Beam Cell"],"picked":"Leap","floor":3.0},{"not_picked":["Hologram","Hello World"],"picked":"Rip and Tear","floor":4.0},{"not_picked":["Melter","Rebound"],"picked":"Cold Snap","floor":5.0},{"not_picked":["Coolheaded","Leap"],"picked":"Barrage","floor":7.0},{"not_picked":["Sweeping Beam","Turbo"],"picked":"Ball Lightning","floor":10.0},{"not_picked":["Beam Cell","Cold Snap"],"picked":"Chill","floor":11.0},{"not_picked":["Rainbow","Cold Snap"],"picked":"Steam","floor":13.0},{"not_picked":["Rebound","Lockon"],"picked":"Go for the Eyes","floor":13.0},{"not_picked":["Reboot","Multi-Cast"],"picked":"Electrodynamics","floor":16.0},{"not_picked":["Hologram+1","Melter"],"picked":"Auto Shields","floor":18.0},{"not_picked":["Hologram","Hello World+1"],"picked":"FTL","floor":18.0},{"not_picked":["Leap","Stack"],"picked":"Conserve Battery","floor":20.0},{"not_picked":["Storm","Streamline","Steam"],"picked":"SKIP","floor":20.0},{"not_picked":["Aggregate","Hologram+1"],"picked":"Redo+1","floor":21.0},{"not_picked":["Beam Cell","Cold Snap+1","Redo"],"picked":"SKIP","floor":21.0},{"not_picked":["Barrage","Scrape","Stack+1"],"picked":"SKIP","floor":24.0},{"not_picked":["Ball Lightning","Barrage"],"picked":"Loop","floor":28.0},{"not_picked":["Hello World","Leap","Skim"],"picked":"SKIP","floor":28.0},{"not_picked":["Leap","Rebound"],"picked":"Fusion+1","floor":29.0},{"not_picked":["Rainbow","Rip and Tear","Go for the Eyes"],"picked":"SKIP","floor":29.0},{"not_picked":["Turbo","Gash"],"picked":"Redo","floor":31.0},{"not_picked":["Creative AI","Rainbow"],"picked":"Echo Form","floor":33.0},{"not_picked":["White Noise","Leap"],"picked":"Compile Driver","floor":35},{"not_picked":["Double Energy","Go for the Eyes+1"],"picked":"Loop+1","floor":35},{"not_picked":["Go for the Eyes","Beam Cell"],"picked":"Compile Driver+1","floor":36},{"not_picked":["Conserve Battery+1","Sweeping Beam+1"],"picked":"Loop+1","floor":36},{"not_picked":["Fusion","Streamline"],"picked":"Skim+1","floor":38},{"not_picked":["Lockon+1","Beam Cell","Cold Snap"],"picked":"SKIP","floor":38},{"not_picked":["Turbo","Cold Snap+1","Sweeping Beam+1"],"picked":"SKIP","floor":39},{"not_picked":["Reinforced Body+1","Amplify","Redo"],"picked":"SKIP","floor":39},{"not_picked":["Leap","Go for the Eyes","Undo+1"],"picked":"SKIP","floor":40},{"not_picked":["Streamline+1","Sunder","Sweeping Beam"],"picked":"SKIP","floor":42},{"not_picked":["Steam Power","Tempest+1","Loop"],"picked":"SKIP","floor":42},{"not_picked":["Consume","FTL","Go for the Eyes"],"picked":"SKIP","floor":44},{"not_picked":["Aggregate+1","Hologram","Gash"],"picked":"SKIP","floor":44},{"not_picked":["Thunder Strike","Lockon"],"picked":"Coolheaded+1","floor":45},{"not_picked":["Go for the Eyes","Rip and Tear","Reinforced Body+1"],"picked":"SKIP","floor":45},{"not_picked":["Go for the Eyes","Rip and Tear","Reinforced Body+1"],"picked":"SKIP","floor":45},{"not_picked":["Rip and Tear","Double Energy+1"],"picked":"Capacitor+1","floor":46}],"player_experience":297445,"relics_obtained":[{"floor":7.0,"key":"Happy Flower"},{"floor":9.0,"key":"Matryoshka"},{"floor":11.0,"key":"Prayer Wheel"},{"floor":24.0,"key":"Bottled Lightning"},{"floor":26.0,"key":"Anchor"},{"floor":26.0,"key":"Strawberry"},{"floor":31.0,"key":"Letter Opener"},{"floor":40,"key":"War Paint"},{"floor":43,"key":"Potion Belt"},{"floor":43,"key":"Art of War"},{"floor":46,"key":"DataDisk"}],"event_choices":[{"damage_healed":0.0,"max_hp_gain":0.0,"max_hp_loss":0.0,"gold_gain":0.0,"event_name":"Upgrade Shrine","player_choice":"Upgraded","floor":2.0,"gold_loss":0.0,"damage_taken":0.0,"cards_upgraded":["Zap"]},{"damage_healed":17.0,"max_hp_gain":0.0,"max_hp_loss":0.0,"gold_gain":0.0,"event_name":"The Cleric","player_choice":"Healed","floor":8.0,"gold_loss":35.0,"damage_taken":0.0},{"damage_healed":0.0,"max_hp_gain":0.0,"max_hp_loss":0.0,"gold_gain":0.0,"event_name":"Golden Wing","player_choice":"Ignored","floor":12.0,"gold_loss":0.0,"damage_taken":0.0},{"cards_removed":["Strike_B"],"damage_healed":0.0,"max_hp_gain":0.0,"max_hp_loss":0.0,"gold_gain":0.0,"event_name":"Beggar","player_choice":"Gave Gold","floor":19.0,"gold_loss":75.0,"damage_taken":0.0},{"damage_healed":0.0,"max_hp_gain":0.0,"max_hp_loss":0.0,"gold_gain":0.0,"event_name":"The Mausoleum","player_choice":"Ignored","floor":27.0,"gold_loss":0.0,"damage_taken":0.0},{"damage_healed":0,"gold_gain":0,"player_choice":"Forge","damage_taken":0,"max_hp_gain":0,"max_hp_loss":0,"event_name":"Accursed Blacksmith","floor":37,"gold_loss":0,"cards_upgraded":["FTL"]}],"is_beta":false,"boss_relics":[{"not_picked":["Cursed Key","Ectoplasm"],"picked":"FrozenCore"},{"not_picked":["Velvet Choker","Lizard Tail"],"picked":"Nuclear Battery"}],"items_purged_floors":[22,48],"is_endless":false,"potions_floor_spawned":[1,3,11,13,16,18,29,31,35,36,38,45],"ascension_level":3}