{"gold_per_floor":[117,129,141,155,155,191,204,129,129,129,129,129,129,94,94,224,287,306,324,180,180,30,73,73,91,91,124,124,162,186,211,211,340,340,354,369,393,99,224,224,247,260,283,283],"floor_reached":44,"playtime":1985,"items_purged":["Injury"],"score":594,"play_id":"94e987e0-07f5-4245-ae9f-075643fbd568","local_time":"20190310173356","is_ascension_mode":true,"campfire_choices":[{"floor":10.0,"key":"REST"},{"data":"Pummel","floor":13.0,"key":"SMITH"},{"data":"Cleave","floor":15.0,"key":"SMITH"},{"data":"Infernal Blade","floor":24.0,"key":"SMITH"},{"floor":28.0,"key":"REST"},{"floor":32.0,"key":"REST"},{"floor":40.0,"key":"REST"}],"neow_cost":"NONE","seed_source_timestamp":0,"circlet_count":0,"master_deck":["Strike_R","Strike_R","Strike_R","Strike_R+1","Strike_R","Defend_R+1","Defend_R","Defend_R+1","Defend_R","Bash","Cleave+1","Pommel Strike","Pummel+1","Inflame+1","Immolate","Fire Breathing","Infernal Blade+1","Pummel","Pummel+1","Bludgeon","Clothesline+1"],"special_seed":0,"relics":["Velvet Choker","Golden Idol","Omamori","Centennial Puzzle","Tiny House","Strawberry","Bag of Preparation","Lantern","Bottled Lightning","Pear","Red Mask","Gremlin Horn","Red Skull","Eternal Feather","War Paint","Bag of Marbles","Mango","Anchor"],"potions_floor_usage":[44],"damage_taken":[{"damage":7.0,"enemies":"Jaw Worm","floor":1.0,"turns":3.0},{"damage":0.0,"enemies":"2 Louse","floor":2.0,"turns":3.0},{"damage":0.0,"enemies":"Small Slimes","floor":3.0,"turns":2.0},{"damage":11.0,"enemies":"Blue Slaver","floor":4.0,"turns":3.0},{"damage":15.0,"enemies":"3 Sentries","floor":6.0,"turns":6.0},{"damage":8.0,"enemies":"Exordium Thugs","floor":7.0,"turns":3.0},{"damage":26.0,"enemies":"Slime Boss","floor":16.0,"turns":6.0},{"damage":2.0,"enemies":"Chosen","floor":18.0,"turns":4.0},{"damage":11.0,"enemies":"Spheric Guardian","floor":19.0,"turns":3.0},{"damage":0.0,"enemies":"Gremlin Leader","floor":23.0,"turns":3.0},{"damage":43.0,"enemies":"Snake Plant","floor":25.0,"turns":3.0},{"damage":7.0,"enemies":"Masked Bandits","floor":27.0,"turns":2.0},{"damage":22.0,"enemies":"Slavers","floor":29.0,"turns":3.0},{"damage":0.0,"enemies":"Snecko","floor":31.0,"turns":2.0},{"damage":52.0,"enemies":"Automaton","floor":33.0,"turns":5.0},{"damage":31.0,"enemies":"3 Shapes","floor":35.0,"turns":2.0},{"damage":8.0,"enemies":"Orb Walker","floor":36.0,"turns":2.0},{"damage":42.0,"enemies":"3 Darklings","floor":37.0,"turns":3.0},{"damage":14.0,"enemies":"Mind Bloom Boss Battle","floor":39.0,"turns":6.0},{"damage":13.0,"enemies":"Spire Growth","floor":41.0,"turns":2.0},{"damage":10.0,"enemies":"Transient","floor":42.0,"turns":5.0},{"damage":88,"enemies":"Giant Head","floor":44,"turns":6}],"seed_played":"6766705472039332284","potions_obtained":[{"floor":3.0,"key":"AttackPotion"},{"floor":4.0,"key":"AttackPotion"},{"floor":7.0,"key":"Strength Potion"},{"floor":17.0,"key":"LiquidBronze"},{"floor":19.0,"key":"LiquidBronze"},{"floor":37.0,"key":"Poison Potion"}],"is_trial":false,"path_per_floor":["M","M","M","M","?","E","M","$","T","R","$","?","R","?","R","B",null,"M","M","$","?","$","E","R","M","T","?","R","E","T","M","R","B",null,"M","M","M","$","?","R","M","M","T","E"],"character_chosen":"IRONCLAD","items_purchased":["Strawberry","Lantern","War Paint","Bag of Marbles"],"campfire_rested":4,"item_purchase_floors":[20,22,38,38],"current_hp_per_floor":[73,73,73,62,62,47,39,39,39,63,63,63,63,80,80,54,85,83,72,79,79,79,79,79,36,46,39,69,47,47,47,77,25,102,71,63,21,21,21,67,54,44,44,0],"gold":283,"neow_bonus":"BOSS_RELIC","is_prod":false,"is_daily":false,"chose_seed":false,"campfire_upgraded":3,"win_rate":0,"timestamp":1552199636,"path_taken":["M","M","M","M","?","E","M","$","T","R","$","?","R","?","R","BOSS","M","M","$","?","$","E","R","M","T","?","R","E","?","?","R","BOSS","M","M","M","$","?","R","M","M","T","E"],"build_version":"2019-01-23","purchased_purges":1,"victory":false,"max_hp_per_floor":[80,80,80,80,80,80,80,80,80,80,80,80,80,80,80,80,85,85,85,92,92,92,92,92,92,102,102,102,102,102,102,102,102,102,102,102,102,102,116,116,116,116,116,116],"card_choices":[{"not_picked":["Clothesline","Sentinel","Clash"],"picked":"SKIP","floor":1.0},{"not_picked":["Bloodletting","Entrench","Warcry"],"picked":"SKIP","floor":2.0},{"not_picked":["Twin Strike","Sever Soul"],"picked":"Cleave","floor":3.0},{"not_picked":["Bloodletting","Evolve"],"picked":"Pommel Strike","floor":4.0},{"not_picked":["Clash","Reckless Charge"],"picked":"Pummel","floor":6.0},{"not_picked":["Headbutt","Havoc"],"picked":"Inflame","floor":7.0},{"not_picked":["Bludgeon","Reaper"],"picked":"Immolate","floor":16.0},{"not_picked":["Hemokinesis","Feel No Pain"],"picked":"Fire Breathing","floor":17.0},{"not_picked":["Thunderclap","Body Slam"],"picked":"Infernal Blade","floor":18.0},{"not_picked":["Entrench","Dropkick","Wild Strike"],"picked":"SKIP","floor":19.0},{"not_picked":["Armaments","Wild Strike","Blood for Blood"],"picked":"SKIP","floor":23.0},{"not_picked":["Second Wind","Whirlwind"],"picked":"Pummel","floor":25.0},{"not_picked":["Shrug It Off","Iron Wave","Body Slam"],"picked":"SKIP","floor":29.0},{"not_picked":["Flex","Disarm+1"],"picked":"Pummel+1","floor":31.0},{"not_picked":["Brutality","Offering"],"picked":"Bludgeon","floor":33.0},{"not_picked":["True Grit","Anger"],"picked":"Clothesline+1","floor":35.0},{"not_picked":["Havoc","Headbutt","Cleave+1"],"picked":"SKIP","floor":36.0},{"not_picked":["Clothesline","Intimidate+1","Bloodletting"],"picked":"SKIP","floor":37.0},{"not_picked":["Disarm","Combust+1","Bloodletting+1"],"picked":"SKIP","floor":41.0},{"not_picked":["Dropkick+1","Power Through","Evolve+1"],"picked":"SKIP","floor":42.0}],"player_experience":219569,"relics_obtained":[{"floor":6.0,"key":"Omamori"},{"floor":9.0,"key":"Centennial Puzzle"},{"floor":23.0,"key":"Bottled Lightning"},{"floor":26.0,"key":"Pear"},{"floor":27.0,"key":"Red Mask"},{"floor":29.0,"key":"Gremlin Horn"},{"floor":30.0,"key":"Red Skull"},{"floor":39.0,"key":"Mango"},{"floor":43.0,"key":"Anchor"}],"event_choices":[{"damage_healed":0.0,"max_hp_gain":0.0,"max_hp_loss":0.0,"gold_gain":0.0,"event_name":"Golden Idol","player_choice":"Take Wound","floor":5.0,"gold_loss":0.0,"damage_taken":0.0,"relics_obtained":["Golden Idol"],"cards_obtained":["Injury"]},{"damage_healed":0.0,"max_hp_gain":0.0,"max_hp_loss":0.0,"gold_gain":0.0,"event_name":"Living Wall","player_choice":"Grow","floor":12.0,"gold_loss":0.0,"damage_taken":0.0,"cards_upgraded":["Inflame"]},{"damage_healed":20.0,"max_hp_gain":0.0,"max_hp_loss":0.0,"gold_gain":0.0,"event_name":"The Cleric","player_choice":"Healed","floor":14.0,"gold_loss":35.0,"damage_taken":0.0},{"damage_healed":0.0,"max_hp_gain":0.0,"max_hp_loss":0.0,"gold_gain":0.0,"event_name":"The Mausoleum","player_choice":"Opened","floor":21.0,"gold_loss":0.0,"damage_taken":0.0,"relics_obtained":["Bag of Preparation"],"cards_obtained":["Writhe"]},{"damage_healed":0.0,"max_hp_gain":0.0,"max_hp_loss":0.0,"gold_gain":0.0,"event_name":"Masked Bandits","player_choice":"Fought Bandits","floor":27.0,"gold_loss":0.0,"damage_taken":0.0},{"damage_healed":0.0,"max_hp_gain":0.0,"max_hp_loss":0.0,"gold_gain":0.0,"event_name":"MindBloom","player_choice":"Fight","floor":39.0,"gold_loss":0.0,"damage_taken":0.0}],"is_beta":false,"boss_relics":[{"not_picked":["Coffee Dripper","Runic Cube"],"picked":"Tiny House"},{"not_picked":["Mark of Pain","Runic Dome"],"picked":"Eternal Feather"}],"items_purged_floors":[8],"is_endless":false,"potions_floor_spawned":[3,4,7,19,25,27,29,31,37,39],"killed_by":"Giant Head","ascension_level":3}