{"path_per_floor":["M","M","?","$","?","R","M","?","T","$","?","M","?","M","R","B",null],"character_chosen":"THE_SILENT","items_purchased":["Slice","Cloak And Dagger","Eviscerate","Good Instincts"],"gold_per_floor":[109,124,124,74,249,249,268,268,292,35,58,72,72,91,91,210,210],"floor_reached":18,"campfire_rested":1,"playtime":1581,"current_hp_per_floor":[70,68,68,68,68,68,68,61,61,61,51,51,51,51,70,19,70],"items_purged":["Strike_G"],"gold":210,"play_id":"4855341a-2996-41e7-8e7a-bf38f9108994","is_prod":false,"is_daily":false,"is_ascension_mode":false,"campfire_upgraded":1,"path_taken":["M","M","?","$","?","R","M","?","T","?","?","M","?","M","R","BOSS","M"],"build_version":"2018-02-01-PROD3","purchased_purges":1,"victory":false,"master_deck":["Defend_G","Defend_G","Defend_G","Defend_G","Defend_G","Strike_G","Strike_G+1","Survivor","Neutralize","Dagger Spray","Dagger Throw","After Image+1","Slice","Doubt","Quick Slash+1","Cloak And Dagger","Eviscerate","Good Instincts","Backflip","Poisoned Stab","Injury","PiercingWail","Die Die Die"],"max_hp_per_floor":[70,70,70,70,70,70,70,70,70,70,70,70,70,70,70,70,70],"relics":["Ring of the Snake","Whetstone","Odd Mushroom","Golden Idol","Lizard Tail"],"card_choices":[{"not_picked":["Skewer","Prepared"],"picked":"Dagger Spray"},{"not_picked":["Bane","Heel Hook"],"picked":"Dagger Throw"},{"not_picked":["Sucker Punch","Crippling Poison"],"picked":"Quick Slash"},{"not_picked":["Outmaneuver","Acrobatics"],"picked":"Backflip"},{"not_picked":["Adrenaline","Crippling Poison"],"picked":"Poisoned Stab"},{"not_picked":["Finisher","Eviscerate"],"picked":"PiercingWail"},{"not_picked":["Glass Knife","Adrenaline"],"picked":"Die Die Die"}],"player_experience":61829,"potions_floor_usage":[16,16],"damage_taken":[{"damage":0,"enemies":"Jaw Worm","floor":1,"turns":6},{"damage":2,"enemies":"Blue Slaver","floor":2,"turns":5},{"damage":0,"enemies":"2 Louse","floor":7,"turns":2},{"damage":10,"enemies":"The Mushroom Lair","floor":11,"turns":4},{"damage":0,"enemies":"Large Slime","floor":12,"turns":5},{"damage":0,"enemies":"Red Slaver","floor":14,"turns":5},{"damage":51,"enemies":"The Guardian","floor":16,"turns":14},{"damage":39,"enemies":"3 Byrds","floor":18,"turns":6}],"event_choices":[{"event_name":"Living Wall","player_choice":"Change","floor":3,"damage_taken":0},{"event_name":"Liars Game","player_choice":"agreed","floor":5,"damage_taken":0},{"event_name":"Golden Wing","player_choice":"Card Removal","floor":8,"damage_taken":0},{"event_name":"Mushrooms","player_choice":"Fought Mushrooms","floor":11,"damage_taken":0},{"event_name":"Golden Idol","player_choice":"Take Wound","floor":13,"damage_taken":0}],"boss_relics":[{"not_picked":["Snecko Eye","Runic Pyramid"],"picked":"Lizard Tail"}],"potions_floor_spawned":[1,12],"seed_played":"4014040191561857804","killed_by":"3 Byrds","ascension_level":0,"is_trial":false}