{"gold_per_floor":[110,110,122,134,148,182,182,212,212,212,228,2,2,17,17,116,116,56,83,102,102,114,141,141,170,170,204,204,221,68,79,79,184,184,200,200,212,212,232,232,247,263,263,274,294,325,325,52,52,52],"floor_reached":51,"playtime":3586,"items_purged":[],"score":1048,"play_id":"55dc866d-62f9-4dff-ac72-057768d88421","local_time":"20190612224605","is_ascension_mode":true,"campfire_choices":[{"floor":7,"key":"REST"},{"data":"Spot Weakness","floor":10,"key":"SMITH"},{"floor":15,"key":"REST"},{"data":"Seeing Red","floor":24,"key":"SMITH"},{"floor":32,"key":"REST"},{"data":"Barricade","floor":40,"key":"SMITH"},{"floor":49,"key":"REST"}],"neow_cost":"NONE","seed_source_timestamp":2168256137206106,"circlet_count":0,"master_deck":["Strike_R","Strike_R","Strike_R","Strike_R","Defend_R","Defend_R","Defend_R","Defend_R","Bash","Inflame","Headbutt","Disarm","Spot Weakness+1","Shrug It Off","Havoc","Burning Pact","Feel No Pain","Warcry","Limit Break","True Grit","Corruption+1","Infernal Blade+1","Seeing Red+1","Dropkick","True Grit","Headbutt","Iron Wave","Barricade+1","Warcry+1","Writhe","Metallicize+1","Dark Embrace","Armaments+1","Blood for Blood+1","Sentinel+1","Secret Technique","Panacea","Havoc"],"relics":["Burning Blood","Dead Branch","Vajra","Letter Opener","HandDrill","Lizard Tail","Pen Nib","Pear","Red Mask","Bird Faced Urn","Blood Vial","PreservedInsect","Runic Cube","Juzu Bracelet","Kunai"],"potions_floor_usage":[8,8,16,23,27,27,27,39,45],"damage_taken":[{"damage":3,"enemies":"2 Louse","floor":1,"turns":3},{"damage":6,"enemies":"Cultist","floor":3,"turns":4},{"damage":5,"enemies":"Jaw Worm","floor":4,"turns":4},{"damage":19,"enemies":"Red Slaver","floor":5,"turns":4},{"damage":34,"enemies":"Lagavulin","floor":6,"turns":8},{"damage":20,"enemies":"3 Sentries","floor":8,"turns":5},{"damage":11,"enemies":"3 Louse","floor":11,"turns":3},{"damage":36,"enemies":"Exordium Thugs","floor":14,"turns":5},{"damage":10,"enemies":"The Guardian","floor":16,"turns":7},{"damage":11,"enemies":"2 Thieves","floor":18,"turns":4},{"damage":9,"enemies":"Chosen","floor":20,"turns":6},{"damage":42,"enemies":"Colosseum Slavers","floor":21,"turns":5},{"damage":0,"enemies":"Centurion and Healer","floor":22,"turns":1},{"damage":12,"enemies":"Slavers","floor":23,"turns":2},{"damage":19,"enemies":"Masked Bandits","floor":25,"turns":4},{"damage":0,"enemies":"Gremlin Leader","floor":27,"turns":2},{"damage":13,"enemies":"Shelled Parasite and Fungi","floor":29,"turns":3},{"damage":0,"enemies":"3 Cultists","floor":31,"turns":2},{"damage":54,"enemies":"Automaton","floor":33,"turns":9},{"damage":37,"enemies":"3 Darklings","floor":35,"turns":5},{"damage":8,"enemies":"Orb Walker","floor":37,"turns":3},{"damage":45,"enemies":"3 Darklings","floor":39,"turns":5},{"damage":2,"enemies":"Writhing Mass","floor":41,"turns":2},{"damage":1,"enemies":"Maw","floor":42,"turns":6},{"damage":24,"enemies":"Sphere and 2 Shapes","floor":44,"turns":5},{"damage":10,"enemies":"Spire Growth","floor":45,"turns":7},{"damage":46,"enemies":"Nemesis","floor":46,"turns":7},{"damage":44,"enemies":"Time Eater","floor":50,"turns":6}],"seed_played":"-3944219220825666186","potions_obtained":[{"floor":2,"key":"GamblersBrew"},{"floor":2,"key":"Swift Potion"},{"floor":2,"key":"PowerPotion"},{"floor":3,"key":"BloodPotion"},{"floor":5,"key":"Fire Potion"},{"floor":14,"key":"Block Potion"},{"floor":16,"key":"PowerPotion"},{"floor":22,"key":"Energy Potion"},{"floor":23,"key":"Ancient Potion"},{"floor":25,"key":"Regen Potion"},{"floor":27,"key":"SpeedPotion"},{"floor":31,"key":"SpeedPotion"},{"floor":37,"key":"Fruit Juice"},{"floor":41,"key":"Ancient Potion"},{"floor":42,"key":"Fire Potion"},{"floor":46,"key":"Dexterity Potion"}],"is_trial":false,"path_per_floor":["M","?","M","M","M","E","R","E","T","R","M","$","?","M","R","B",null,"M","T","M","?","M","E","R","?","T","E","?","M","$","M","R","B",null,"M","?","M","?","M","R","M","M","T","M","M","E","?","$","R","B",null],"character_chosen":"IRONCLAD","items_purchased":["Feel No Pain","HandDrill","PreservedInsect","Kunai","Havoc"],"campfire_rested":4,"item_purchase_floors":[12,12,30,48,48],"current_hp_per_floor":[75,75,75,76,63,35,59,53,53,53,48,48,48,18,42,38,70,65,65,62,26,32,36,36,23,23,42,42,43,43,53,80,42,78,53,76,78,78,54,54,64,85,85,77,85,59,54,54,82,58],"gold":52,"neow_bonus":"THREE_CARDS","is_prod":false,"is_daily":false,"chose_seed":false,"campfire_upgraded":3,"win_rate":0,"timestamp":1560343565,"path_taken":["M","?","M","?","M","E","R","E","T","R","M","?","?","?","R","BOSS","M","?","M","?","?","E","R","?","T","E","?","?","?","M","R","BOSS","M","?","M","?","M","R","M","M","T","?","M","E","?","?","R","BOSS"],"build_version":"2019-01-23","purchased_purges":0,"victory":true,"max_hp_per_floor":[80,80,80,80,80,80,80,80,80,80,80,80,80,80,80,80,80,80,80,80,80,80,90,90,90,90,90,90,90,90,90,90,90,90,90,90,90,90,95,95,95,95,95,95,95,95,95,95,95,95],"card_choices":[{"not_picked":["Power Through","Second Wind"],"picked":"Inflame","floor":0},{"not_picked":["Bloodletting","Armaments"],"picked":"Headbutt","floor":1},{"not_picked":["Bloodletting","Heavy Blade"],"picked":"Disarm","floor":3},{"not_picked":["Carnage","Heavy Blade"],"picked":"Spot Weakness","floor":4},{"not_picked":["Entrench","Wild Strike"],"picked":"Shrug It Off","floor":5},{"not_picked":["Dark Embrace","Battle Trance"],"picked":"Havoc","floor":6},{"not_picked":["Cleave","Anger"],"picked":"Burning Pact","floor":8},{"not_picked":["Spot Weakness","Combust","Bloodletting"],"picked":"SKIP","floor":11},{"not_picked":["Fire Breathing","Whirlwind"],"picked":"Warcry","floor":14},{"not_picked":["Juggernaut","Brutality"],"picked":"Limit Break","floor":16},{"not_picked":["Sword Boomerang+1","Heavy Blade"],"picked":"True Grit","floor":18},{"not_picked":["Clothesline+1","Clash"],"picked":"Corruption+1","floor":20},{"not_picked":["Uppercut","Havoc"],"picked":"Infernal Blade+1","floor":22},{"not_picked":["Clash","Corruption"],"picked":"Seeing Red","floor":23},{"not_picked":["Shrug It Off","Dual Wield"],"picked":"Dropkick","floor":25},{"not_picked":["Perfected Strike","Clothesline"],"picked":"True Grit","floor":27},{"not_picked":["Rupture+1","Bloodletting+1"],"picked":"Headbutt","floor":29},{"not_picked":["Corruption","Sword Boomerang"],"picked":"Iron Wave","floor":31},{"not_picked":["Dark Embrace","Fiend Fire"],"picked":"Barricade","floor":33},{"not_picked":["Clash+1","Thunderclap+1"],"picked":"Warcry+1","floor":35},{"not_picked":["True Grit","Reckless Charge"],"picked":"Metallicize+1","floor":37},{"not_picked":["Perfected Strike+1","Thunderclap","Flex"],"picked":"SKIP","floor":39},{"not_picked":["Flex+1","Wild Strike","Sever Soul+1"],"picked":"SKIP","floor":41},{"not_picked":["Double Tap","Perfected Strike"],"picked":"Armaments+1","floor":42},{"not_picked":["Pommel Strike","Pummel"],"picked":"Blood for Blood+1","floor":44},{"not_picked":["Searing Blow+1","Uppercut","Perfected Strike+1"],"picked":"SKIP","floor":45},{"not_picked":["Clash","Reckless Charge"],"picked":"Sentinel+1","floor":46},{"not_picked":["Trip","Enlightenment"],"picked":"Secret Technique","floor":47},{"not_picked":["Trip","Deep Breath"],"picked":"Panacea","floor":47}],"player_experience":454601,"relics_obtained":[{"floor":6,"key":"Dead Branch"},{"floor":8,"key":"Vajra"},{"floor":9,"key":"Letter Opener"},{"floor":19,"key":"Pen Nib"},{"floor":23,"key":"Pear"},{"floor":25,"key":"Red Mask"},{"floor":26,"key":"Bird Faced Urn"},{"floor":27,"key":"Blood Vial"},{"floor":46,"key":"Juzu Bracelet"}],"event_choices":[{"damage_healed":0,"gold_gain":0,"player_choice":"Got Potions","damage_taken":0,"max_hp_gain":0,"max_hp_loss":0,"event_name":"Lab","floor":2,"gold_loss":0},{"damage_healed":0,"gold_gain":0,"player_choice":"Ignored","damage_taken":0,"max_hp_gain":0,"max_hp_loss":0,"event_name":"Purifier","floor":13,"gold_loss":0},{"damage_healed":0,"gold_gain":0,"player_choice":"Fight","damage_taken":0,"max_hp_gain":0,"max_hp_loss":0,"event_name":"Colosseum","floor":21,"gold_loss":0},{"damage_healed":0,"gold_gain":0,"player_choice":"Fled From Nobs","damage_taken":0,"max_hp_gain":0,"max_hp_loss":0,"event_name":"Colosseum","floor":21,"gold_loss":0},{"damage_healed":0,"gold_gain":0,"player_choice":"Fought Bandits","damage_taken":0,"max_hp_gain":0,"max_hp_loss":0,"event_name":"Masked Bandits","floor":25,"gold_loss":0},{"damage_healed":0,"gold_gain":0,"player_choice":"Ignored","damage_taken":0,"max_hp_gain":0,"max_hp_loss":0,"event_name":"Ghosts","floor":28,"gold_loss":0},{"damage_healed":23,"gold_gain":0,"player_choice":"Writhe","damage_taken":0,"max_hp_gain":0,"max_hp_loss":0,"event_name":"Winding Halls","floor":36,"gold_loss":0,"cards_obtained":["Writhe"]},{"damage_healed":0,"gold_gain":0,"cards_transformed":["Strike_R"],"player_choice":"Transformed","damage_taken":0,"max_hp_gain":0,"max_hp_loss":0,"event_name":"Transmorgrifier","floor":38,"gold_loss":0,"cards_obtained":["Dark Embrace"]},{"damage_healed":0,"gold_gain":0,"player_choice":"Memory 2","damage_taken":5,"max_hp_gain":0,"max_hp_loss":0,"event_name":"SensoryStone","floor":47,"gold_loss":0}],"is_beta":false,"boss_relics":[{"not_picked":["Busted Crown","White Beast Statue"],"picked":"Lizard Tail"},{"not_picked":["Cursed Key","Calling Bell"],"picked":"Runic Cube"}],"items_purged_floors":[],"is_endless":false,"potions_floor_spawned":[3,5,6,14,16,22,23,25,27,31,37,41,42,46],"ascension_level":6}