{"gold_per_floor":[113,113,123,123,146,177,194,229,229,229,262,272,272,287,287,389,389,402,402,317,197,207,223,223,558,582,609,622,622,640,655,655,655],"floor_reached":33,"playtime":1721,"items_purged":[],"score":365,"play_id":"38b71480-f89e-4c67-8201-9b48cefefcf5","local_time":"20190429220418","is_ascension_mode":true,"campfire_choices":[{"floor":10,"key":"REST"},{"floor":15,"key":"REST"},{"floor":24,"key":"REST"},{"floor":29,"key":"REST"},{"floor":32,"key":"REST"}],"neow_cost":"NONE","seed_source_timestamp":599109723426895,"circlet_count":0,"master_deck":["Strike_B","Strike_B","Strike_B","Strike_B","Defend_B","Defend_B","Defend_B","Defend_B","Zap","Dualcast","Coolheaded","Cold Snap","Core Surge","Conserve Battery","Electrodynamics","Necronomicurse","Static Discharge","Ball Lightning","Self Repair","Leap+1","Defragment","Ball Lightning","Sunder+1"],"relics":["Cracked Core","NeowsBlessing","DataDisk","Torii","Bottled Lightning","Symbiotic Virus","PreservedInsect","Eternal Feather","Necronomicon","Bronze Scales","Old Coin","Blood Vial"],"potions_floor_usage":[11,11,16,27,33,33],"damage_taken":[{"damage":0,"enemies":"Small Slimes","floor":1,"turns":1},{"damage":0,"enemies":"Cultist","floor":3,"turns":1},{"damage":0,"enemies":"3 Sentries","floor":6,"turns":1},{"damage":8,"enemies":"Jaw Worm","floor":7,"turns":3},{"damage":44,"enemies":"Lagavulin","floor":8,"turns":7},{"damage":7,"enemies":"Gremlin Nob","floor":11,"turns":4},{"damage":13,"enemies":"Lots of Slimes","floor":12,"turns":3},{"damage":0,"enemies":"Large Slime","floor":14,"turns":3},{"damage":2,"enemies":"Slime Boss","floor":16,"turns":8},{"damage":17,"enemies":"Shell Parasite","floor":18,"turns":7},{"damage":7,"enemies":"Chosen","floor":22,"turns":3},{"damage":15,"enemies":"Shelled Parasite and Fungi","floor":23,"turns":4},{"damage":30,"enemies":"Slavers","floor":25,"turns":3},{"damage":10,"enemies":"Gremlin Leader","floor":27,"turns":4},{"damage":19,"enemies":"Centurion and Healer","floor":28,"turns":4},{"damage":18,"enemies":"Snecko","floor":30,"turns":4},{"damage":25,"enemies":"Snake Plant","floor":31,"turns":3},{"damage":72,"enemies":"Champ","floor":33,"turns":9}],"seed_played":"-6289657358082086697","potions_obtained":[{"floor":2,"key":"SkillPotion"},{"floor":2,"key":"SneckoOil"},{"floor":2,"key":"Block Potion"},{"floor":11,"key":"PowerPotion"},{"floor":14,"key":"AttackPotion"},{"floor":16,"key":"Fire Potion"},{"floor":23,"key":"EssenceOfSteel"},{"floor":27,"key":"Explosive Potion"}],"is_trial":false,"path_per_floor":["M","?","M","?","T","E","M","E","T","R","E","M","$","M","R","B",null,"M","?","?","$","M","M","R","E","T","E","M","R","M","M","R","B"],"character_chosen":"DEFECT","items_purchased":["Static Discharge","Ball Lightning"],"campfire_rested":5,"item_purchase_floors":[21,21],"current_hp_per_floor":[75,75,75,80,80,80,72,28,28,52,45,32,32,32,56,54,80,63,47,47,47,40,25,58,35,35,32,22,58,49,33,69,0],"gold":655,"neow_bonus":"THREE_ENEMY_KILL","is_prod":false,"is_daily":false,"chose_seed":false,"campfire_upgraded":0,"win_rate":0,"timestamp":1556539458,"path_taken":["M","?","?","?","?","E","M","E","T","R","E","M","$","?","R","BOSS","M","?","?","$","M","M","R","E","T","E","M","R","M","M","R","BOSS"],"build_version":"2019-01-23","purchased_purges":0,"victory":false,"max_hp_per_floor":[75,75,75,80,80,80,80,80,80,80,80,80,80,80,80,80,80,80,80,80,80,80,80,80,80,80,80,80,80,80,80,80,80],"card_choices":[{"not_picked":["Rebound","Darkness","Hologram"],"picked":"SKIP","floor":1},{"not_picked":["Steam","Blizzard","Glacier"],"picked":"SKIP","floor":3},{"not_picked":["Chill","Leap","Steam"],"picked":"SKIP","floor":6},{"not_picked":["Rebound","Tempest"],"picked":"Coolheaded","floor":7},{"not_picked":["Hyperbeam","Go for the Eyes","Compile Driver"],"picked":"SKIP","floor":8},{"not_picked":["Barrage","Steam"],"picked":"Cold Snap","floor":11},{"not_picked":["Doom and Gloom","Steam Power"],"picked":"Core Surge","floor":12},{"not_picked":["Capacitor","Blizzard"],"picked":"Conserve Battery","floor":14},{"not_picked":["Creative AI","Echo Form"],"picked":"Electrodynamics","floor":16},{"not_picked":["Go for the Eyes","Force Field","Reinforced Body"],"picked":"SKIP","floor":18},{"not_picked":["Conserve Battery","Beam Cell","Doom and Gloom"],"picked":"SKIP","floor":22},{"not_picked":["Streamline","Sweeping Beam"],"picked":"Self Repair","floor":23},{"not_picked":["Beam Cell","Streamline"],"picked":"Leap+1","floor":25},{"not_picked":["Double Energy","Reinforced Body"],"picked":"Defragment","floor":27},{"not_picked":["Consume","BootSequence"],"picked":"Ball Lightning","floor":28},{"not_picked":["Cold Snap","Darkness","Sweeping Beam"],"picked":"SKIP","floor":30},{"not_picked":["Stack","Turbo"],"picked":"Sunder+1","floor":31}],"player_experience":352266,"relics_obtained":[{"floor":5,"key":"DataDisk"},{"floor":6,"key":"Torii"},{"floor":8,"key":"Bottled Lightning"},{"floor":9,"key":"Symbiotic Virus"},{"floor":11,"key":"PreservedInsect"},{"floor":19,"key":"Necronomicon"},{"floor":25,"key":"Old Coin"},{"floor":27,"key":"Blood Vial"}],"event_choices":[{"damage_healed":0,"gold_gain":0,"player_choice":"Got Potions","damage_taken":0,"max_hp_gain":0,"max_hp_loss":0,"event_name":"Lab","floor":2,"gold_loss":0},{"damage_healed":0,"gold_gain":0,"player_choice":"Donut","damage_taken":0,"max_hp_gain":5,"max_hp_loss":0,"event_name":"Big Fish","floor":4,"gold_loss":0},{"damage_healed":0,"gold_gain":0,"player_choice":"Obtained Book","damage_taken":16,"max_hp_gain":0,"max_hp_loss":0,"event_name":"Cursed Tome","floor":19,"gold_loss":0},{"damage_healed":0,"gold_gain":0,"player_choice":"Obtained Relic","damage_taken":0,"relics_obtained":["Bronze Scales"],"max_hp_gain":0,"max_hp_loss":0,"event_name":"Addict","floor":20,"gold_loss":85}],"is_beta":false,"boss_relics":[{"not_picked":["Philosopher\u0027s Stone","Runic Pyramid"],"picked":"Eternal Feather"}],"items_purged_floors":[],"is_endless":false,"potions_floor_spawned":[8,11,14,16,18,23,27,28],"killed_by":"Champ","ascension_level":2}