{"gold_per_floor":[117,129,129,129,147,147,157,178,178,178,190,209,235,245,245,341,341,352,352,362,277,8,8,36,36,117,117,117,135,135,154,154,256,256,273,273,29,46,46,46,76,76,76,76,76,93,105,115,115,115],"floor_reached":51,"playtime":3507,"items_purged":[],"score":672,"play_id":"f5081955-4130-410c-b674-2c106f8c6d85","local_time":"20190321212535","is_ascension_mode":false,"campfire_choices":[{"data":"Dagger Spray","floor":6.0,"key":"SMITH"},{"data":"Deflect","floor":10.0,"key":"SMITH"},{"floor":15.0,"key":"REST"},{"data":"Accuracy","floor":23.0,"key":"SMITH"},{"data":"Accuracy","floor":25.0,"key":"SMITH"},{"floor":30.0,"key":"REST"},{"floor":32.0,"key":"REST"},{"data":"Accuracy","floor":40.0,"key":"SMITH"},{"floor":45.0,"key":"REST"},{"floor":49.0,"key":"REST"}],"neow_cost":"NONE","seed_source_timestamp":0,"circlet_count":0,"master_deck":["Defend_G","Defend_G","Defend_G","Defend_G","Defend_G","Strike_G","Strike_G","Strike_G","Strike_G","Strike_G","Survivor","Neutralize+1","Dagger Spray+1","Backflip+1","Flying Knee","Deflect+1","Caltrops","Infinite Blades","Blade Dance","Dagger Spray","Burst+1","Accuracy+1","Accuracy+1","Leg Sweep+1","Accuracy+1","Cloak And Dagger+1","Backflip+1","Noxious Fumes+1","Bandage Up+1","Adrenaline+1","Cloak And Dagger+1"],"special_seed":0,"relics":["Ring of the Snake","Sundial","Odd Mushroom","Ornamental Fan","Letter Opener","Lizard Tail","Art of War","Blood Vial","Toxic Egg 2","Pear","Philosopher\u0027s Stone","Kunai","War Paint","Anchor"],"potions_floor_usage":[50,50],"damage_taken":[{"damage":0.0,"enemies":"Jaw Worm","floor":1.0,"turns":6.0},{"damage":0.0,"enemies":"2 Louse","floor":2.0,"turns":2.0},{"damage":0.0,"enemies":"Small Slimes","floor":5.0,"turns":3.0},{"damage":2.0,"enemies":"Looter","floor":7.0,"turns":3.0},{"damage":6.0,"enemies":"The Mushroom Lair","floor":8.0,"turns":3.0},{"damage":1.0,"enemies":"Blue Slaver","floor":11.0,"turns":4.0},{"damage":0.0,"enemies":"Lots of Slimes","floor":12.0,"turns":1.0},{"damage":4.0,"enemies":"Gremlin Nob","floor":13.0,"turns":4.0},{"damage":0.0,"enemies":"3 Louse","floor":14.0,"turns":3.0},{"damage":20.0,"enemies":"Hexaghost","floor":16.0,"turns":9.0},{"damage":0.0,"enemies":"3 Byrds","floor":18.0,"turns":5.0},{"damage":3.0,"enemies":"Shell Parasite","floor":20.0,"turns":5.0},{"damage":7.0,"enemies":"Book of Stabbing","floor":24.0,"turns":6.0},{"damage":27.0,"enemies":"Chosen and Byrds","floor":29.0,"turns":7.0},{"damage":14.0,"enemies":"3 Cultists","floor":31.0,"turns":5.0},{"damage":36.0,"enemies":"Collector","floor":33.0,"turns":9.0},{"damage":19.0,"enemies":"Orb Walker","floor":35.0,"turns":5.0},{"damage":4.0,"enemies":"3 Shapes","floor":38.0,"turns":5.0},{"damage":35.0,"enemies":"Nemesis","floor":41.0,"turns":9.0},{"damage":34.0,"enemies":"Transient","floor":46.0,"turns":5.0},{"damage":5.0,"enemies":"4 Shapes","floor":47.0,"turns":5.0},{"damage":20.0,"enemies":"3 Darklings","floor":48.0,"turns":4.0},{"damage":48,"enemies":"Awakened One","floor":50,"turns":13}],"seed_played":"-1571824679685283913","potions_obtained":[{"floor":1.0,"key":"Block Potion"},{"floor":11.0,"key":"EssenceOfSteel"},{"floor":12.0,"key":"GhostInAJar"},{"floor":13.0,"key":"Energy Potion"},{"floor":20.0,"key":"AttackPotion"},{"floor":46.0,"key":"GamblersBrew"},{"floor":47.0,"key":"LiquidBronze"},{"floor":48.0,"key":"Fire Potion"}],"is_trial":false,"path_per_floor":["M","M","?","?","M","R","M","?","T","R","M","M","E","M","R","B",null,"M","?","M","?","$","R","E","R","T","$","?","M","R","M","R","B",null,"M","?","$","M","?","R","E","?","T","?","R","M","M","M","R","B",null],"character_chosen":"THE_SILENT","items_purchased":["Leg Sweep","Blood Vial","Accuracy","Kunai"],"campfire_rested":5,"item_purchase_floors":[22,22,22,37],"current_hp_per_floor":[70,70,58,58,58,58,56,50,50,50,49,49,45,45,66,46,70,70,70,67,67,67,67,62,62,72,72,72,47,71,59,80,44,80,61,61,61,59,59,59,32,32,32,32,54,28,31,19,41,1],"gold":115,"neow_bonus":"UPGRADE_CARD","is_prod":false,"is_daily":false,"chose_seed":false,"campfire_upgraded":5,"win_rate":0,"timestamp":1553163935,"path_taken":["M","M","?","?","?","R","M","?","T","R","M","M","E","M","R","BOSS","M","?","M","?","$","R","E","R","T","$","?","M","R","M","R","BOSS","M","?","$","M","?","R","E","?","T","?","R","M","?","M","R","BOSS"],"build_version":"2019-01-23","purchased_purges":0,"victory":true,"max_hp_per_floor":[70,70,70,70,70,70,70,70,70,70,70,70,70,70,70,70,70,70,70,70,70,70,70,70,70,80,80,80,80,80,80,80,80,80,80,80,80,80,80,80,80,76,76,76,76,76,76,76,76,76],"card_choices":[{"not_picked":["Escape Plan","Dagger Throw"],"picked":"Dagger Spray","floor":1.0},{"not_picked":["Backstab","Prepared"],"picked":"Backflip","floor":2.0},{"not_picked":["Acrobatics","Crippling Poison","Sucker Punch"],"picked":"SKIP","floor":5.0},{"not_picked":["Poisoned Stab","Acrobatics"],"picked":"Flying Knee","floor":7.0},{"not_picked":["Dagger Spray","Masterful Stab"],"picked":"Deflect","floor":8.0},{"not_picked":["Blade Dance","Deflect"],"picked":"Caltrops","floor":11.0},{"not_picked":["Tactician","Backstab"],"picked":"Infinite Blades","floor":12.0},{"not_picked":["Expertise","Dagger Throw"],"picked":"Blade Dance","floor":13.0},{"not_picked":["Dagger Throw","PiercingWail"],"picked":"Dagger Spray","floor":14.0},{"not_picked":["Malaise","Night Terror"],"picked":"Burst","floor":16.0},{"not_picked":["Dodge and Roll","Concentrate","Dagger Throw+1"],"picked":"SKIP","floor":18.0},{"not_picked":["Concentrate","Dodge and Roll"],"picked":"Accuracy","floor":20.0},{"not_picked":["Eviscerate","Slice","Prepared"],"picked":"SKIP","floor":24.0},{"not_picked":["Dagger Spray","Dagger Throw"],"picked":"Cloak And Dagger+1","floor":29.0},{"not_picked":["Underhanded Strike","Flechettes"],"picked":"Backflip+1","floor":31.0},{"not_picked":["Sucker Punch+1","Poisoned Stab","Catalyst+1"],"picked":"SKIP","floor":35.0},{"not_picked":["Dagger Throw","PiercingWail+1"],"picked":"Noxious Fumes+1","floor":38.0},{"not_picked":["Panacea+1","Discovery+1"],"picked":"Bandage Up+1","floor":39.0},{"not_picked":["Heel Hook+1","Slice"],"picked":"Adrenaline+1","floor":41.0},{"not_picked":["All Out Attack+1","Blade Dance+1"],"picked":"Cloak And Dagger+1","floor":46.0},{"not_picked":["Slice","Finisher+1","Dagger Spray+1"],"picked":"SKIP","floor":47.0},{"not_picked":["Calculated Gamble+1","PiercingWail+1","Footwork"],"picked":"SKIP","floor":48.0}],"player_experience":256688,"relics_obtained":[{"floor":8.0,"key":"Odd Mushroom"},{"floor":9.0,"key":"Ornamental Fan"},{"floor":13.0,"key":"Letter Opener"},{"floor":24.0,"key":"Toxic Egg 2"},{"floor":26.0,"key":"Pear"},{"floor":41.0,"key":"War Paint"},{"floor":43.0,"key":"Anchor"}],"event_choices":[{"damage_healed":0.0,"max_hp_gain":0.0,"max_hp_loss":0.0,"gold_gain":0.0,"event_name":"Scrap Ooze","player_choice":"Success","floor":3.0,"gold_loss":0.0,"damage_taken":12.0,"relics_obtained":["Sundial"]},{"damage_healed":0.0,"max_hp_gain":0.0,"max_hp_loss":0.0,"gold_gain":0.0,"event_name":"Living Wall","player_choice":"Grow","floor":4.0,"gold_loss":0.0,"damage_taken":0.0,"cards_upgraded":["Backflip"]},{"damage_healed":0.0,"max_hp_gain":0.0,"max_hp_loss":0.0,"gold_gain":0.0,"event_name":"Mushrooms","player_choice":"Fought Mushrooms","floor":8.0,"gold_loss":0.0,"damage_taken":0.0},{"damage_healed":0.0,"max_hp_gain":0.0,"max_hp_loss":0.0,"gold_gain":0.0,"event_name":"The Library","player_choice":"Read","floor":19.0,"gold_loss":0.0,"damage_taken":0.0,"cards_obtained":["Accuracy"]},{"damage_healed":0.0,"max_hp_gain":0.0,"max_hp_loss":0.0,"gold_gain":0.0,"event_name":"Addict","player_choice":"Obtained Relic","floor":21.0,"gold_loss":85.0,"damage_taken":0.0,"relics_obtained":["Art of War"]},{"damage_healed":0.0,"max_hp_gain":0.0,"max_hp_loss":0.0,"gold_gain":0.0,"event_name":"Beggar","player_choice":"Ignored","floor":28.0,"gold_loss":0.0,"damage_taken":0.0},{"damage_healed":0.0,"max_hp_gain":0.0,"max_hp_loss":0.0,"gold_gain":0.0,"event_name":"Tomb of Lord Red Mask","player_choice":"Ignored","floor":36.0,"gold_loss":0.0,"damage_taken":0.0},{"damage_healed":0.0,"max_hp_gain":0.0,"max_hp_loss":0.0,"gold_gain":0.0,"event_name":"SensoryStone","player_choice":"Memory 1","floor":39.0,"gold_loss":0.0,"damage_taken":0.0},{"damage_healed":0.0,"max_hp_gain":0.0,"max_hp_loss":4.0,"gold_gain":0.0,"event_name":"Winding Halls","player_choice":"Max HP","floor":42.0,"gold_loss":0.0,"damage_taken":0.0},{"damage_healed":0.0,"max_hp_gain":0.0,"max_hp_loss":0.0,"gold_gain":0.0,"event_name":"SecretPortal","player_choice":"Ignored","floor":44.0,"gold_loss":0.0,"damage_taken":0.0}],"is_beta":false,"boss_relics":[{"not_picked":["White Beast Statue","HoveringKite"],"picked":"Lizard Tail"},{"not_picked":["Black Star","Eternal Feather"],"picked":"Philosopher\u0027s Stone"}],"items_purged_floors":[],"is_endless":false,"potions_floor_spawned":[1,11,12,13,20,29,31,46,47,48],"ascension_level":0}