{"gold_per_floor":[113,113,113,132,132,164,195,1,1,26,43,43,59,92,92,187,187,207,307,307,319,333,366,396,66,66,93,93,93,113,126,126,229,229,241,46,61,61,77,110,110,137,137,37,37,49,49,81,81,81],"floor_reached":51,"playtime":6578,"items_purged":["Bite","Defend_R"],"score":895,"play_id":"406d3901-a9be-4249-920c-c8e9ed810327","local_time":"20190620101209","is_ascension_mode":false,"campfire_choices":[{"data":"Corruption","floor":15,"key":"SMITH"},{"data":"Armaments","floor":32,"key":"SMITH"},{"data":"Trip","floor":41,"key":"SMITH"},{"data":"Deep Breath","floor":45,"key":"SMITH"},{"data":"Fire Breathing","floor":49,"key":"SMITH"}],"neow_cost":"NONE","seed_source_timestamp":571687917662600,"circlet_count":0,"master_deck":["Defend_R","Defend_R","Defend_R","Bash","Iron Wave+1","Corruption+1","Dropkick","Spot Weakness","Master of Strategy","Cleave","Clash","Pommel Strike","Offering","Blood for Blood+1","Inflame","Bite","Bite","Bite","Bite","Armaments+1","Body Slam+1","Evolve","Fire Breathing+1","Combust","RitualDagger","Havoc+1","Intimidate","Impervious","Seeing Red","Shrug It Off","Shrug It Off+1","Deep Breath+1","Trip+1","Thinking Ahead","Body Slam+1","Iron Wave+1","Ghostly Armor+1","Armaments+1"],"relics":["Burning Blood","NeowsBlessing","Meat on the Bone","Spirit Poop","WingedGreaves","Du-Vu Doll","Vajra","Anchor","Pear","Lizard Tail","FossilizedHelix","Self Forming Clay","Blue Candle","Whetstone","Kunai","Bottled Flame","Oddly Smooth Stone","White Beast Statue","Bag of Preparation","Frozen Egg 2","Toxic Egg 2","Charon\u0027s Ashes","Question Card"],"potions_floor_usage":[7,7,16,19,24,31,33,33,42,46,48,50,50],"damage_taken":[{"damage":0,"enemies":"Jaw Worm","floor":1,"turns":1},{"damage":0,"enemies":"Small Slimes","floor":4,"turns":1},{"damage":0,"enemies":"Lagavulin","floor":6,"turns":1},{"damage":36,"enemies":"3 Sentries","floor":7,"turns":7},{"damage":13,"enemies":"Lagavulin","floor":10,"turns":6},{"damage":0,"enemies":"2 Louse","floor":11,"turns":2},{"damage":4,"enemies":"Exordium Thugs","floor":13,"turns":4},{"damage":12,"enemies":"3 Sentries","floor":14,"turns":6},{"damage":24,"enemies":"Slime Boss","floor":16,"turns":9},{"damage":6,"enemies":"3 Byrds","floor":18,"turns":4},{"damage":9,"enemies":"Colosseum Slavers","floor":19,"turns":4},{"damage":13,"enemies":"Colosseum Nobs","floor":19,"turns":4},{"damage":10,"enemies":"2 Thieves","floor":21,"turns":3},{"damage":8,"enemies":"Centurion and Healer","floor":22,"turns":6},{"damage":24,"enemies":"Book of Stabbing","floor":23,"turns":5},{"damage":22,"enemies":"Gremlin Leader","floor":24,"turns":7},{"damage":34,"enemies":"Book of Stabbing","floor":27,"turns":6},{"damage":19,"enemies":"Snake Plant","floor":30,"turns":4},{"damage":20,"enemies":"3 Cultists","floor":31,"turns":5},{"damage":68,"enemies":"Automaton","floor":33,"turns":9},{"damage":8,"enemies":"3 Shapes","floor":35,"turns":3},{"damage":0,"enemies":"Orb Walker","floor":37,"turns":1},{"damage":25,"enemies":"4 Shapes","floor":39,"turns":5},{"damage":1,"enemies":"Giant Head","floor":40,"turns":5},{"damage":18,"enemies":"Nemesis","floor":42,"turns":5},{"damage":0,"enemies":"Spire Growth","floor":46,"turns":3},{"damage":20,"enemies":"Reptomancer","floor":48,"turns":6},{"damage":7,"enemies":"Donu and Deca","floor":50,"turns":8}],"seed_played":"805572606751369279","potions_obtained":[{"floor":1,"key":"Explosive Potion"},{"floor":4,"key":"Strength Potion"},{"floor":11,"key":"PowerPotion"},{"floor":14,"key":"Explosive Potion"},{"floor":19,"key":"BloodPotion"},{"floor":23,"key":"Regen Potion"},{"floor":24,"key":"LiquidBronze"},{"floor":27,"key":"FearPotion"},{"floor":35,"key":"PowerPotion"},{"floor":37,"key":"GamblersBrew"},{"floor":39,"key":"Fire Potion"},{"floor":40,"key":"LiquidBronze"},{"floor":42,"key":"SteroidPotion"},{"floor":46,"key":"Energy Potion"},{"floor":48,"key":"Energy Potion"}],"is_trial":false,"path_per_floor":["M","?","?","M","?","E","E","$","T","E","M","$","M","E","R","B",null,"M","?","?","M","M","E","E","$","T","E","?","$","M","M","R","B",null,"M","$","M","?","M","E","R","E","T","$","R","M","?","E","R","B",null],"character_chosen":"IRONCLAD","items_purchased":["Master of Strategy","Kunai","Bag of Preparation","Shrug It Off"],"campfire_rested":0,"item_purchase_floors":[8,25,36,36],"current_hp_per_floor":[80,80,80,80,80,80,50,50,50,55,61,61,63,67,67,61,90,90,80,63,63,63,52,63,63,63,49,43,43,38,46,46,49,63,61,61,63,53,40,54,54,48,48,48,48,54,54,50,50,53],"gold":81,"neow_bonus":"THREE_ENEMY_KILL","is_prod":false,"is_daily":false,"chose_seed":false,"campfire_upgraded":5,"win_rate":0,"timestamp":1561039929,"path_taken":["M","?","?","M","?","E","E","$","T","E","?","$","?","E","R","BOSS","M","?","?","M","M","E","E","$","T","E","?","?","?","M","R","BOSS","M","$","M","?","M","E","R","E","T","$","R","M","?","E","R","BOSS"],"build_version":"2019-01-23","purchased_purges":2,"victory":true,"max_hp_per_floor":[80,80,80,80,80,80,80,80,80,80,80,80,80,90,90,90,90,90,90,63,63,63,63,63,63,63,63,63,63,63,63,63,63,63,63,63,63,63,63,63,63,63,63,63,63,63,63,63,63,63],"card_choices":[{"not_picked":["Dual Wield","Carnage"],"picked":"Iron Wave","floor":1},{"not_picked":["Twin Strike","Sword Boomerang"],"picked":"Corruption","floor":4},{"not_picked":["Burning Pact","Warcry"],"picked":"Dropkick","floor":6},{"not_picked":["Havoc","Twin Strike"],"picked":"Spot Weakness","floor":7},{"not_picked":["Wild Strike","Clothesline"],"picked":"Cleave","floor":10},{"not_picked":["Sword Boomerang","Perfected Strike","Anger"],"picked":"SKIP","floor":11},{"not_picked":["Twin Strike","Disarm"],"picked":"Clash","floor":13},{"not_picked":["Sword Boomerang","Exhume"],"picked":"Pommel Strike","floor":14},{"not_picked":["Feed","Immolate"],"picked":"Offering","floor":16},{"not_picked":["Power Through","Bloodletting+1"],"picked":"Blood for Blood+1","floor":18},{"not_picked":["Infernal Blade","Havoc"],"picked":"Inflame","floor":19},{"not_picked":["Burning Pact","Sword Boomerang"],"picked":"Armaments","floor":21},{"not_picked":["Twin Strike","Sword Boomerang+1"],"picked":"Body Slam","floor":22},{"not_picked":["Iron Wave","Berserk"],"picked":"Evolve","floor":23},{"not_picked":["Entrench","Pommel Strike"],"picked":"Fire Breathing","floor":24},{"not_picked":["Clash+1","Body Slam"],"picked":"Combust","floor":27},{"not_picked":["True Grit+1","Wild Strike+1"],"picked":"Havoc+1","floor":30},{"not_picked":["Perfected Strike+1","Wild Strike"],"picked":"Intimidate","floor":31},{"not_picked":["Reaper","Bludgeon"],"picked":"Impervious","floor":33},{"not_picked":["Perfected Strike","Iron Wave"],"picked":"Seeing Red","floor":35},{"not_picked":["Combust+1","Cleave"],"picked":"Shrug It Off+1","floor":37},{"not_picked":["Transmutation","Violence"],"picked":"Deep Breath","floor":38},{"not_picked":["Swift Strike","Magnetism"],"picked":"Trip","floor":38},{"not_picked":["Bandage Up","Impatience"],"picked":"Thinking Ahead","floor":38},{"not_picked":["Heavy Blade+1","Cleave+1"],"picked":"Body Slam+1","floor":39},{"not_picked":["Flex+1","Cleave+1"],"picked":"Iron Wave+1","floor":40},{"not_picked":["Battle Trance","Whirlwind"],"picked":"Ghostly Armor","floor":42},{"not_picked":["Flex+1","Cleave","Disarm+1"],"picked":"SKIP","floor":46},{"not_picked":["Thunderclap+1","Iron Wave+1"],"picked":"Armaments+1","floor":48}],"player_experience":225342,"relics_obtained":[{"floor":6,"key":"WingedGreaves"},{"floor":7,"key":"Du-Vu Doll"},{"floor":9,"key":"Vajra"},{"floor":10,"key":"Anchor"},{"floor":14,"key":"Pear"},{"floor":19,"key":"FossilizedHelix"},{"floor":19,"key":"Self Forming Clay"},{"floor":23,"key":"Blue Candle"},{"floor":24,"key":"Whetstone"},{"floor":26,"key":"Bottled Flame"},{"floor":27,"key":"Oddly Smooth Stone"},{"floor":40,"key":"Frozen Egg 2"},{"floor":42,"key":"Toxic Egg 2"},{"floor":43,"key":"Charon\u0027s Ashes"},{"floor":48,"key":"Question Card"}],"event_choices":[{"cards_removed":["Strike_R"],"damage_healed":0,"gold_gain":0,"player_choice":"Forget","damage_taken":0,"max_hp_gain":0,"max_hp_loss":0,"event_name":"Living Wall","floor":2,"gold_loss":0},{"damage_healed":0,"gold_gain":0,"player_choice":"Box","damage_taken":0,"relics_obtained":["Meat on the Bone"],"max_hp_gain":0,"max_hp_loss":0,"event_name":"Big Fish","floor":3,"gold_loss":0,"cards_obtained":["Regret"]},{"cards_removed":["Regret"],"damage_healed":0,"gold_gain":0,"player_choice":"Offered Curse","damage_taken":0,"relics_obtained":["Spirit Poop"],"max_hp_gain":0,"max_hp_loss":0,"event_name":"Bonfire Elementals","floor":5,"gold_loss":0},{"damage_healed":0,"gold_gain":0,"player_choice":"Fight","damage_taken":0,"max_hp_gain":0,"max_hp_loss":0,"event_name":"Colosseum","floor":19,"gold_loss":0},{"damage_healed":0,"gold_gain":0,"player_choice":"Fought Nobs","damage_taken":0,"max_hp_gain":0,"max_hp_loss":0,"event_name":"Colosseum","floor":19,"gold_loss":0},{"damage_healed":0,"gold_gain":0,"player_choice":"Became a vampire","damage_taken":0,"max_hp_gain":0,"max_hp_loss":27,"event_name":"Vampires","floor":20,"gold_loss":0,"cards_obtained":["Bite","Bite","Bite","Bite","Bite"]},{"damage_healed":0,"gold_gain":0,"player_choice":"Joined the Cult","damage_taken":6,"max_hp_gain":0,"max_hp_loss":0,"event_name":"Nest","floor":28,"gold_loss":0,"cards_obtained":["RitualDagger"]},{"damage_healed":0,"gold_gain":0,"player_choice":"Memory 3","damage_taken":10,"max_hp_gain":0,"max_hp_loss":0,"event_name":"SensoryStone","floor":38,"gold_loss":0},{"damage_healed":0,"gold_gain":0,"player_choice":"Got Potions","damage_taken":0,"max_hp_gain":0,"max_hp_loss":0,"event_name":"Lab","floor":47,"gold_loss":0}],"is_beta":false,"boss_relics":[{"not_picked":["Ectoplasm","Velvet Choker"],"picked":"Lizard Tail"},{"not_picked":["Empty Cage","Black Blood"],"picked":"White Beast Statue"}],"items_purged_floors":[25,44],"is_endless":false,"potions_floor_spawned":[1,4,11,14,19,23,24,27,35,37,39,40,42,46,48],"ascension_level":0}