{"gold_per_floor":[116,136,136,211,228,262,273,273],"floor_reached":8,"playtime":437,"items_purged":[],"score":67,"play_id":"25f34bfb-e130-4008-8d76-46ac051a878c","local_time":"20190217144727","is_ascension_mode":true,"campfire_choices":[],"neow_cost":"NONE","seed_source_timestamp":92643351873052,"circlet_count":0,"master_deck":["Strike_R","Strike_R","Strike_R","Strike_R","Strike_R","Defend_R","Defend_R","Defend_R","Defend_R","Bash","Pummel","Uppercut","Regret","Flex"],"relics":["Burning Blood","NeowsBlessing","Art of War","Regal Pillow"],"potions_floor_usage":[8,8,8],"damage_taken":[{"damage":0,"enemies":"Cultist","floor":1,"turns":1},{"damage":0,"enemies":"Small Slimes","floor":2,"turns":1},{"damage":0,"enemies":"2 Louse","floor":5,"turns":1},{"damage":47,"enemies":"Lagavulin","floor":6,"turns":6},{"damage":18,"enemies":"Blue Slaver","floor":7,"turns":3},{"damage":54,"enemies":"Gremlin Nob","floor":8,"turns":5}],"seed_played":"8206829781477208335","potions_obtained":[{"floor":1,"key":"EssenceOfSteel"},{"floor":2,"key":"Regen Potion"},{"floor":5,"key":"Strength Potion"}],"is_trial":false,"path_per_floor":["M","M","?","?","M","E","M","E"],"character_chosen":"IRONCLAD","items_purchased":[],"campfire_rested":0,"item_purchase_floors":[],"current_hp_per_floor":[80,80,80,69,75,34,22,0],"gold":273,"neow_bonus":"THREE_ENEMY_KILL","is_prod":false,"is_daily":false,"chose_seed":false,"campfire_upgraded":0,"win_rate":0,"timestamp":1550375247,"path_taken":["M","?","?","?","M","E","M","E"],"build_version":"2019-01-23","purchased_purges":0,"victory":false,"max_hp_per_floor":[80,80,80,80,80,80,80,80],"card_choices":[{"not_picked":["Blood for Blood","Armaments"],"picked":"Pummel","floor":1},{"not_picked":["Havoc","Searing Blow"],"picked":"Uppercut","floor":2},{"not_picked":["Ghostly Armor","Twin Strike","Intimidate"],"picked":"SKIP","floor":5},{"not_picked":["Armaments","Anger","Sever Soul"],"picked":"SKIP","floor":6},{"not_picked":["Sever Soul","Cleave"],"picked":"Flex","floor":7}],"player_experience":191731,"relics_obtained":[{"floor":6,"key":"Regal Pillow"}],"event_choices":[{"damage_healed":0,"gold_gain":0,"player_choice":"Box","damage_taken":0,"relics_obtained":["Art of War"],"max_hp_gain":0,"max_hp_loss":0,"event_name":"Big Fish","floor":3,"gold_loss":0,"cards_obtained":["Regret"]},{"damage_healed":0,"gold_gain":75,"player_choice":"Gather Gold","damage_taken":11,"max_hp_gain":0,"max_hp_loss":0,"event_name":"World of Goop","floor":4,"gold_loss":0}],"is_beta":false,"boss_relics":[],"items_purged_floors":[],"is_endless":false,"potions_floor_spawned":[1,2,5],"killed_by":"Gremlin Nob","ascension_level":3}