{"path_per_floor":["M","M","$","?","?","R","M","R","T","$","$","E","M","M","R","B",null,"M","M","M","M","?","R","M","?","T","$","M","M","$","?","R"],"character_chosen":"THE_SILENT","items_purchased":["Flying Knee","Outmaneuver","Terror"],"gold_per_floor":[119,131,33,33,33,33,51,51,51,1,1,30,41,56,56,159,189,200,212,232,244,244,244,259,184,184,84,104,116,44,44,44],"floor_reached":33,"campfire_rested":1,"playtime":2064,"current_hp_per_floor":[69,69,69,69,69,69,69,69,69,69,69,58,55,55,55,25,75,75,73,63,49,49,49,27,27,27,27,27,27,27,52,74],"items_purged":["Strike_G","Strike_G"],"gold":44,"play_id":"698f655c-f253-46d3-9112-e8fb1112cedf","is_prod":false,"is_daily":false,"is_ascension_mode":false,"campfire_upgraded":4,"path_taken":["M","M","$","?","?","R","M","R","T","?","$","E","M","?","R","BOSS","M","M","M","M","?","R","M","?","T","$","M","M","?","?","R","BOSS"],"build_version":"2018-02-01-PROD3","purchased_purges":2,"victory":false,"master_deck":["Defend_G","Defend_G","Defend_G","Defend_G","Strike_G","Survivor","Neutralize","Poisoned Stab","Dagger Throw","Flying Knee","Backstab+1","Backstab+1","Outmaneuver","Dagger Spray","PiercingWail","Poisoned Stab+1","Night Terror+1","Quick Slash","Cloak And Dagger+1","All Out Attack","Prepared+1","Backflip+1","Deadly Poison+1","Endless Agony","Backstab","Terror"],"max_hp_per_floor":[70,70,70,70,70,70,70,70,70,70,70,70,70,70,70,70,75,75,75,75,75,75,75,75,75,75,75,75,75,75,75,75],"relics":["Ring of the Snake","Sundial","Lantern","Tiny House","Calipers"],"card_choices":[{"not_picked":["Deflect","Dagger Throw"],"picked":"Poisoned Stab"},{"not_picked":["Skewer","Burst"],"picked":"Dagger Throw"},{"not_picked":["Accuracy","Sucker Punch"],"picked":"Backstab"},{"not_picked":["Venomology","Acrobatics"],"picked":"Dagger Spray"},{"not_picked":["Flying Knee","Heel Hook"],"picked":"PiercingWail"},{"not_picked":["Deadly Poison","Sucker Punch"],"picked":"Poisoned Stab"},{"not_picked":["Tactician","Wraith Form"],"picked":"Night Terror"},{"not_picked":["Sucker Punch","Slice"],"picked":"Quick Slash"},{"not_picked":["Masterful Stab","Prepared"],"picked":"Cloak And Dagger"},{"not_picked":["Underhanded Strike","Dodge and Roll"],"picked":"All Out Attack"},{"not_picked":["Distraction","Choke"],"picked":"Prepared"},{"not_picked":["Bane","Caltrops"],"picked":"Backflip"},{"not_picked":["Outmaneuver","Sucker Punch"],"picked":"Deadly Poison"},{"not_picked":["All Out Attack","Predator"],"picked":"Endless Agony"},{"not_picked":["Caltrops","Quick Slash"],"picked":"Backstab"}],"player_experience":71162,"potions_floor_usage":[16,16,33,33,33],"damage_taken":[{"damage":1,"enemies":"Cultist","floor":1,"turns":4},{"damage":0,"enemies":"Blue Slaver","floor":2,"turns":5},{"damage":0,"enemies":"2 Louse","floor":7,"turns":2},{"damage":11,"enemies":"3 Sentries","floor":12,"turns":7},{"damage":3,"enemies":"Gremlin Gang","floor":13,"turns":3},{"damage":0,"enemies":"Exordium Wildlife","floor":14,"turns":1},{"damage":30,"enemies":"Slime Boss","floor":16,"turns":8},{"damage":0,"enemies":"Chosen","floor":18,"turns":2},{"damage":2,"enemies":"Shell Parasite","floor":19,"turns":4},{"damage":10,"enemies":"Cultist and Chosen","floor":20,"turns":6},{"damage":14,"enemies":"Centurion and Healer","floor":21,"turns":5},{"damage":22,"enemies":"Slaver and Parasite","floor":24,"turns":6},{"damage":0,"enemies":"Chosen and Byrds","floor":28,"turns":5},{"damage":0,"enemies":"Sentry and Sphere","floor":29,"turns":2},{"damage":101,"enemies":"Collector","floor":33,"turns":5}],"event_choices":[{"event_name":"The Lab","player_choice":"Got Potions","floor":4,"damage_taken":0},{"event_name":"Living Wall","player_choice":"Change","floor":5,"damage_taken":0},{"event_name":"Drug Dealer","player_choice":"Ignored","floor":22,"damage_taken":0},{"event_name":"Beggar","player_choice":"Gave Gold","floor":25,"damage_taken":0},{"event_name":"The Library","player_choice":"Heal","floor":31,"damage_taken":0}],"boss_relics":[{"not_picked":["Lizard Tail","Snecko Eye"],"picked":"Tiny House"}],"potions_floor_spawned":[12,13,16,19,21,24],"seed_played":"-8944529629032635787","killed_by":"Collector","ascension_level":0,"is_trial":false}