{"gold_per_floor":[111,128,403,27,27,27,48,48,122,142,142,6,6,30,30,160,160,154,168,168,13,13],"floor_reached":22,"playtime":2138,"items_purged":["Defend_G","Strike_G"],"score":174,"play_id":"86bd500b-d147-43b1-ae50-c8463007a6bc","local_time":"20190429123428","is_ascension_mode":false,"campfire_choices":[{"data":"Terror","floor":6,"key":"SMITH"},{"data":"Survivor","floor":8,"key":"SMITH"},{"data":"Slice","floor":11,"key":"SMITH"},{"data":"Blur","floor":15,"key":"SMITH"}],"neow_cost":"NONE","seed_source_timestamp":76983039006249,"circlet_count":0,"master_deck":["Defend_G","Defend_G","Defend_G","Defend_G+1","Strike_G","Strike_G","Strike_G","Strike_G","Survivor+1","Neutralize","Grand Finale","Cloak And Dagger","Terror+1","Regret","Slice+1","Blur+1","Prepared+1","Storm of Steel","Pain","Doubt","Writhe","Blade Dance","Endless Agony","RitualDagger"],"relics":["Ring of the Snake","Anchor","PreservedInsect","Golden Idol","Pear","Calling Bell","War Paint","Letter Opener","WingedGreaves","Vajra"],"potions_floor_usage":[16],"damage_taken":[{"damage":2,"enemies":"2 Louse","floor":1,"turns":4},{"damage":0,"enemies":"Cultist","floor":2,"turns":5},{"damage":2,"enemies":"Jaw Worm","floor":7,"turns":3},{"damage":6,"enemies":"Exordium Wildlife","floor":10,"turns":4},{"damage":2,"enemies":"Large Slime","floor":14,"turns":10},{"damage":24,"enemies":"The Guardian","floor":16,"turns":14},{"damage":17,"enemies":"2 Thieves","floor":18,"turns":4},{"damage":11,"enemies":"3 Byrds","floor":19,"turns":8},{"damage":61,"enemies":"3 Cultists","floor":22,"turns":7}],"seed_played":"-8938362361772757835","potions_obtained":[{"floor":2,"key":"Dexterity Potion"},{"floor":18,"key":"Strength Potion"}],"is_trial":false,"path_per_floor":["M","M","?","$","?","R","M","R","T","M","R","$","$","M","R","B",null,"M","M","?","$","M"],"character_chosen":"THE_SILENT","items_purchased":["Anchor","PreservedInsect","Blur","Vajra"],"campfire_rested":0,"item_purchase_floors":[4,4,12,21],"current_hp_per_floor":[68,68,68,68,65,65,63,63,73,67,67,67,67,65,65,41,75,58,47,41,41,0],"gold":13,"neow_bonus":"ONE_RANDOM_RARE_CARD","is_prod":false,"is_daily":false,"chose_seed":false,"campfire_upgraded":4,"win_rate":0.0,"timestamp":1556555668,"path_taken":["M","M","?","$","?","R","M","R","T","M","R","?","$","?","R","BOSS","M","M","?","$","M"],"build_version":"2019-01-23","purchased_purges":2,"victory":false,"max_hp_per_floor":[70,70,70,70,65,65,65,65,75,75,75,75,75,75,75,75,75,75,75,75,75,75],"card_choices":[{"not_picked":["Underhanded Strike","Choke"],"picked":"Cloak And Dagger","floor":1},{"not_picked":["Accuracy","Setup"],"picked":"Terror","floor":2},{"not_picked":["PiercingWail","Flechettes"],"picked":"Slice","floor":7},{"not_picked":["Terror","Masterful Stab","Bane"],"picked":"SKIP","floor":10},{"not_picked":["Flying Knee","Catalyst"],"picked":"Prepared","floor":14},{"not_picked":["Die Die Die","Night Terror"],"picked":"Storm of Steel","floor":16},{"not_picked":["Outmaneuver","Prepared"],"picked":"Blade Dance","floor":18},{"not_picked":["Bouncing Flask","Poisoned Stab+1"],"picked":"Endless Agony","floor":19}],"player_experience":123707,"relics_obtained":[{"floor":9,"key":"Pear"},{"floor":17,"key":"War Paint"},{"floor":17,"key":"Letter Opener"},{"floor":17,"key":"WingedGreaves"}],"event_choices":[{"damage_healed":0,"gold_gain":275,"player_choice":"Desecrate","damage_taken":0,"max_hp_gain":0,"max_hp_loss":0,"event_name":"Golden Shrine","floor":3,"gold_loss":0,"cards_obtained":["Regret"]},{"damage_healed":0,"gold_gain":0,"player_choice":"Lose Max HP","damage_taken":0,"relics_obtained":["Golden Idol"],"max_hp_gain":0,"max_hp_loss":5,"event_name":"Golden Idol","floor":5,"gold_loss":0},{"damage_healed":0,"gold_gain":0,"player_choice":"Joined the Cult","damage_taken":6,"max_hp_gain":0,"max_hp_loss":0,"event_name":"Nest","floor":20,"gold_loss":0,"cards_obtained":["RitualDagger"]}],"is_beta":false,"boss_relics":[{"not_picked":["Coffee Dripper","Fusion Hammer"],"picked":"Calling Bell"}],"items_purged_floors":[4,12],"is_endless":false,"potions_floor_spawned":[2,18],"killed_by":"3 Cultists","ascension_level":0}