{"gold_per_floor":[116,391,410,410,410,410,422,422,422,422,434,434,461,477,477,572,572,585,614,614,524,539,570,590,590,616,616,631,377,377,78,78,179,179,196,71,83,98,98,98,113,133,187,203,203,236,236,255,255,255],"floor_reached":51,"playtime":2129,"items_purged":["Strike_R","Strike_R","Strike_R"],"score":1092,"play_id":"c3dbad02-76d6-4f30-9600-82ccd66e0bac","local_time":"20190624184926","is_ascension_mode":true,"campfire_choices":[{"data":"Bash","floor":6,"key":"SMITH"},{"data":"Infernal Blade","floor":8,"key":"SMITH"},{"data":"Blood for Blood","floor":12,"key":"SMITH"},{"data":"Metallicize","floor":15,"key":"SMITH"},{"data":"Demon Form","floor":25,"key":"SMITH"},{"data":"Limit Break","floor":27,"key":"SMITH"},{"floor":30,"key":"REST"},{"floor":32,"key":"REST"},{"data":"Heavy Blade","floor":40,"key":"SMITH"},{"data":"Demon Form","floor":49,"key":"SMITH"}],"neow_cost":"NONE","seed_source_timestamp":953793822963063,"circlet_count":0,"master_deck":["AscendersBane","Strike_R","Strike_R","Defend_R","Defend_R+1","Defend_R","Defend_R","Bash+1","True Grit+1","Blood for Blood+1","Infernal Blade+1","Pommel Strike","Metallicize+1","Warcry","Limit Break+1","Cleave+1","Pummel","Shrug It Off","Demon Form+1","Warcry+1","Inflame","Heavy Blade+1","Demon Form+1","Disarm+1","Infernal Blade+1","Shrug It Off+1","Clothesline+1","Heavy Blade+1","Flame Barrier","Carnage"],"relics":["Burning Blood","Oddly Smooth Stone","Pen Nib","Strawberry","Ornamental Fan","Snecko Eye","Red Mask","Thread and Needle","Bag of Marbles","Centennial Puzzle","Anchor","Velvet Choker","GremlinMask","Vajra"],"potions_floor_usage":[13,22,22,23,33,38,42,46],"damage_taken":[{"damage":6,"enemies":"2 Louse","floor":1,"turns":3},{"damage":8,"enemies":"Cultist","floor":3,"turns":4},{"damage":7,"enemies":"Jaw Worm","floor":7,"turns":3},{"damage":15,"enemies":"3 Louse","floor":11,"turns":3},{"damage":16,"enemies":"3 Sentries","floor":13,"turns":4},{"damage":0,"enemies":"Blue Slaver","floor":14,"turns":3},{"damage":34,"enemies":"Slime Boss","floor":16,"turns":11},{"damage":4,"enemies":"Chosen","floor":18,"turns":3},{"damage":59,"enemies":"Masked Bandits","floor":19,"turns":5},{"damage":0,"enemies":"Spheric Guardian","floor":22,"turns":3},{"damage":50,"enemies":"Gremlin Leader","floor":23,"turns":6},{"damage":1,"enemies":"Snecko","floor":24,"turns":4},{"damage":10,"enemies":"Centurion and Healer","floor":28,"turns":5},{"damage":19,"enemies":"Collector","floor":33,"turns":4},{"damage":30,"enemies":"3 Darklings","floor":35,"turns":3},{"damage":13,"enemies":"3 Shapes","floor":37,"turns":3},{"damage":18,"enemies":"Spire Growth","floor":38,"turns":4},{"damage":0,"enemies":"Transient","floor":41,"turns":5},{"damage":18,"enemies":"Maw","floor":42,"turns":5},{"damage":21,"enemies":"Spire Growth","floor":44,"turns":3},{"damage":8,"enemies":"Nemesis","floor":46,"turns":3},{"damage":1,"enemies":"Sphere and 2 Shapes","floor":48,"turns":3},{"damage":62,"enemies":"Awakened One","floor":50,"turns":9}],"seed_played":"784652098827810716","potions_obtained":[{"floor":7,"key":"SkillPotion"},{"floor":13,"key":"Strength Potion"},{"floor":14,"key":"Strength Potion"},{"floor":22,"key":"BloodPotion"},{"floor":28,"key":"Explosive Potion"},{"floor":37,"key":"Weak Potion"},{"floor":38,"key":"Block Potion"},{"floor":42,"key":"Block Potion"},{"floor":48,"key":"FearPotion"}],"is_trial":false,"path_per_floor":["M","?","M","?","?","R","M","R","T","?","M","R","E","M","R","B",null,"M","?","?","?","M","E","M","R","T","R","M","$","R","$","R","B",null,"M","$","M","M","?","R","M","M","T","M","?","E","?","M","R","B",null],"character_chosen":"IRONCLAD","items_purchased":["Heavy Blade","Centennial Puzzle","Anchor","Block Potion"],"campfire_rested":2,"item_purchase_floors":[29,29,31,31],"current_hp_per_floor":[72,72,70,75,68,68,67,67,74,74,65,65,55,61,61,33,77,79,26,56,56,62,27,32,32,32,32,28,28,55,55,82,69,86,62,62,55,43,43,43,49,37,37,22,22,20,80,80,80,24],"gold":255,"neow_bonus":"RANDOM_COMMON_RELIC","is_prod":false,"is_daily":false,"chose_seed":false,"campfire_upgraded":8,"win_rate":0,"timestamp":1561366166,"path_taken":["M","?","?","?","?","R","M","R","T","?","?","R","E","M","R","BOSS","M","?","?","?","M","E","?","R","T","R","M","$","R","$","R","BOSS","M","$","M","M","?","R","?","M","T","M","?","E","?","M","R","BOSS"],"build_version":"2019-01-23","purchased_purges":3,"victory":true,"max_hp_per_floor":[80,80,80,85,85,85,85,85,92,92,92,92,92,92,92,92,92,92,92,92,92,92,92,92,92,92,92,92,92,92,92,92,92,92,92,92,92,92,92,92,92,92,92,92,92,92,80,80,80,80],"card_choices":[{"not_picked":["Searing Blow","Perfected Strike"],"picked":"True Grit","floor":1},{"not_picked":["Shrug It Off","Infernal Blade"],"picked":"Blood for Blood","floor":3},{"not_picked":["Carnage","Dual Wield"],"picked":"Infernal Blade","floor":7},{"not_picked":["Wild Strike","Ghostly Armor"],"picked":"Pommel Strike","floor":11},{"not_picked":["Havoc","Dropkick"],"picked":"Metallicize","floor":13},{"not_picked":["Body Slam","Clothesline"],"picked":"Warcry","floor":14},{"not_picked":["Offering","Double Tap"],"picked":"Limit Break","floor":16},{"not_picked":["Sword Boomerang+1","Pommel Strike"],"picked":"Cleave+1","floor":18},{"not_picked":["Clothesline","Cleave"],"picked":"Pummel","floor":19},{"not_picked":["Warcry","Reckless Charge+1"],"picked":"Shrug It Off","floor":22},{"not_picked":["Havoc","Sword Boomerang"],"picked":"Demon Form","floor":23},{"not_picked":["True Grit","Thunderclap"],"picked":"Warcry+1","floor":24},{"not_picked":["Corruption","Clothesline"],"picked":"Inflame","floor":28},{"not_picked":["Fiend Fire","Juggernaut"],"picked":"Demon Form","floor":33},{"not_picked":["Warcry+1","Corruption+1"],"picked":"Disarm+1","floor":35},{"not_picked":["Cleave","Combust"],"picked":"Infernal Blade+1","floor":37},{"not_picked":["Battle Trance","Twin Strike+1"],"picked":"Shrug It Off+1","floor":38},{"not_picked":["Thunderclap","Dropkick+1","Perfected Strike"],"picked":"SKIP","floor":41},{"not_picked":["Wild Strike","Flex+1"],"picked":"Clothesline+1","floor":42},{"not_picked":["Evolve","Pommel Strike+1"],"picked":"Heavy Blade+1","floor":44},{"not_picked":["Impervious","Flex+1"],"picked":"Flame Barrier","floor":46},{"not_picked":["Thunderclap+1","Iron Wave"],"picked":"Carnage","floor":48}],"player_experience":504348,"relics_obtained":[{"floor":9,"key":"Strawberry"},{"floor":13,"key":"Ornamental Fan"},{"floor":19,"key":"Red Mask"},{"floor":23,"key":"Thread and Needle"},{"floor":26,"key":"Bag of Marbles"},{"floor":46,"key":"Vajra"}],"event_choices":[{"damage_healed":0,"gold_gain":275,"player_choice":"Desecrate","damage_taken":0,"max_hp_gain":0,"max_hp_loss":0,"event_name":"Golden Shrine","floor":2,"gold_loss":0,"cards_obtained":["Regret"]},{"damage_healed":0,"gold_gain":0,"player_choice":"Donut","damage_taken":0,"max_hp_gain":5,"max_hp_loss":0,"event_name":"Big Fish","floor":4,"gold_loss":0},{"damage_healed":0,"gold_gain":0,"player_choice":"Success","damage_taken":7,"relics_obtained":["Pen Nib"],"max_hp_gain":0,"max_hp_loss":0,"event_name":"Scrap Ooze","floor":5,"gold_loss":0},{"damage_healed":0,"gold_gain":0,"player_choice":"Upgraded","damage_taken":0,"max_hp_gain":0,"max_hp_loss":0,"event_name":"Upgrade Shrine","floor":10,"gold_loss":0,"cards_upgraded":["True Grit"]},{"damage_healed":0,"gold_gain":0,"player_choice":"Fought Bandits","damage_taken":0,"max_hp_gain":0,"max_hp_loss":0,"event_name":"Masked Bandits","floor":19,"gold_loss":0},{"damage_healed":30,"gold_gain":0,"player_choice":"Heal","damage_taken":0,"max_hp_gain":0,"max_hp_loss":0,"event_name":"The Library","floor":20,"gold_loss":0},{"cards_removed":["Regret"],"damage_healed":0,"gold_gain":0,"player_choice":"Upgrade and Remove","damage_taken":0,"max_hp_gain":0,"max_hp_loss":0,"event_name":"Designer","floor":21,"gold_loss":90,"cards_upgraded":["Defend_R"]},{"damage_healed":0,"gold_gain":0,"player_choice":"Trade","damage_taken":0,"relics_obtained":["GremlinMask"],"max_hp_gain":0,"max_hp_loss":0,"event_name":"FaceTrader","floor":39,"gold_loss":0},{"damage_healed":0,"gold_gain":0,"player_choice":"Ignored","damage_taken":0,"max_hp_gain":0,"max_hp_loss":0,"event_name":"Mysterious Sphere","floor":45,"gold_loss":0},{"damage_healed":80,"gold_gain":0,"player_choice":"Heal","damage_taken":0,"max_hp_gain":0,"max_hp_loss":12,"event_name":"The Moai Head","floor":47,"gold_loss":0}],"is_beta":false,"boss_relics":[{"not_picked":["Lizard Tail","Philosopher\u0027s Stone"],"picked":"Snecko Eye"},{"not_picked":["Eternal Feather","Runic Dome"],"picked":"Velvet Choker"}],"items_purged_floors":[29,31,36],"is_endless":false,"potions_floor_spawned":[7,13,14,18,22,28,37,38,42,48],"ascension_level":11}