{"gold_per_floor":[109,284,284,284,304,304,315,334,334,347,358,38,38,53,53,153,153,166,266,266,266,266,266,294,309,382,38,38,63,25,25,25,124,124,139,139,139,149,149,177,187,187,214,57,57,67,81,107,107,107,107,107,4,36,36],"floor_reached":56,"playtime":3297,"items_purged":["Doubt","Decay"],"score":1714,"play_id":"e87e4fd3-4692-4340-8a3a-b782fb53e829","local_time":"20190620224936","is_ascension_mode":true,"campfire_choices":[{"data":"Armaments","floor":6,"key":"SMITH"},{"floor":15,"key":"REST"},{"data":"Corruption","floor":23,"key":"SMITH"},{"floor":28,"key":"REST"},{"floor":32,"key":"REST"},{"data":"True Grit","floor":42,"key":"SMITH"},{"floor":45,"key":"RECALL"},{"data":"Burning Pact","floor":49,"key":"SMITH"},{"data":"Entrench","floor":52,"key":"SMITH"}],"neow_cost":"NONE","seed_source_timestamp":621411916298710,"circlet_count":0,"master_deck":["Strike_R","Strike_R","Strike_R","Strike_R","Defend_R","Defend_R","Defend_R","Defend_R","Bash","Dropkick","Armaments+1","Battle Trance","Spot Weakness","Metallicize","True Grit+1","Dramatic Entrance","Corruption+1","Immolate","Spot Weakness","Havoc","Carnage+1","Feel No Pain","Exhume","Burning Pact+1","Madness","Madness","Bandage Up","Bandage Up","Chrysalis","Intimidate+1","Inflame+1","Entrench+1","Pommel Strike+1"],"relics":["Burning Blood","Art of War","Dead Branch","Singing Bowl","Regal Pillow","Snecko Eye","Torii","Darkstone Periapt","Mummified Hand","Oddly Smooth Stone","Bottled Lightning","Kunai","PreservedInsect","Nilry\u0027s Codex","Black Star","Orichalcum","Bag of Marbles","Pen Nib","Bottled Flame","Question Card","Red Skull","Strawberry"],"potions_floor_usage":[8,16,16,19,48,50,55,55,55],"damage_taken":[{"damage":7,"enemies":"Jaw Worm","floor":1,"turns":3},{"damage":0,"enemies":"Small Slimes","floor":5,"turns":3},{"damage":10,"enemies":"2 Louse","floor":7,"turns":2},{"damage":39,"enemies":"Exordium Thugs","floor":8,"turns":6},{"damage":7,"enemies":"Looter","floor":10,"turns":3},{"damage":15,"enemies":"3 Louse","floor":11,"turns":4},{"damage":15,"enemies":"Exordium Thugs","floor":14,"turns":6},{"damage":21,"enemies":"The Guardian","floor":16,"turns":7},{"damage":2,"enemies":"3 Byrds","floor":18,"turns":3},{"damage":0,"enemies":"Colosseum Slavers","floor":19,"turns":2},{"damage":36,"enemies":"Colosseum Nobs","floor":19,"turns":5},{"damage":47,"enemies":"Book of Stabbing","floor":24,"turns":5},{"damage":19,"enemies":"2 Thieves","floor":25,"turns":2},{"damage":18,"enemies":"Gremlin Leader","floor":29,"turns":3},{"damage":21,"enemies":"Champ","floor":33,"turns":6},{"damage":10,"enemies":"3 Darklings","floor":35,"turns":3},{"damage":12,"enemies":"Orb Walker","floor":38,"turns":3},{"damage":0,"enemies":"Reptomancer","floor":40,"turns":3},{"damage":13,"enemies":"Writhing Mass","floor":41,"turns":5},{"damage":0,"enemies":"Jaw Worm Horde","floor":46,"turns":1},{"damage":2,"enemies":"Sphere and 2 Shapes","floor":47,"turns":3},{"damage":2,"enemies":"Nemesis","floor":48,"turns":2},{"damage":56,"enemies":"Time Eater","floor":50,"turns":6},{"damage":21,"enemies":"Shield and Spear","floor":54,"turns":3},{"damage":101,"enemies":"The Heart","floor":55,"turns":7}],"seed_played":"742492564399369936","potions_obtained":[{"floor":1,"key":"Block Potion"},{"floor":5,"key":"Fire Potion"},{"floor":10,"key":"PowerPotion"},{"floor":14,"key":"Energy Potion"},{"floor":16,"key":"GamblersBrew"},{"floor":19,"key":"FairyPotion"},{"floor":25,"key":"FearPotion"},{"floor":35,"key":"Poison Potion"},{"floor":38,"key":"Swift Potion"}],"is_trial":false,"path_per_floor":["M","?","?","?","M","R","M","M","T","M","M","$","?","M","R","B",null,"M","?","?","?","T","R","E","M","T","$","R","E","$","?","R","B",null,"M","?","?","M","?","E","M","R","T","$","R","M","M","E","R","B",null,"R","$","E","B",null],"character_chosen":"IRONCLAD","items_purchased":["Dramatic Entrance","Regal Pillow","Kunai","Feel No Pain","Pen Nib","EntropicBrew"],"campfire_rested":3,"item_purchase_floors":[12,12,27,30,44,53],"current_hp_per_floor":[71,71,64,69,75,75,71,38,38,37,28,28,28,19,59,44,75,81,57,57,63,63,63,24,11,11,11,54,44,44,28,72,57,87,83,71,61,55,55,67,66,66,66,66,66,72,78,82,82,36,86,86,86,94,18],"gold":36,"neow_bonus":"RANDOM_COMMON_RELIC","is_prod":false,"is_daily":false,"chose_seed":false,"campfire_upgraded":5,"win_rate":0,"timestamp":1561034976,"path_taken":["M","?","?","?","M","R","M","M","T","M","M","$","?","M","R","BOSS","M","?","?","?","?","R","E","M","T","$","R","E","?","?","R","BOSS","M","?","?","M","?","E","M","R","T","$","R","M","M","E","R","BOSS","R","$","E","BOSS"],"build_version":"2019-01-23","purchased_purges":2,"victory":true,"max_hp_per_floor":[80,80,80,85,85,85,85,85,85,85,85,85,85,85,85,85,85,87,87,87,93,93,93,95,95,95,95,95,97,97,97,97,97,97,97,97,97,97,97,99,101,101,101,101,101,101,103,103,103,103,103,103,103,110,110],"card_choices":[{"not_picked":["Bloodletting","Rampage"],"picked":"Dropkick","floor":1},{"not_picked":["Burning Pact","Dropkick"],"picked":"Armaments","floor":5},{"not_picked":["Wild Strike","Sword Boomerang"],"picked":"Battle Trance","floor":7},{"not_picked":["Entrench","Clothesline"],"picked":"Spot Weakness","floor":8},{"not_picked":["Shrug It Off","Wild Strike"],"picked":"Metallicize","floor":10},{"not_picked":["Clothesline","Ghostly Armor"],"picked":"True Grit","floor":11},{"not_picked":["Spot Weakness","Uppercut"],"picked":"Corruption","floor":14},{"not_picked":["Exhume","Double Tap"],"picked":"Immolate","floor":16},{"not_picked":["Entrench","Reckless Charge","Flex"],"picked":"Singing Bowl","floor":18},{"not_picked":["Blood for Blood","Warcry"],"picked":"Spot Weakness","floor":19},{"not_picked":["Clothesline","Clash","Anger"],"picked":"Singing Bowl","floor":24},{"not_picked":["Iron Wave","Inflame"],"picked":"Carnage+1","floor":25},{"not_picked":["Iron Wave","Clash","Rampage"],"picked":"Singing Bowl","floor":29},{"not_picked":["Double Tap","Demon Form"],"picked":"Exhume","floor":33},{"not_picked":["Havoc+1","Rampage"],"picked":"Burning Pact","floor":35},{"not_picked":["HandOfGreed","Mayhem"],"picked":"Bandage Up","floor":37},{"not_picked":["Deep Breath","Violence"],"picked":"Bandage Up","floor":37},{"not_picked":["Finesse","Enlightenment"],"picked":"Chrysalis","floor":37},{"not_picked":["Rupture","Wild Strike"],"picked":"Intimidate+1","floor":38},{"not_picked":["Whirlwind+1","Dark Embrace","Headbutt"],"picked":"Singing Bowl","floor":40},{"not_picked":["Dual Wield+1","Havoc+1","Hemokinesis"],"picked":"Singing Bowl","floor":41},{"not_picked":["Wild Strike+1","Twin Strike"],"picked":"Inflame+1","floor":46},{"not_picked":["Sever Soul+1","Heavy Blade","Wild Strike+1"],"picked":"Singing Bowl","floor":47},{"not_picked":["Anger","Armaments+1"],"picked":"Entrench","floor":48},{"not_picked":["Thunderclap+1","Body Slam+1","Rage"],"picked":"Pommel Strike+1","floor":54}],"player_experience":474865,"relics_obtained":[{"floor":9,"key":"Singing Bowl"},{"floor":19,"key":"Torii"},{"floor":19,"key":"Darkstone Periapt"},{"floor":22,"key":"Mummified Hand"},{"floor":24,"key":"Oddly Smooth Stone"},{"floor":26,"key":"Bottled Lightning"},{"floor":29,"key":"PreservedInsect"},{"floor":31,"key":"Nilry\u0027s Codex"},{"floor":40,"key":"Orichalcum"},{"floor":40,"key":"Bag of Marbles"},{"floor":48,"key":"Bottled Flame"},{"floor":48,"key":"Question Card"},{"floor":54,"key":"Red Skull"},{"floor":54,"key":"Strawberry"}],"event_choices":[{"damage_healed":0,"gold_gain":175,"player_choice":"AGREE","damage_taken":0,"max_hp_gain":0,"max_hp_loss":0,"event_name":"Liars Game","floor":2,"gold_loss":0,"cards_obtained":["Doubt"]},{"damage_healed":0,"gold_gain":0,"player_choice":"Success","damage_taken":7,"relics_obtained":["Dead Branch"],"max_hp_gain":0,"max_hp_loss":0,"event_name":"Scrap Ooze","floor":3,"gold_loss":0},{"damage_healed":0,"gold_gain":0,"player_choice":"Donut","damage_taken":0,"max_hp_gain":5,"max_hp_loss":0,"event_name":"Big Fish","floor":4,"gold_loss":0},{"cards_removed":["Strike_R"],"damage_healed":0,"gold_gain":0,"player_choice":"Offered Basic","damage_taken":0,"max_hp_gain":0,"max_hp_loss":0,"event_name":"Bonfire Elementals","floor":13,"gold_loss":0},{"damage_healed":0,"gold_gain":0,"player_choice":"Fight","damage_taken":0,"max_hp_gain":0,"max_hp_loss":0,"event_name":"Colosseum","floor":19,"gold_loss":0},{"damage_healed":0,"gold_gain":0,"player_choice":"Fought Nobs","damage_taken":0,"max_hp_gain":0,"max_hp_loss":0,"event_name":"Colosseum","floor":19,"gold_loss":0},{"damage_healed":0,"gold_gain":0,"player_choice":"Read","damage_taken":0,"max_hp_gain":0,"max_hp_loss":0,"event_name":"The Library","floor":20,"gold_loss":0,"cards_obtained":["Havoc"]},{"damage_healed":0,"gold_gain":0,"player_choice":"Smashed Altar","damage_taken":0,"max_hp_gain":0,"max_hp_loss":0,"event_name":"Forgotten Altar","floor":21,"gold_loss":0,"cards_obtained":["Decay"]},{"damage_healed":0,"gold_gain":0,"player_choice":"Obtained Book","damage_taken":16,"max_hp_gain":0,"max_hp_loss":0,"event_name":"Cursed Tome","floor":31,"gold_loss":0},{"damage_healed":0,"gold_gain":0,"player_choice":"Embrace Madness","damage_taken":12,"max_hp_gain":0,"max_hp_loss":0,"event_name":"Winding Halls","floor":36,"gold_loss":0,"cards_obtained":["Madness","Madness"]},{"damage_healed":0,"gold_gain":0,"player_choice":"Memory 3","damage_taken":10,"max_hp_gain":0,"max_hp_loss":0,"event_name":"SensoryStone","floor":37,"gold_loss":0},{"damage_healed":0,"gold_gain":0,"player_choice":"Ignored","damage_taken":0,"max_hp_gain":0,"max_hp_loss":0,"event_name":"Tomb of Lord Red Mask","floor":39,"gold_loss":0}],"is_beta":false,"boss_relics":[{"not_picked":["Coffee Dripper","Pandora\u0027s Box"],"picked":"Snecko Eye"},{"not_picked":["Velvet Choker","White Beast Statue"],"picked":"Black Star"}],"items_purged_floors":[12,27],"is_endless":false,"potions_floor_spawned":[1,5,10,14,16,19,25,35,38,41,46],"ascension_level":9}