{"gold_per_floor":[113,113,125,142,142,177,192,192,192,192,217,217,292,320,320,424,474,487,487,187,187,207,207,227,255,279,679,695,695,722,739,739,739],"floor_reached":33,"playtime":2129,"items_purged":["Writhe"],"score":364,"play_id":"2b2d36ff-ca7d-43ff-a7b4-3f4c82cc6020","local_time":"20190602195757","is_ascension_mode":true,"campfire_choices":[{"data":"Streamline","floor":8.0,"key":"SMITH"},{"data":"Dualcast","floor":10.0,"key":"SMITH"},{"floor":12.0,"key":"REST"},{"floor":15.0,"key":"REST"},{"data":"Ball Lightning","floor":23.0,"key":"SMITH"},{"floor":29,"key":"REST"},{"floor":32,"key":"REST"}],"neow_cost":"NONE","seed_source_timestamp":0,"circlet_count":0,"master_deck":["Strike_B","Strike_B","Strike_B","Defend_B","Defend_B","Defend_B","Defend_B","Zap","Dualcast+1","Streamline+1","Conserve Battery","Ball Lightning","Stack","Leap","Beam Cell","Hologram","Seek+1","Ball Lightning+1","Sweeping Beam","Cold Snap","Melter","Blizzard+1","Pain","Reboot","Double Energy","Redo+1","Conserve Battery+1"],"special_seed":0,"relics":["Cursed Key","Bronze Scales","Ancient Tea Set","Sundial","Regal Pillow","Tiny House","Anchor","Cables","Art of War","Potion Belt","Old Coin","Bottled Lightning","Toxic Egg 2"],"potions_floor_usage":[27,27,31,31,33],"damage_taken":[{"damage":3.0,"enemies":"Small Slimes","floor":1.0,"turns":3.0},{"damage":1.0,"enemies":"Cultist","floor":3.0,"turns":3.0},{"damage":5.0,"enemies":"Jaw Worm","floor":4.0,"turns":3.0},{"damage":15.0,"enemies":"3 Sentries","floor":6.0,"turns":6.0},{"damage":0.0,"enemies":"3 Louse","floor":7.0,"turns":3.0},{"damage":17.0,"enemies":"Lagavulin","floor":11.0,"turns":6.0},{"damage":44.0,"enemies":"Gremlin Nob","floor":14.0,"turns":5.0},{"damage":10.0,"enemies":"The Guardian","floor":16.0,"turns":9.0},{"damage":12.0,"enemies":"3 Byrds","floor":18.0,"turns":2.0},{"damage":0.0,"enemies":"Chosen","floor":22.0,"turns":2.0},{"damage":10.0,"enemies":"3 Cultists","floor":24.0,"turns":4.0},{"damage":23.0,"enemies":"Book of Stabbing","floor":25.0,"turns":5.0},{"damage":12,"enemies":"Colosseum Slavers","floor":27,"turns":5},{"damage":2,"enemies":"Colosseum Nobs","floor":27,"turns":4},{"damage":14,"enemies":"Snake Plant","floor":28,"turns":3},{"damage":7,"enemies":"Slavers","floor":30,"turns":4},{"damage":16,"enemies":"Centurion and Healer","floor":31,"turns":3},{"damage":65,"enemies":"Champ","floor":33,"turns":8}],"seed_played":"-8265977717903502376","potions_obtained":[{"floor":3.0,"key":"FocusPotion"},{"floor":4.0,"key":"FearPotion"},{"floor":11.0,"key":"EssenceOfSteel"},{"floor":16.0,"key":"Strength Potion"},{"floor":17.0,"key":"SteroidPotion"},{"floor":28,"key":"SteroidPotion"},{"floor":30,"key":"GamblersBrew"}],"is_trial":false,"path_per_floor":["M","?","M","M","$","E","M","R","T","R","E","R","?","E","R","B",null,"M","?","$","?","M","R","M","E","T","?","M","R","E","M","R","B"],"character_chosen":"DEFECT","items_purchased":["Anchor","Melter"],"campfire_rested":4,"item_purchase_floors":[20,20],"current_hp_per_floor":[72,72,71,66,66,51,51,51,51,51,34,56,45,1,38,28,80,68,68,68,68,68,68,58,35,35,21,7,46,39,23,62,0],"gold":739,"neow_bonus":"BOSS_RELIC","is_prod":false,"is_daily":false,"chose_seed":false,"campfire_upgraded":3,"win_rate":0,"timestamp":1559469477,"path_taken":["M","?","?","M","$","E","M","R","T","R","E","R","?","E","R","BOSS","M","?","$","?","M","R","?","E","T","?","M","R","E","M","R","BOSS"],"build_version":"2019-01-23","purchased_purges":1,"victory":false,"max_hp_per_floor":[75,75,75,75,75,75,75,75,75,75,75,75,75,75,75,75,80,80,80,80,80,80,80,80,80,80,80,80,80,80,80,80,80],"card_choices":[{"not_picked":["Redo","Undo"],"picked":"Streamline","floor":1.0},{"not_picked":["Aggregate","Scrape"],"picked":"Conserve Battery","floor":3.0},{"not_picked":["Gash","Heatsinks"],"picked":"Ball Lightning","floor":4.0},{"not_picked":["Barrage","Conserve Battery"],"picked":"Stack","floor":6.0},{"not_picked":["BootSequence","Glacier"],"picked":"Leap","floor":7.0},{"not_picked":["Ball Lightning","Leap"],"picked":"Beam Cell","floor":11.0},{"not_picked":["Steam","Gash"],"picked":"Hologram","floor":14.0},{"not_picked":["Biased Cognition","Thunder Strike"],"picked":"Seek","floor":16.0},{"not_picked":["Streamline","Tempest"],"picked":"Ball Lightning","floor":17.0},{"not_picked":["Stack","Compile Driver+1"],"picked":"Sweeping Beam","floor":18.0},{"not_picked":["Coolheaded+1","Compile Driver+1"],"picked":"Blizzard+1","floor":22.0},{"not_picked":["Steam","Barrage","Tempest"],"picked":"SKIP","floor":24.0},{"not_picked":["Tempest","Steam+1","Conserve Battery"],"picked":"SKIP","floor":25.0},{"not_picked":["Streamline","Sweeping Beam"],"picked":"Reboot","floor":27},{"not_picked":["Turbo+1","Steam Power"],"picked":"Double Energy","floor":28},{"not_picked":["Scrape","Beam Cell"],"picked":"Redo","floor":30},{"not_picked":["Turbo+1","Stack+1"],"picked":"Conserve Battery+1","floor":31}],"player_experience":418393,"relics_obtained":[{"floor":6.0,"key":"Bronze Scales"},{"floor":9.0,"key":"Ancient Tea Set"},{"floor":11.0,"key":"Sundial"},{"floor":14.0,"key":"Regal Pillow"},{"floor":25.0,"key":"Art of War"},{"floor":26.0,"key":"Potion Belt"},{"floor":27,"key":"Old Coin"},{"floor":27,"key":"Bottled Lightning"},{"floor":30,"key":"Toxic Egg 2"}],"event_choices":[{"cards_removed":["Strike_B"],"damage_healed":0.0,"max_hp_gain":0.0,"max_hp_loss":0.0,"gold_gain":0.0,"event_name":"Bonfire Elementals","player_choice":"Offered Basic","floor":2.0,"gold_loss":0.0,"damage_taken":0.0},{"damage_healed":0.0,"max_hp_gain":0.0,"max_hp_loss":0.0,"gold_gain":75.0,"event_name":"World of Goop","player_choice":"Gather Gold","floor":13.0,"gold_loss":0.0,"damage_taken":11.0},{"damage_healed":0.0,"max_hp_gain":0.0,"max_hp_loss":0.0,"gold_gain":0.0,"event_name":"The Library","player_choice":"Read","floor":19.0,"gold_loss":0.0,"damage_taken":0.0,"cards_obtained":["Cold Snap"]},{"damage_healed":0.0,"max_hp_gain":0.0,"max_hp_loss":0.0,"gold_gain":0.0,"event_name":"The Mausoleum","player_choice":"Opened","floor":21.0,"gold_loss":0.0,"damage_taken":0.0,"relics_obtained":["Cables"]},{"damage_healed":0,"gold_gain":0,"player_choice":"Fight","damage_taken":0,"max_hp_gain":0,"max_hp_loss":0,"event_name":"Colosseum","floor":27,"gold_loss":0},{"damage_healed":0,"gold_gain":0,"player_choice":"Fought Nobs","damage_taken":0,"max_hp_gain":0,"max_hp_loss":0,"event_name":"Colosseum","floor":27,"gold_loss":0}],"is_beta":false,"boss_relics":[{"not_picked":["Ectoplasm","Orrery"],"picked":"Tiny House"}],"items_purged_floors":[20],"is_endless":false,"potions_floor_spawned":[3,4,11,16,18,22,28,30],"killed_by":"Champ","ascension_level":4}