{"path_per_floor":["M","M","M","?","M","E","?","?","T","E","R","?","M","M","R","B",null,"M","M","$","M","M","?","M"],"character_chosen":"IRONCLAD","items_purchased":["Havoc","Secret Technique","Dramatic Entrance"],"gold_per_floor":[118,128,147,147,159,184,184,239,239,264,264,339,359,369,369,466,466,480,495,162,174,186,186,204],"floor_reached":25,"campfire_rested":0,"playtime":3642,"current_hp_per_floor":[80,80,80,73,72,62,46,46,46,39,39,28,34,37,37,34,80,80,80,80,80,80,65,48],"items_purged":[],"gold":204,"play_id":"8140c084-8f81-497c-a39f-d0c742edc136","is_prod":false,"is_daily":false,"is_ascension_mode":false,"campfire_upgraded":2,"path_taken":["M","M","M","?","M","E","?","?","T","E","R","?","M","?","R","BOSS","M","M","$","M","M","?","M","E"],"build_version":"2018-02-01-PROD3","purchased_purges":0,"victory":false,"master_deck":["Strike_R","Strike_R","Strike_R","Defend_R","Defend_R","Defend_R","Defend_R+1","Bash","Sword Boomerang","Clash","Rampage","Battle Trance","Searing Blow+1","Fire Breathing","Flame Barrier+1","Havoc+1","Clothesline","Spot Weakness","Impervious","True Grit","Armaments+1","Havoc","Secret Technique","Dramatic Entrance","Pommel Strike","Feel No Pain","Warcry"],"max_hp_per_floor":[80,80,80,80,80,80,80,80,80,80,80,80,80,80,80,80,80,80,80,80,80,80,85,88],"relics":["Burning Blood","Dodecahedron","Oddly Smooth Stone","Ancient Tea Set","Dead Branch","Question Card"],"card_choices":[{"not_picked":["Clothesline","Burning Pact"],"picked":"Clash"},{"not_picked":["Pommel Strike","Headbutt"],"picked":"Rampage"},{"not_picked":["Flex","Shockwave"],"picked":"Battle Trance"},{"not_picked":["True Grit","Wild Strike"],"picked":"Searing Blow"},{"not_picked":["Bludgeon","Thunderclap"],"picked":"Fire Breathing"},{"not_picked":["Rupture","Evolve"],"picked":"Flame Barrier"},{"not_picked":["Battle Trance","Clothesline"],"picked":"Havoc"},{"not_picked":["Power Through","Wild Strike"],"picked":"Clothesline"},{"not_picked":["Wild Strike","Whirlwind"],"picked":"Spot Weakness"},{"not_picked":["Immolate","Reaper"],"picked":"Impervious"},{"not_picked":["Wild Strike","Flex","Heavy Blade"],"picked":"True Grit"},{"not_picked":["Clash","Cleave","Inflame"],"picked":"Armaments"},{"not_picked":["Anger","Armaments","Whirlwind"],"picked":"Pommel Strike"},{"not_picked":["Rage","Hemokinesis","Spot Weakness"],"picked":"Feel No Pain"},{"not_picked":["Heavy Blade","Dual Wield","Havoc"],"picked":"Warcry"}],"player_experience":147764,"potions_floor_usage":[18,22,25],"damage_taken":[{"damage":5.0,"enemies":"2 Louse","floor":1.0,"turns":3.0},{"damage":4.0,"enemies":"Blue Slaver","floor":2.0,"turns":3.0},{"damage":6.0,"enemies":"Jaw Worm","floor":3.0,"turns":2.0},{"damage":7.0,"enemies":"3 Louse","floor":5.0,"turns":3.0},{"damage":16.0,"enemies":"Gremlin Nob","floor":6.0,"turns":4.0},{"damage":6.0,"enemies":"3 Sentries","floor":8.0,"turns":6.0},{"damage":13.0,"enemies":"3 Sentries","floor":10.0,"turns":9.0},{"damage":0,"enemies":"Large Slime","floor":13,"turns":5},{"damage":3,"enemies":"2 Fungi Beasts","floor":14,"turns":4},{"damage":9,"enemies":"The Guardian","floor":16,"turns":10},{"damage":3,"enemies":"2 Thieves","floor":18,"turns":4},{"damage":0,"enemies":"Chosen","floor":19,"turns":5},{"damage":0,"enemies":"Snecko","floor":21,"turns":3},{"damage":7,"enemies":"Centurion and Healer","floor":22,"turns":9},{"damage":26,"enemies":"Snake Plant","floor":24,"turns":5},{"damage":48,"enemies":"Book of Stabbing","floor":25,"turns":9}],"event_choices":[{"event_name":"Golden Wing","player_choice":"Card Removal","floor":4.0,"damage_taken":0.0},{"event_name":"Shining Light","player_choice":"Entered Light","floor":7.0,"damage_taken":0.0},{"event_name":"Dead Adventurer","player_choice":"Searched \u00272\u0027 times","floor":8.0,"damage_taken":0.0},{"event_name":"World of Goop","player_choice":"Gather Gold","floor":12.0,"damage_taken":0.0},{"event_name":"Forgotten Altar","player_choice":"Shed Blood","floor":23,"damage_taken":0}],"boss_relics":[{"not_picked":["Black Blood","Lizard Tail"],"picked":"Question Card"}],"potions_floor_spawned":[1,5,6,16,19,22,24],"seed_played":"-415551361047841020","killed_by":"Book of Stabbing","ascension_level":0,"is_trial":false}