{"gold_per_floor":[112,129,142,155,155,183,44,76,76,101,101,112,13,23,23,125,125,90,90,90,90,90,90,119,119,119,132,162,178,209,223,223,324,324,336,351,351,24,44,44,44,79,79,92,103,130,130,230,230,230,230,230,20,46,46],"floor_reached":56,"playtime":8444,"items_purged":["Strike_G","Defend_G"],"score":1362,"play_id":"1855bd4f-b881-4018-b76b-502f2a6339f6","local_time":"20190524015910","is_ascension_mode":true,"campfire_choices":[{"data":"Wraith Form v2","floor":15.0,"key":"SMITH"},{"data":"Well Laid Plans","floor":23.0,"key":"SMITH"},{"data":"Glass Knife","floor":25.0,"key":"SMITH"},{"data":"Bouncing Flask","floor":32.0,"key":"SMITH"},{"floor":40.0,"key":"RECALL"},{"data":"Wraith Form v2","floor":49.0,"key":"SMITH"},{"data":"Predator","floor":52,"key":"SMITH"}],"neow_cost":"TEN_PERCENT_HP_LOSS","seed_source_timestamp":0,"circlet_count":0,"master_deck":["Defend_G","Defend_G","Defend_G","Strike_G","Strike_G","Survivor","Neutralize","Masterful Stab","Night Terror","Blur+1","Deadly Poison+1","Leg Sweep","Backstab+1","Glass Knife+1","Wraith Form v2+1","Well Laid Plans+1","Bane","Deadly Poison","Backflip","Wraith Form v2+1","RitualDagger+1","Acrobatics+1","Predator+1","Quick Slash","Bouncing Flask+1","Corpse Explosion","Poisoned Stab+1","Glass Knife","Bouncing Flask+1","Night Terror","Noxious Fumes","Noxious Fumes","Night Terror"],"special_seed":0,"relics":["Ring of the Serpent","Potion Belt","Singing Bowl","Blue Candle","Pear","Snecko Eye","Bronze Scales","Bag of Marbles","Juzu Bracelet","Lantern","The Courier","Whetstone","Shuriken","Mercury Hourglass","War Paint","Calipers","Happy Flower","Anchor"],"potions_floor_usage":[55,55],"damage_taken":[{"damage":3.0,"enemies":"Jaw Worm","floor":1.0,"turns":4.0},{"damage":0.0,"enemies":"Small Slimes","floor":2.0,"turns":6.0},{"damage":0.0,"enemies":"Cultist","floor":3.0,"turns":4.0},{"damage":1.0,"enemies":"Red Slaver","floor":4.0,"turns":4.0},{"damage":17.0,"enemies":"Lagavulin","floor":6.0,"turns":7.0},{"damage":2.0,"enemies":"Gremlin Nob","floor":8.0,"turns":4.0},{"damage":13.0,"enemies":"3 Sentries","floor":10.0,"turns":13.0},{"damage":0.0,"enemies":"Exordium Wildlife","floor":12.0,"turns":4.0},{"damage":5.0,"enemies":"Blue Slaver","floor":14.0,"turns":2.0},{"damage":18.0,"enemies":"Hexaghost","floor":16.0,"turns":11.0},{"damage":1.0,"enemies":"2 Thieves","floor":18.0,"turns":5.0},{"damage":17.0,"enemies":"Book of Stabbing","floor":24.0,"turns":10.0},{"damage":3.0,"enemies":"Spheric Guardian","floor":27.0,"turns":6.0},{"damage":2.0,"enemies":"Slavers","floor":28.0,"turns":5.0},{"damage":10.0,"enemies":"Centurion and Healer","floor":29.0,"turns":7.0},{"damage":0.0,"enemies":"Book of Stabbing","floor":30.0,"turns":4.0},{"damage":3.0,"enemies":"Sentry and Sphere","floor":31.0,"turns":5.0},{"damage":5.0,"enemies":"Champ","floor":33.0,"turns":12.0},{"damage":1.0,"enemies":"3 Darklings","floor":35.0,"turns":3.0},{"damage":1.0,"enemies":"Orb Walker","floor":36.0,"turns":3.0},{"damage":0.0,"enemies":"Transient","floor":39.0,"turns":5.0},{"damage":14.0,"enemies":"Giant Head","floor":42.0,"turns":10.0},{"damage":0.0,"enemies":"3 Darklings","floor":44.0,"turns":1.0},{"damage":0.0,"enemies":"Jaw Worm Horde","floor":45.0,"turns":2.0},{"damage":0.0,"enemies":"Nemesis","floor":46.0,"turns":6.0},{"damage":4.0,"enemies":"Mind Bloom Boss Battle","floor":48.0,"turns":6.0},{"damage":15,"enemies":"Time Eater","floor":50,"turns":11},{"damage":11,"enemies":"Shield and Spear","floor":54,"turns":7},{"damage":23,"enemies":"The Heart","floor":55,"turns":8}],"seed_played":"3051502305832782038","potions_obtained":[{"floor":1.0,"key":"EssenceOfSteel"},{"floor":2.0,"key":"GhostInAJar"},{"floor":6.0,"key":"Dexterity Potion"},{"floor":10.0,"key":"Regen Potion"},{"floor":12.0,"key":"EntropicBrew"},{"floor":14.0,"key":"EssenceOfSteel"},{"floor":18.0,"key":"Energy Potion"},{"floor":28.0,"key":"FairyPotion"},{"floor":30.0,"key":"Regen Potion"},{"floor":39.0,"key":"Swift Potion"},{"floor":54,"key":"Dexterity Potion"}],"is_trial":false,"path_per_floor":["M","M","M","M","?","E","$","E","T","E","?","M","$","M","R","B",null,"M","T","$","?","?","R","E","R","T","M","E","M","E","M","R","B",null,"M","M","?","$","M","R","$","E","T","M","M","E","?","?","R","B",null,"R","$","E","B",null],"character_chosen":"THE_SILENT","items_purchased":["Wraith Form v2","Deadly Poison","Glass Knife","Whetstone","Noxious Fumes","Noxious Fumes","Happy Flower"],"campfire_rested":0,"item_purchase_floors":[7,13,38,38,53,53,53],"current_hp_per_floor":[60,60,60,59,59,42,42,40,40,39,39,39,39,34,34,16,75,76,76,76,70,70,70,53,53,53,50,50,42,42,39,39,34,81,82,81,81,81,83,83,83,71,71,73,73,73,73,71,71,56,87,87,87,76,67],"gold":46,"neow_bonus":"TRANSFORM_TWO_CARDS","is_prod":false,"is_daily":false,"chose_seed":false,"campfire_upgraded":6,"win_rate":0,"timestamp":1558677550,"path_taken":["M","M","M","M","?","E","?","E","T","E","?","?","$","M","R","BOSS","M","?","$","?","?","R","E","R","T","M","E","M","E","M","R","BOSS","M","M","?","$","M","R","?","E","T","M","M","E","?","?","R","BOSS","R","$","E","BOSS"],"build_version":"2019-01-23","purchased_purges":2,"victory":true,"max_hp_per_floor":[63,63,63,63,63,63,63,63,63,75,75,75,75,75,75,75,75,77,77,77,77,77,77,77,77,77,77,79,81,81,81,81,81,81,83,83,83,83,85,85,85,87,87,89,89,89,85,87,87,87,87,87,87,87,87],"card_choices":[{"not_picked":["Dodge and Roll","Prepared"],"picked":"Blur","floor":1.0},{"not_picked":["Skewer","Prepared","Eviscerate"],"picked":"SKIP","floor":2.0},{"not_picked":["Masterful Stab","Catalyst"],"picked":"Deadly Poison","floor":3.0},{"not_picked":["Cloak And Dagger","Acrobatics"],"picked":"Leg Sweep","floor":4.0},{"not_picked":["Skewer","Cloak And Dagger"],"picked":"Glass Knife","floor":6.0},{"not_picked":["Deflect","Poisoned Stab"],"picked":"Well Laid Plans","floor":8.0},{"not_picked":["Bane","Slice","Calculated Gamble"],"picked":"Singing Bowl","floor":10.0},{"not_picked":["Acrobatics","Backstab"],"picked":"Bane","floor":12.0},{"not_picked":["Dodge and Roll","Quick Slash"],"picked":"Backflip","floor":14.0},{"not_picked":["Envenom","Storm of Steel"],"picked":"Wraith Form v2","floor":16.0},{"not_picked":["Caltrops","Choke","Dagger Throw+1"],"picked":"Singing Bowl","floor":18.0},{"not_picked":["Distraction","Footwork"],"picked":"Acrobatics+1","floor":24.0},{"not_picked":["Dagger Throw+1","All Out Attack"],"picked":"Predator","floor":27.0},{"not_picked":["Reflex","Poisoned Stab","Underhanded Strike"],"picked":"Singing Bowl","floor":28.0},{"not_picked":["Deadly Poison","Tactician+1","Backflip"],"picked":"Singing Bowl","floor":29.0},{"not_picked":["Burst","Outmaneuver"],"picked":"Quick Slash","floor":30.0},{"not_picked":["Cloak And Dagger","Terror+1"],"picked":"Bouncing Flask","floor":31.0},{"not_picked":["Envenom","After Image"],"picked":"Corpse Explosion","floor":33.0},{"not_picked":["Underhanded Strike","Setup","Slice"],"picked":"Singing Bowl","floor":35.0},{"not_picked":["PiercingWail","Deadly Poison"],"picked":"Poisoned Stab+1","floor":36.0},{"not_picked":["Deflect","Setup","Prepared+1"],"picked":"Singing Bowl","floor":39.0},{"not_picked":["Backstab","Acrobatics","Prepared+1"],"picked":"Singing Bowl","floor":42.0},{"not_picked":["Poisoned Stab+1","Dodge and Roll+1","All Out Attack"],"picked":"Singing Bowl","floor":44.0},{"not_picked":["Deadly Poison+1","Infinite Blades"],"picked":"Bouncing Flask+1","floor":45.0},{"not_picked":["Underhanded Strike+1","Sucker Punch+1"],"picked":"Night Terror","floor":46.0},{"not_picked":["Outmaneuver","Sucker Punch+1","Underhanded Strike+1"],"picked":"Singing Bowl","floor":48.0},{"not_picked":["Deadly Poison+1","Sucker Punch"],"picked":"Night Terror","floor":54}],"player_experience":240799,"relics_obtained":[{"floor":6.0,"key":"Potion Belt"},{"floor":8.0,"key":"Singing Bowl"},{"floor":9.0,"key":"Blue Candle"},{"floor":10.0,"key":"Pear"},{"floor":24.0,"key":"Bronze Scales"},{"floor":26.0,"key":"Bag of Marbles"},{"floor":28.0,"key":"Juzu Bracelet"},{"floor":30.0,"key":"Lantern"},{"floor":42.0,"key":"Shuriken"},{"floor":43.0,"key":"Mercury Hourglass"},{"floor":46.0,"key":"War Paint"},{"floor":48.0,"key":"Calipers"},{"floor":54,"key":"Anchor"}],"event_choices":[{"damage_healed":0.0,"max_hp_gain":0.0,"max_hp_loss":0.0,"gold_gain":0.0,"cards_transformed":["Defend_G"],"event_name":"Living Wall","player_choice":"Change","floor":5.0,"gold_loss":0.0,"damage_taken":0.0,"cards_obtained":["Backstab"]},{"cards_removed":["Iron Wave"],"damage_healed":0.0,"max_hp_gain":0.0,"max_hp_loss":0.0,"gold_gain":0.0,"event_name":"NoteForYourself","player_choice":"Took Card","floor":11.0,"gold_loss":0.0,"damage_taken":0.0,"cards_obtained":["Iron Wave"]},{"damage_healed":0.0,"max_hp_gain":0.0,"max_hp_loss":0.0,"gold_gain":0.0,"event_name":"Nest","player_choice":"Joined the Cult","floor":21.0,"gold_loss":0.0,"damage_taken":6.0,"cards_obtained":["RitualDagger"]},{"damage_healed":0.0,"max_hp_gain":0.0,"max_hp_loss":0.0,"gold_gain":0.0,"event_name":"Ghosts","player_choice":"Ignored","floor":22.0,"gold_loss":0.0,"damage_taken":0.0},{"damage_healed":0.0,"max_hp_gain":0.0,"max_hp_loss":0.0,"gold_gain":0.0,"event_name":"WeMeetAgain","player_choice":"Gave Potion","floor":37.0,"gold_loss":0.0,"damage_taken":0.0,"relics_obtained":["The Courier"]},{"damage_healed":0.0,"max_hp_gain":0.0,"max_hp_loss":4.0,"gold_gain":0.0,"event_name":"Winding Halls","player_choice":"Max HP","floor":47.0,"gold_loss":0.0,"damage_taken":0.0},{"damage_healed":0.0,"max_hp_gain":0.0,"max_hp_loss":0.0,"gold_gain":0.0,"event_name":"MindBloom","player_choice":"Fight","floor":48.0,"gold_loss":0.0,"damage_taken":0.0}],"is_beta":false,"boss_relics":[{"not_picked":["Velvet Choker","Orrery"],"picked":"Snecko Eye"},{"not_picked":["Astrolabe","Runic Dome"],"picked":"Ring of the Serpent"}],"items_purged_floors":[13,38],"is_endless":false,"potions_floor_spawned":[1,2,6,10,12,14,18,28,29,30,39,42,44,45,54],"ascension_level":1}