{"path_per_floor":["M","$","M","M","?","R","E","R","T","M","$","R","M","M","R","B",null,"M","M","$","M","M","R","?","T","T"],"character_chosen":"THE_SILENT","items_purchased":["Quick Slash"],"gold_per_floor":[111,36,52,69,19,19,80,80,80,91,67,67,80,91,91,191,191,179,191,91,101,113,113,113,140,167],"floor_reached":27,"campfire_rested":2,"playtime":2277,"current_hp_per_floor":[77,77,77,75,75,75,69,69,69,67,67,67,66,57,77,61,77,64,52,52,42,22,53,53,53,53],"items_purged":["Defend_G","Strike_G"],"gold":167,"play_id":"c8c34ec0-556e-489e-a65f-de90d665c026","is_prod":false,"is_daily":false,"is_ascension_mode":false,"campfire_upgraded":3,"path_taken":["M","$","M","M","?","R","E","R","T","M","$","R","M","M","R","BOSS","M","M","$","M","?","R","?","?","T","M"],"build_version":"2018-02-01-PROD3","purchased_purges":2,"victory":false,"master_deck":["Defend_G","Defend_G","Defend_G","Defend_G","Strike_G","Strike_G","Strike_G","Survivor+1","Neutralize","Noxious Fumes+1","Deadly Poison","Poisoned Stab","Backstab+1","Quick Slash","Quick Slash","Bouncing Flask","Footwork","After Image","Endless Agony","Outmaneuver+1","Predator","Cloak And Dagger"],"max_hp_per_floor":[77,77,77,77,77,77,77,77,77,77,77,77,77,77,77,77,77,77,77,77,77,77,77,77,77,77],"relics":["Ring of the Snake","Tiny Chest","Frozen Eye","Eternal Feather","Omamori","Orichalcum"],"card_choices":[{"not_picked":["Acrobatics","Underhanded Strike"],"picked":"Noxious Fumes"},{"not_picked":["Heel Hook","Calculated Gamble"],"picked":"Deadly Poison"},{"not_picked":["Riddle With Holes","Footwork"],"picked":"Poisoned Stab"},{"not_picked":["Malaise","Cloak And Dagger"],"picked":"Backstab"},{"not_picked":["Flying Knee","Dagger Spray"],"picked":"Quick Slash"},{"not_picked":["Bane","Deadly Poison"],"picked":"Bouncing Flask"},{"not_picked":["Dagger Spray","Sucker Punch"],"picked":"Footwork"},{"not_picked":["Envenom","Tools of the Trade"],"picked":"After Image"},{"not_picked":["Distraction","Footwork"],"picked":"Endless Agony"},{"not_picked":["Backflip","Flying Knee"],"picked":"Outmaneuver"},{"not_picked":["Flechettes","Accuracy"],"picked":"Predator"},{"not_picked":["Eviscerate","Prepared"],"picked":"Cloak And Dagger"}],"player_experience":86593,"potions_floor_usage":[16,16,21],"damage_taken":[{"damage":0,"enemies":"Jaw Worm","floor":1,"turns":6},{"damage":0,"enemies":"2 Louse","floor":3,"turns":4},{"damage":2,"enemies":"Blue Slaver","floor":4,"turns":5},{"damage":6,"enemies":"3 Sentries","floor":7,"turns":7},{"damage":2,"enemies":"Looter","floor":10,"turns":3},{"damage":1,"enemies":"Red Slaver","floor":13,"turns":3},{"damage":9,"enemies":"Exordium Wildlife","floor":14,"turns":3},{"damage":16,"enemies":"Slime Boss","floor":16,"turns":9},{"damage":13,"enemies":"2 Thieves","floor":18,"turns":4},{"damage":12,"enemies":"Shell Parasite","floor":19,"turns":5},{"damage":10,"enemies":"Centurion and Healer","floor":21,"turns":7},{"damage":20,"enemies":"Sentry and Sphere","floor":22,"turns":5},{"damage":54,"enemies":"Slaver and Parasite","floor":27,"turns":4}],"event_choices":[{"event_name":"The Cleric","player_choice":"Card Removal","floor":5,"damage_taken":0},{"event_name":"The Woman in Blue","player_choice":"Bought 0 Potions","floor":24,"damage_taken":0}],"boss_relics":[{"not_picked":["Snecko Eye","White Beast Statue"],"picked":"Eternal Feather"}],"potions_floor_spawned":[3,7,13,14,19,22],"seed_played":"-4612090386129433213","killed_by":"Slaver and Parasite","ascension_level":0,"is_trial":false}