{"gold_per_floor":[113,125,125,105,117,117,129,129,201,213,213,56,56,68,68,68],"floor_reached":16,"playtime":359,"items_purged":[],"score":184,"play_id":"25b915bc-1a08-4e99-9571-7de2f6cf4b3a","local_time":"20190623222712","is_ascension_mode":true,"campfire_choices":[{"data":"Strike_B","floor":6,"key":"PURGE"},{"floor":8,"key":"REST"},{"floor":11,"key":"REST"},{"floor":15,"key":"REST"}],"neow_cost":"PERCENT_DAMAGE","seed_source_timestamp":143092502482900,"circlet_count":0,"master_deck":["AscendersBane","Strike_B","Strike_B","Strike_B","Defend_B","Defend_B","Defend_B","Zap","Dualcast","Self Repair","White Noise","Barrage","White Noise","Undo","Undo"],"relics":["Cracked Core","Peace Pipe","Shuriken","Vajra"],"potions_floor_usage":[],"damage_taken":[{"damage":1,"enemies":"Cultist","floor":1,"turns":3},{"damage":4,"enemies":"Jaw Worm","floor":2,"turns":4},{"damage":7,"enemies":"Small Slimes","floor":5,"turns":3},{"damage":24,"enemies":"Exordium Wildlife","floor":7,"turns":5},{"damage":43,"enemies":"Large Slime","floor":10,"turns":7},{"damage":8,"enemies":"2 Fungi Beasts","floor":14,"turns":3},{"damage":70,"enemies":"Hexaghost","floor":16,"turns":11}],"seed_played":"5668792553999828094","potions_obtained":[{"floor":1,"key":"EssenceOfSteel"},{"floor":4,"key":"FairyPotion"}],"is_trial":false,"path_per_floor":["M","M","?","?","M","R","M","R","T","M","R","$","?","M","R","B"],"character_chosen":"DEFECT","items_purchased":["Vajra"],"campfire_rested":3,"item_purchase_floors":[12],"current_hp_per_floor":[45,48,41,41,41,41,24,45,45,16,37,37,42,34,56,0],"gold":68,"neow_bonus":"ONE_RARE_RELIC","is_prod":false,"is_daily":false,"chose_seed":false,"campfire_upgraded":0,"win_rate":0,"timestamp":1561300032,"path_taken":["M","?","?","?","?","R","M","R","T","M","R","$","?","M","R","BOSS"],"build_version":"2019-01-23","purchased_purges":0,"victory":false,"max_hp_per_floor":[71,71,71,71,71,71,71,71,71,71,71,71,76,76,76,76],"card_choices":[{"not_picked":["Redo","Steam"],"picked":"Self Repair","floor":1},{"not_picked":["Stack","Barrage"],"picked":"White Noise","floor":2},{"not_picked":["Reprogram","Sweeping Beam"],"picked":"Barrage","floor":5},{"not_picked":["Beam Cell","Leap"],"picked":"White Noise","floor":7},{"not_picked":["Hello World","Conserve Battery"],"picked":"Undo","floor":10},{"not_picked":["Blizzard","Turbo"],"picked":"Undo","floor":14}],"player_experience":727848,"relics_obtained":[{"floor":9,"key":"Shuriken"}],"event_choices":[{"cards_removed":["Defend_B"],"damage_healed":0,"gold_gain":0,"player_choice":"Card Removal","damage_taken":7,"max_hp_gain":0,"max_hp_loss":0,"event_name":"Golden Wing","floor":3,"gold_loss":0},{"damage_healed":0,"gold_gain":0,"player_choice":"Bought 1 Potion","damage_taken":0,"max_hp_gain":0,"max_hp_loss":0,"event_name":"The Woman in Blue","floor":4,"gold_loss":0},{"damage_healed":0,"gold_gain":0,"player_choice":"Donut","damage_taken":0,"max_hp_gain":5,"max_hp_loss":0,"event_name":"Big Fish","floor":13,"gold_loss":0}],"is_beta":false,"boss_relics":[],"items_purged_floors":[],"is_endless":false,"potions_floor_spawned":[1,14],"killed_by":"Hexaghost","ascension_level":20}