{"gold_per_floor":[115,115,115,126,136,136,151,183,183,183,198,198,233,110,110,215,215,234,253,253],"floor_reached":20,"playtime":761,"items_purged":[],"score":285,"play_id":"868acd00-9e6a-4cfa-a788-3887a44ec255","local_time":"20190622163747","is_ascension_mode":true,"campfire_choices":[{"data":"Bash","floor":6,"key":"SMITH"},{"floor":10,"key":"REST"},{"floor":15,"key":"REST"}],"neow_cost":"NONE","seed_source_timestamp":774471058383382,"circlet_count":0,"master_deck":["AscendersBane","Strike_R","Strike_R","Strike_R","Strike_R","Defend_R","Defend_R","Defend_R","Defend_R","Bash+1","Feel No Pain","Dropkick","Cleave","Immolate","Sword Boomerang","Ghostly Armor","Uppercut","Armaments","Corruption","Dramatic Entrance","Reaper","Pommel Strike","Heavy Blade+1"],"relics":["Burning Blood","Ancient Tea Set","Dead Branch","CultistMask","Bottled Lightning","The Courier","Letter Opener","Black Star"],"potions_floor_usage":[8],"damage_taken":[{"damage":13,"enemies":"Jaw Worm","floor":1,"turns":6},{"damage":3,"enemies":"Cultist","floor":4,"turns":3},{"damage":10,"enemies":"2 Louse","floor":5,"turns":4},{"damage":15,"enemies":"Exordium Thugs","floor":7,"turns":5},{"damage":20,"enemies":"3 Sentries","floor":8,"turns":3},{"damage":0,"enemies":"Lots of Slimes","floor":11,"turns":1},{"damage":49,"enemies":"Lagavulin","floor":13,"turns":6},{"damage":29,"enemies":"Slime Boss","floor":16,"turns":8},{"damage":5,"enemies":"3 Byrds","floor":18,"turns":4},{"damage":29,"enemies":"Shell Parasite","floor":19,"turns":8},{"damage":66,"enemies":"Masked Bandits","floor":20,"turns":3}],"seed_played":"777662083477722774","potions_obtained":[{"floor":1,"key":"SkillPotion"},{"floor":11,"key":"SteroidPotion"},{"floor":13,"key":"Fire Potion"}],"is_trial":false,"path_per_floor":["M","?","?","M","M","R","M","E","T","R","M","?","E","$","R","B",null,"M","M","?"],"character_chosen":"IRONCLAD","items_purchased":["Corruption","Dramatic Entrance"],"campfire_rested":2,"item_purchase_floors":[14,14],"current_hp_per_floor":[65,53,53,56,52,52,43,29,29,53,59,59,16,16,40,17,64,67,44,0],"gold":253,"neow_bonus":"RANDOM_COMMON_RELIC","is_prod":false,"is_daily":false,"chose_seed":false,"campfire_upgraded":1,"win_rate":0,"timestamp":1561185467,"path_taken":["M","?","?","M","?","R","M","E","T","R","M","?","E","?","R","BOSS","M","?","?"],"build_version":"2019-01-23","purchased_purges":0,"victory":false,"max_hp_per_floor":[80,80,80,80,80,80,80,80,80,80,80,80,80,80,80,80,80,80,80,80],"card_choices":[{"not_picked":["Wild Strike","Armaments"],"picked":"Feel No Pain","floor":1},{"not_picked":["Perfected Strike","Inflame"],"picked":"Dropkick","floor":4},{"not_picked":["Heavy Blade","Flex"],"picked":"Cleave","floor":5},{"not_picked":["Thunderclap","Armaments"],"picked":"Immolate","floor":7},{"not_picked":["Dual Wield","Carnage"],"picked":"Sword Boomerang","floor":8},{"not_picked":["Rage","Sword Boomerang"],"picked":"Ghostly Armor","floor":11},{"not_picked":["Rampage","Body Slam"],"picked":"Armaments","floor":13},{"not_picked":["Dark Embrace","Fiend Fire"],"picked":"Reaper","floor":16},{"not_picked":["Bloodletting","Anger"],"picked":"Pommel Strike","floor":18},{"not_picked":["Anger","Clothesline"],"picked":"Heavy Blade+1","floor":19}],"player_experience":484195,"relics_obtained":[{"floor":8,"key":"Bottled Lightning"},{"floor":9,"key":"The Courier"},{"floor":13,"key":"Letter Opener"}],"event_choices":[{"damage_healed":0,"gold_gain":0,"player_choice":"Success","damage_taken":12,"relics_obtained":["Dead Branch"],"max_hp_gain":0,"max_hp_loss":0,"event_name":"Scrap Ooze","floor":2,"gold_loss":0},{"damage_healed":0,"gold_gain":0,"player_choice":"Trade","damage_taken":0,"relics_obtained":["CultistMask"],"max_hp_gain":0,"max_hp_loss":0,"event_name":"FaceTrader","floor":3,"gold_loss":0},{"damage_healed":0,"gold_gain":0,"cards_transformed":["Strike_R"],"player_choice":"Transformed","damage_taken":0,"max_hp_gain":0,"max_hp_loss":0,"event_name":"Transmorgrifier","floor":12,"gold_loss":0,"cards_obtained":["Uppercut"]},{"damage_healed":0,"gold_gain":0,"player_choice":"Fought Bandits","damage_taken":0,"max_hp_gain":0,"max_hp_loss":0,"event_name":"Masked Bandits","floor":20,"gold_loss":0}],"is_beta":false,"boss_relics":[{"not_picked":["Coffee Dripper","Runic Cube"],"picked":"Black Star"}],"items_purged_floors":[],"is_endless":false,"potions_floor_spawned":[1,11,13,19],"killed_by":"Masked Bandits","ascension_level":11}