{"gold_per_floor":[113,113,123,142,142,171,171,199,199,215,215,233,247,247,247,319,319,319,319,146,61,61,61,61,61,61,61,61,61,61,61,61,61],"floor_reached":33,"playtime":1043,"items_purged":[],"score":615,"play_id":"ee18c36d-63fa-4b3b-8e92-162e0ba80f1b","local_time":"20190625002355","is_ascension_mode":true,"campfire_choices":[{"floor":7.0,"key":"REST"},{"floor":11.0,"key":"REST"},{"floor":15.0,"key":"REST"},{"data":"Streamline","floor":23.0,"key":"SMITH"},{"floor":25.0,"key":"REST"},{"floor":28.0,"key":"REST"},{"floor":32,"key":"REST"}],"neow_cost":"PERCENT_DAMAGE","seed_source_timestamp":235798051095700,"circlet_count":0,"master_deck":["AscendersBane","Strike_B","Strike_B","Strike_B","Defend_B","Defend_B","Defend_B","Zap","Dualcast","White Noise","Cold Snap","Blizzard","Go for the Eyes","Cold Snap","All For One","Streamline+1","Gash","Go for the Eyes","Chill+1","FTL+1","Go for the Eyes+1","Beam Cell+1"],"special_seed":0,"relics":["Cracked Core","Orichalcum","Mercury Hourglass","Sundial","Ectoplasm","Red Mask","Lantern","Strawberry","Molten Egg 2","Tiny Chest","MawBank"],"potions_floor_usage":[],"damage_taken":[{"damage":0.0,"enemies":"Small Slimes","floor":1.0,"turns":2.0},{"damage":1.0,"enemies":"Cultist","floor":3.0,"turns":3.0},{"damage":2.0,"enemies":"2 Louse","floor":4.0,"turns":3.0},{"damage":26.0,"enemies":"Lagavulin","floor":6.0,"turns":6.0},{"damage":30.0,"enemies":"Gremlin Nob","floor":8.0,"turns":5.0},{"damage":14.0,"enemies":"Looter","floor":10.0,"turns":4.0},{"damage":0.0,"enemies":"3 Louse","floor":12.0,"turns":3.0},{"damage":6.0,"enemies":"Large Slime","floor":13.0,"turns":4.0},{"damage":23.0,"enemies":"Hexaghost","floor":16.0,"turns":8.0},{"damage":8.0,"enemies":"Chosen","floor":18.0,"turns":6.0},{"damage":12.0,"enemies":"Masked Bandits","floor":19.0,"turns":4.0},{"damage":17.0,"enemies":"Gremlin Leader","floor":24.0,"turns":7.0},{"damage":57.0,"enemies":"Slavers","floor":27.0,"turns":6.0},{"damage":5.0,"enemies":"3 Byrds","floor":29.0,"turns":4.0},{"damage":13.0,"enemies":"Sentry and Sphere","floor":30.0,"turns":5.0},{"damage":3.0,"enemies":"Centurion and Healer","floor":31.0,"turns":6.0},{"damage":65,"enemies":"Champ","floor":33,"turns":8}],"seed_played":"9082214606763898433","potions_obtained":[{"floor":1.0,"key":"Swift Potion"},{"floor":6.0,"key":"FocusPotion"},{"floor":10.0,"key":"SteroidPotion"},{"floor":13.0,"key":"Strength Potion"},{"floor":16.0,"key":"Fire Potion"},{"floor":24.0,"key":"Energy Potion"},{"floor":27.0,"key":"Weak Potion"},{"floor":30.0,"key":"Explosive Potion"}],"is_trial":false,"path_per_floor":["M","?","M","M","?","E","R","E","T","M","R","M","M","?","R","B",null,"M","?","$","?","?","R","E","R","T","E","R","M","M","M","R","B"],"character_chosen":"DEFECT","items_purchased":["Lantern"],"campfire_rested":6,"item_purchase_floors":[20],"current_hp_per_floor":[60,60,59,57,57,31,56,26,26,12,37,37,31,36,63,40,78,70,58,58,65,65,65,48,77,77,20,49,44,31,28,57,0],"gold":61,"neow_bonus":"TWENTY_PERCENT_HP_BONUS","is_prod":false,"is_daily":false,"chose_seed":false,"campfire_upgraded":1,"win_rate":0,"timestamp":1561393435,"path_taken":["M","?","M","?","?","E","R","E","T","M","R","M","M","?","R","BOSS","M","?","$","?","?","R","E","R","T","E","R","M","?","M","R","BOSS"],"build_version":"2019-01-23","purchased_purges":0,"victory":false,"max_hp_per_floor":[85,85,85,85,85,85,85,85,85,85,85,85,85,90,90,90,90,90,90,90,97,97,97,97,97,97,97,97,97,97,97,97,97],"card_choices":[{"not_picked":["Beam Cell","Conserve Battery"],"picked":"White Noise","floor":1.0},{"not_picked":["Rebound","Buffer"],"picked":"Cold Snap","floor":3.0},{"not_picked":["Sweeping Beam","Compile Driver"],"picked":"Blizzard","floor":4.0},{"not_picked":["Doom and Gloom","Aggregate","Reprogram"],"picked":"SKIP","floor":6.0},{"not_picked":["Doom and Gloom","Aggregate","Reprogram"],"picked":"SKIP","floor":6.0},{"not_picked":["Doom and Gloom","Aggregate","Reprogram"],"picked":"SKIP","floor":6.0},{"not_picked":["Doom and Gloom","Steam","Turbo"],"picked":"SKIP","floor":8.0},{"not_picked":["Compile Driver","Conserve Battery"],"picked":"Go for the Eyes","floor":10.0},{"not_picked":["Steam","Coolheaded"],"picked":"Cold Snap","floor":12.0},{"not_picked":["Turbo","Sweeping Beam","Rebound"],"picked":"SKIP","floor":13.0},{"not_picked":["Rainbow","Buffer"],"picked":"All For One","floor":16.0},{"not_picked":["Darkness","Force Field"],"picked":"Streamline","floor":18.0},{"not_picked":["Leap","Coolheaded"],"picked":"Gash","floor":19.0},{"not_picked":["Fission","Stack"],"picked":"Chill+1","floor":24.0},{"not_picked":["Streamline+1","Steam Power","Stack"],"picked":"SKIP","floor":27.0},{"not_picked":["Conserve Battery","Fusion"],"picked":"FTL+1","floor":29.0},{"not_picked":["Darkness","Stack"],"picked":"Go for the Eyes+1","floor":30.0},{"not_picked":["Blizzard+1","Melter+1"],"picked":"Beam Cell+1","floor":31}],"player_experience":731434,"relics_obtained":[{"floor":6.0,"key":"Orichalcum"},{"floor":8.0,"key":"Mercury Hourglass"},{"floor":9.0,"key":"Sundial"},{"floor":19.0,"key":"Red Mask"},{"floor":24.0,"key":"Molten Egg 2"},{"floor":26.0,"key":"Tiny Chest"},{"floor":27.0,"key":"MawBank"}],"event_choices":[{"cards_removed":["Defend_B"],"damage_healed":0.0,"max_hp_gain":0.0,"max_hp_loss":0.0,"gold_gain":0.0,"event_name":"Purifier","player_choice":"Purged","floor":2.0,"gold_loss":0.0,"damage_taken":0.0},{"damage_healed":0.0,"max_hp_gain":0.0,"max_hp_loss":0.0,"gold_gain":0.0,"event_name":"Liars Game","player_choice":"Ignored","floor":5.0,"gold_loss":0.0,"damage_taken":0.0},{"damage_healed":0.0,"max_hp_gain":5.0,"max_hp_loss":0.0,"gold_gain":0.0,"event_name":"Big Fish","player_choice":"Donut","floor":14.0,"gold_loss":0.0,"damage_taken":0.0},{"damage_healed":0.0,"max_hp_gain":0.0,"max_hp_loss":0.0,"gold_gain":0.0,"event_name":"Masked Bandits","player_choice":"Fought Bandits","floor":19.0,"gold_loss":0.0,"damage_taken":0.0},{"damage_healed":0.0,"max_hp_gain":0.0,"max_hp_loss":0.0,"gold_gain":0.0,"event_name":"Addict","player_choice":"Obtained Relic","floor":21.0,"gold_loss":85.0,"damage_taken":0.0,"relics_obtained":["Strawberry"]},{"damage_healed":0.0,"max_hp_gain":0.0,"max_hp_loss":0.0,"gold_gain":0.0,"cards_transformed":["Strike_B"],"event_name":"Transmorgrifier","player_choice":"Transformed","floor":22.0,"gold_loss":0.0,"damage_taken":0.0,"cards_obtained":["Go for the Eyes"]}],"is_beta":false,"boss_relics":[{"not_picked":["Pandora\u0027s Box","Runic Pyramid"],"picked":"Ectoplasm"}],"items_purged_floors":[],"is_endless":false,"potions_floor_spawned":[1,6,10,13,16,24,27,30],"killed_by":"Champ","ascension_level":20}