{"gold_per_floor":[113,288,288,299,313,313,331,95,120,147,191,203,297,320,332,442,454,486,498,520,13,25,25,55,55,55,72,72],"floor_reached":28,"playtime":2435,"items_purged":["Doubt"],"score":240,"play_id":"f3fe7297-e048-4d5f-80b8-b021192badf8","local_time":"20190318184359","is_ascension_mode":false,"campfire_choices":[{"data":"Poisoned Stab","floor":6,"key":"SMITH"},{"data":"Catalyst","floor":12,"key":"SMITH"},{"floor":15,"key":"REST"},{"floor":23,"key":"REST"}],"neow_cost":"NONE","seed_source_timestamp":260749894295461,"circlet_count":0,"master_deck":["Defend_G","Defend_G","Defend_G","Defend_G","Defend_G","Strike_G","Strike_G","Strike_G","Strike_G","Strike_G","Survivor","Neutralize","Bane","Poisoned Stab+1","Footwork","Catalyst+1","Deadly Poison","Caltrops","Bane+1","Crippling Poison","Accuracy","Blade Dance","Accuracy","Deadly Poison"],"relics":["Ring of the Snake","Tiny Chest","MawBank","Regal Pillow","Ornamental Fan","Orrery","Ninja Scroll","Boot","Calipers","Strawberry","Ancient Tea Set"],"potions_floor_usage":[7,11,11,28],"damage_taken":[{"damage":1,"enemies":"Small Slimes","floor":1,"turns":4},{"damage":1,"enemies":"Cultist","floor":4,"turns":4},{"damage":3,"enemies":"Jaw Worm","floor":5,"turns":3},{"damage":5,"enemies":"Lots of Slimes","floor":7,"turns":2},{"damage":0,"enemies":"Large Slime","floor":10,"turns":6},{"damage":20,"enemies":"Lagavulin","floor":11,"turns":7},{"damage":0,"enemies":"3 Louse","floor":14,"turns":3},{"damage":45,"enemies":"Hexaghost","floor":16,"turns":7},{"damage":22,"enemies":"Spheric Guardian","floor":18,"turns":6},{"damage":0,"enemies":"Chosen","floor":20,"turns":4},{"damage":16,"enemies":"Snecko","floor":22,"turns":4},{"damage":45,"enemies":"Book of Stabbing","floor":24,"turns":6},{"damage":23,"enemies":"Snake Plant","floor":27,"turns":3},{"damage":22,"enemies":"Centurion and Healer","floor":28,"turns":5}],"seed_played":"8644059533581747277","potions_obtained":[{"floor":1,"key":"Explosive Potion"},{"floor":4,"key":"Swift Potion"},{"floor":5,"key":"Weak Potion"},{"floor":10,"key":"PowerPotion"},{"floor":16,"key":"Ancient Potion"},{"floor":18,"key":"Energy Potion"}],"is_trial":false,"path_per_floor":["M","?","?","M","M","R","M","$","T","M","E","R","T","M","R","B",null,"M","T","M","$","M","R","E","?","T","M","M"],"character_chosen":"THE_SILENT","items_purchased":["Tiny Chest","Footwork","Boot","Calipers","Accuracy","Blade Dance"],"campfire_rested":2,"item_purchase_floors":[8,8,21,21,21,21],"current_hp_per_floor":[76,76,76,75,72,72,67,67,67,67,47,47,47,47,77,32,77,55,55,55,55,39,77,39,39,39,16,0],"gold":72,"neow_bonus":"TEN_PERCENT_HP_BONUS","is_prod":false,"is_daily":false,"chose_seed":false,"campfire_upgraded":2,"win_rate":0,"timestamp":1552895039,"path_taken":["M","?","?","M","?","R","M","$","T","M","E","R","?","M","R","BOSS","M","?","?","$","M","R","E","?","T","M","M"],"build_version":"2019-01-23","purchased_purges":1,"victory":false,"max_hp_per_floor":[77,77,77,77,77,77,77,77,77,77,77,77,77,77,77,77,77,77,77,77,77,77,77,84,84,84,84,84],"card_choices":[{"not_picked":["Distraction","Dagger Spray"],"picked":"Bane","floor":1},{"not_picked":["Backflip","Dagger Throw"],"picked":"Poisoned Stab","floor":4},{"not_picked":["Dagger Spray","Dodge and Roll","Poisoned Stab"],"picked":"SKIP","floor":5},{"not_picked":["PiercingWail","Blur","Leg Sweep"],"picked":"SKIP","floor":7},{"not_picked":["A Thousand Cuts","Slice","Concentrate"],"picked":"SKIP","floor":10},{"not_picked":["Backflip","PiercingWail"],"picked":"Catalyst","floor":11},{"not_picked":["Footwork","Masterful Stab"],"picked":"Deadly Poison","floor":14},{"not_picked":["Leg Sweep","Blade Dance"],"picked":"Caltrops","floor":17},{"not_picked":["Backflip","Cloak And Dagger"],"picked":"Bane+1","floor":18},{"not_picked":["Backflip+1","Flechettes"],"picked":"Crippling Poison","floor":20},{"not_picked":["Endless Agony","Poisoned Stab+1"],"picked":"Accuracy","floor":22},{"not_picked":["Quick Slash","PiercingWail","Prepared+1"],"picked":"SKIP","floor":24},{"not_picked":["Well Laid Plans","Infinite Blades"],"picked":"Deadly Poison","floor":27}],"player_experience":229055,"relics_obtained":[{"floor":9,"key":"MawBank"},{"floor":11,"key":"Regal Pillow"},{"floor":13,"key":"Ornamental Fan"},{"floor":19,"key":"Ninja Scroll"},{"floor":24,"key":"Strawberry"},{"floor":26,"key":"Ancient Tea Set"}],"event_choices":[{"damage_healed":0,"gold_gain":175,"player_choice":"AGREE","damage_taken":0,"max_hp_gain":0,"max_hp_loss":0,"event_name":"Liars Game","floor":2,"gold_loss":0,"cards_obtained":["Doubt"]},{"damage_healed":0,"gold_gain":0,"player_choice":"Ignored","damage_taken":0,"max_hp_gain":0,"max_hp_loss":0,"event_name":"NoteForYourself","floor":3,"gold_loss":0},{"damage_healed":0,"gold_gain":0,"player_choice":"Bought 0 Potions","damage_taken":0,"max_hp_gain":0,"max_hp_loss":0,"event_name":"The Woman in Blue","floor":25,"gold_loss":0}],"is_beta":false,"boss_relics":[{"not_picked":["Empty Cage","Astrolabe"],"picked":"Orrery"}],"items_purged_floors":[8],"is_endless":false,"potions_floor_spawned":[1,4,5,10,16,18,24,27],"killed_by":"Centurion and Healer","ascension_level":0}