{"gold_per_floor":[118,128,128,145,145,145,171,171,196,196],"floor_reached":10,"playtime":312,"items_purged":[],"score":132,"play_id":"d993ffb7-1e8b-494d-8841-f533c00a1742","local_time":"20190624115002","is_ascension_mode":true,"campfire_choices":[{"data":"Footwork","floor":6.0,"key":"SMITH"},{"floor":8.0,"key":"REST"}],"neow_cost":"NONE","seed_source_timestamp":1066891744278310,"circlet_count":0,"master_deck":["AscendersBane","Defend_G+1","Defend_G","Defend_G","Defend_G+1","Defend_G","Strike_G","Strike_G","Strike_G","Strike_G","Survivor","Neutralize","Footwork+1","Quick Slash","Bullet Time"],"special_seed":0,"relics":["Ring of the Snake","Bag of Preparation","War Paint"],"potions_floor_usage":[],"damage_taken":[{"damage":1.0,"enemies":"Small Slimes","floor":1.0,"turns":4.0},{"damage":5.0,"enemies":"Cultist","floor":2.0,"turns":6.0},{"damage":3.0,"enemies":"2 Louse","floor":4.0,"turns":5.0},{"damage":25.0,"enemies":"Gremlin Nob","floor":7.0,"turns":4.0},{"damage":39,"enemies":"3 Sentries","floor":10,"turns":10}],"seed_played":"-9192830220793040301","potions_obtained":[{"floor":0.0,"key":"SkillPotion"},{"floor":0.0,"key":"Energy Potion"},{"floor":2.0,"key":"Strength Potion"}],"is_trial":false,"path_per_floor":["M","M","?","M","$","R","E","R","T","E"],"character_chosen":"THE_SILENT","items_purchased":[],"campfire_rested":1,"item_purchase_floors":[],"current_hp_per_floor":[58,53,53,50,50,50,25,44,44,5],"gold":196,"neow_bonus":"THREE_SMALL_POTIONS","is_prod":false,"is_daily":false,"chose_seed":false,"campfire_upgraded":1,"win_rate":0,"timestamp":1561391402,"path_taken":["M","M","?","M","?","R","E","R","T","E"],"build_version":"2019-01-23","purchased_purges":0,"victory":false,"max_hp_per_floor":[66,66,66,66,66,66,66,66,66,66],"card_choices":[{"not_picked":["Backflip","Slice"],"picked":"Footwork","floor":1.0},{"not_picked":["Tactician","Dodge and Roll"],"picked":"Quick Slash","floor":2.0},{"not_picked":["Caltrops","Dodge and Roll","Flying Knee"],"picked":"SKIP","floor":4.0},{"not_picked":["Poisoned Stab","Dodge and Roll"],"picked":"Bullet Time","floor":7.0}],"player_experience":889964,"relics_obtained":[{"floor":7.0,"key":"Bag of Preparation"},{"floor":9.0,"key":"War Paint"}],"event_choices":[{"cards_removed":["Strike_G"],"damage_healed":0.0,"max_hp_gain":0.0,"max_hp_loss":0.0,"gold_gain":0.0,"event_name":"Bonfire Elementals","player_choice":"Offered Basic","floor":3.0,"gold_loss":0.0,"damage_taken":0.0}],"is_beta":false,"boss_relics":[],"items_purged_floors":[],"is_endless":false,"potions_floor_spawned":[2],"killed_by":"3 Sentries","ascension_level":20}