{"gold_per_floor":[114,114,114,289,304,339,339,352,352,368,368,399,416,449,449,550,550,569,494,494,514,370,405,416,416,416,103,103,122,122,132,132,237,237,254,254,271,291,291],"floor_reached":39,"playtime":2340,"items_purged":[],"score":471,"play_id":"bc36995a-41b0-424f-b29b-9b4905a113f6","local_time":"20190206191528","is_ascension_mode":false,"campfire_choices":[{"data":"Perfected Strike","floor":7,"key":"SMITH"},{"data":"Infernal Blade","floor":11,"key":"SMITH"},{"floor":15,"key":"REST"},{"floor":25,"key":"REST"},{"data":"Feed","floor":28,"key":"SMITH"},{"floor":30,"key":"REST"},{"data":"Shockwave","floor":32,"key":"SMITH"}],"neow_cost":"NONE","seed_source_timestamp":916083187486,"circlet_count":0,"master_deck":["Strike_R+1","Strike_R","Strike_R","Strike_R","Strike_R","Defend_R","Defend_R","Defend_R","Defend_R+1","Bash+1","Cleave+1","Perfected Strike+1","Infernal Blade+1","Shockwave+1","Feed+1","Perfected Strike+1","Blood for Blood+1","Flex+1","Combust+1","Perfected Strike+1"],"relics":["Burning Blood","NeowsBlessing","Turnip","Paper Frog","Unceasing Top","Blood Vial","Bag of Marbles","Whetstone","Smiling Mask","Ginger","White Beast Statue"],"potions_floor_usage":[12,13,16,33],"damage_taken":[{"damage":0,"enemies":"Jaw Worm","floor":1,"turns":1},{"damage":0,"enemies":"Small Slimes","floor":5,"turns":1},{"damage":0,"enemies":"3 Sentries","floor":6,"turns":1},{"damage":0,"enemies":"Cultist","floor":8,"turns":2},{"damage":14,"enemies":"Blue Slaver","floor":10,"turns":3},{"damage":16,"enemies":"Lagavulin","floor":12,"turns":5},{"damage":0,"enemies":"Gremlin Gang","floor":13,"turns":3},{"damage":28,"enemies":"Gremlin Nob","floor":14,"turns":5},{"damage":46,"enemies":"The Guardian","floor":16,"turns":12},{"damage":15,"enemies":"3 Byrds","floor":18,"turns":6},{"damage":23,"enemies":"2 Thieves","floor":21,"turns":3},{"damage":24,"enemies":"Slavers","floor":23,"turns":4},{"damage":21,"enemies":"Cultist and Chosen","floor":24,"turns":5},{"damage":13,"enemies":"Centurion and Healer","floor":29,"turns":4},{"damage":12,"enemies":"Snecko","floor":31,"turns":3},{"damage":58,"enemies":"Collector","floor":33,"turns":6},{"damage":40,"enemies":"3 Darklings","floor":35,"turns":8},{"damage":9,"enemies":"3 Shapes","floor":37,"turns":3},{"damage":36,"enemies":"Maw","floor":38,"turns":5},{"damage":41,"enemies":"Sphere and 2 Shapes","floor":39,"turns":3}],"seed_played":"2747162744465477528","potions_obtained":[{"floor":8,"key":"Block Potion"},{"floor":10,"key":"AttackPotion"},{"floor":14,"key":"EssenceOfSteel"},{"floor":18,"key":"SneckoOil"},{"floor":23,"key":"LiquidBronze"},{"floor":35,"key":"AttackPotion"},{"floor":37,"key":"SpeedPotion"},{"floor":38,"key":"Ancient Potion"}],"is_trial":false,"path_per_floor":["M","?","$","?","M","E","R","M","T","M","R","E","M","E","R","B",null,"M","?","?","M","$","E","M","R","T","$","R","M","R","M","R","B",null,"M","?","M","M","M"],"character_chosen":"IRONCLAD","items_purchased":["Bag of Marbles","Ginger"],"campfire_rested":3,"item_purchase_floors":[22,27],"current_hp_per_floor":[80,64,64,64,70,76,76,80,80,72,72,62,68,46,70,32,80,71,71,71,59,59,46,33,58,58,58,58,57,84,80,80,30,90,56,56,59,31,0],"gold":291,"neow_bonus":"THREE_ENEMY_KILL","is_prod":false,"is_daily":false,"chose_seed":false,"campfire_upgraded":4,"win_rate":0,"timestamp":1549440928,"path_taken":["M","?","$","?","M","E","R","M","T","?","R","E","M","E","R","BOSS","M","?","?","?","$","E","M","R","T","$","R","M","R","M","R","BOSS","M","?","?","?","M"],"build_version":"2019-01-23","purchased_purges":0,"victory":false,"max_hp_per_floor":[80,80,80,80,80,80,80,80,80,80,80,80,80,80,80,80,80,80,80,80,83,83,86,86,86,86,86,86,90,90,90,90,90,90,90,90,94,94,98],"card_choices":[{"not_picked":["Flex","Sentinel"],"picked":"Cleave","floor":1},{"not_picked":["Shrug It Off","Thunderclap"],"picked":"Perfected Strike","floor":5},{"not_picked":["Iron Wave","Armaments","Havoc"],"picked":"SKIP","floor":6},{"not_picked":["Metallicize","Iron Wave"],"picked":"Infernal Blade","floor":8},{"not_picked":["Clash","Combust","True Grit"],"picked":"SKIP","floor":10},{"not_picked":["Thunderclap","Barricade","Clash"],"picked":"SKIP","floor":12},{"not_picked":["Power Through","Clash","Wild Strike"],"picked":"SKIP","floor":13},{"not_picked":["Heavy Blade","Wild Strike"],"picked":"Shockwave","floor":14},{"not_picked":["Reaper","Bludgeon"],"picked":"Feed","floor":16},{"not_picked":["Clothesline","Havoc"],"picked":"Perfected Strike+1","floor":18},{"not_picked":["Cleave+1","Brutality"],"picked":"Blood for Blood+1","floor":21},{"not_picked":["Thunderclap+1","Havoc"],"picked":"Flex+1","floor":23},{"not_picked":["Ghostly Armor","Sentinel"],"picked":"Combust+1","floor":24},{"not_picked":["Shockwave","Fire Breathing+1","Warcry"],"picked":"SKIP","floor":29},{"not_picked":["Dark Embrace","True Grit+1","Thunderclap"],"picked":"SKIP","floor":31},{"not_picked":["Carnage+1","Disarm+1"],"picked":"Perfected Strike+1","floor":35},{"not_picked":["Dual Wield+1","Body Slam","Disarm"],"picked":"SKIP","floor":37},{"not_picked":["Thunderclap","Uppercut","Hemokinesis+1"],"picked":"SKIP","floor":38}],"player_experience":141970,"relics_obtained":[{"floor":6,"key":"Turnip"},{"floor":9,"key":"Paper Frog"},{"floor":12,"key":"Unceasing Top"},{"floor":14,"key":"Blood Vial"},{"floor":23,"key":"Whetstone"},{"floor":26,"key":"Smiling Mask"}],"event_choices":[{"damage_healed":0,"gold_gain":0,"player_choice":"Entered Light","damage_taken":16,"max_hp_gain":0,"max_hp_loss":0,"event_name":"Shining Light","floor":2,"gold_loss":0,"cards_upgraded":["Defend_R","Bash"]},{"damage_healed":0,"gold_gain":175,"player_choice":"AGREE","damage_taken":0,"max_hp_gain":0,"max_hp_loss":0,"event_name":"Liars Game","floor":4,"gold_loss":0,"cards_obtained":["Doubt"]},{"cards_removed":["Doubt"],"damage_healed":0,"gold_gain":0,"player_choice":"Gave Gold","damage_taken":0,"max_hp_gain":0,"max_hp_loss":0,"event_name":"Beggar","floor":19,"gold_loss":75},{"damage_healed":0,"gold_gain":0,"player_choice":"Ignored","damage_taken":0,"max_hp_gain":0,"max_hp_loss":0,"event_name":"Purifier","floor":20,"gold_loss":0},{"damage_healed":0,"gold_gain":0,"player_choice":"Ignored","damage_taken":0,"max_hp_gain":0,"max_hp_loss":0,"event_name":"Purifier","floor":36,"gold_loss":0}],"is_beta":false,"boss_relics":[{"not_picked":["Astrolabe","Philosopher\u0027s Stone","Snecko Eye"]},{"not_picked":["Empty Cage","Mark of Pain"],"picked":"White Beast Statue"}],"items_purged_floors":[],"is_endless":false,"potions_floor_spawned":[8,10,14,18,23,35,37,38],"killed_by":"Sphere and 2 Shapes","ascension_level":0}