{"gold_per_floor":[114,114,131,131,141,141,156,156,181,200,275,291,60,95,95,198,198,172,184,195,195,211,211,227,227,227,239,255,280,33,33,33,33],"floor_reached":33,"playtime":3648,"items_purged":["Strike_G","Strike_G"],"score":273,"play_id":"65dbf4ab-a7bc-4a41-ac7a-9db9f11e9cca","local_time":"20190428191733","is_ascension_mode":false,"campfire_choices":[{"data":"Catalyst","floor":8,"key":"SMITH"},{"floor":15,"key":"REST"},{"floor":23,"key":"REST"},{"floor":25,"key":"REST"},{"floor":32,"key":"REST"}],"neow_cost":"NONE","seed_source_timestamp":13259213892702,"circlet_count":0,"master_deck":["Defend_G","Defend_G","Defend_G","Defend_G","Defend_G","Survivor","Neutralize","Bouncing Flask","Quick Slash","Dodge and Roll","Catalyst+1","Slice","Deflect","Slice","Poisoned Stab","Swift Strike","Adrenaline","Unload","PiercingWail","Endless Agony","Noxious Fumes+1","Writhe","Slice+1","Dash","Backstab","Storm of Steel"],"relics":["Ring of the Snake","Vajra","Blood Vial","WristBlade","Bronze Scales","Gremlin Horn","Regal Pillow"],"potions_floor_usage":[16,16,29,31],"damage_taken":[{"damage":0,"enemies":"2 Louse","floor":1,"turns":5},{"damage":1,"enemies":"Cultist","floor":3,"turns":4},{"damage":0,"enemies":"Small Slimes","floor":5,"turns":3},{"damage":0,"enemies":"Blue Slaver","floor":7,"turns":6},{"damage":6,"enemies":"2 Fungi Beasts","floor":10,"turns":8},{"damage":4,"enemies":"Lots of Slimes","floor":12,"turns":7},{"damage":19,"enemies":"3 Sentries","floor":14,"turns":11},{"damage":7,"enemies":"Hexaghost","floor":16,"turns":7},{"damage":12,"enemies":"2 Thieves","floor":18,"turns":5},{"damage":2,"enemies":"Shell Parasite","floor":19,"turns":4},{"damage":45,"enemies":"Sentry and Sphere","floor":20,"turns":10},{"damage":9,"enemies":"Snake Plant","floor":22,"turns":3},{"damage":10,"enemies":"3 Cultists","floor":24,"turns":6},{"damage":5,"enemies":"Chosen and Byrds","floor":27,"turns":4},{"damage":23,"enemies":"Shelled Parasite and Fungi","floor":28,"turns":4},{"damage":22,"enemies":"Book of Stabbing","floor":29,"turns":4},{"damage":12,"enemies":"Centurion and Healer","floor":31,"turns":4},{"damage":40,"enemies":"Automaton","floor":33,"turns":6}],"seed_played":"-269019903133659797","potions_obtained":[{"floor":3,"key":"FearPotion"},{"floor":5,"key":"FearPotion"},{"floor":12,"key":"Fire Potion"},{"floor":19,"key":"Energy Potion"},{"floor":22,"key":"SmokeBomb"},{"floor":28,"key":"Regen Potion"}],"is_trial":false,"path_per_floor":["M","?","M","?","M","?","M","R","T","M","?","M","$","E","R","B",null,"M","M","M","?","M","R","M","R","T","M","M","E","$","M","R","B"],"character_chosen":"THE_SILENT","items_purchased":["Slice","Poisoned Stab","Swift Strike","Storm of Steel"],"campfire_rested":4,"item_purchase_floors":[13,13,13,30],"current_hp_per_floor":[70,70,69,69,69,62,62,62,62,56,49,45,45,26,47,42,70,58,58,15,15,8,29,21,42,42,39,18,12,12,2,38,0],"gold":33,"neow_bonus":"REMOVE_CARD","is_prod":false,"is_daily":false,"chose_seed":false,"campfire_upgraded":1,"win_rate":0.0,"timestamp":1556493453,"path_taken":["M","?","?","?","M","?","M","R","T","M","?","M","$","E","R","BOSS","M","M","?","?","M","R","M","R","T","M","M","E","$","M","R","BOSS"],"build_version":"2019-01-23","purchased_purges":2,"victory":false,"max_hp_per_floor":[70,70,70,70,70,70,70,70,70,70,70,70,70,70,70,70,70,70,70,70,70,70,70,70,70,70,70,70,70,70,70,70,70],"card_choices":[{"not_picked":["Deflect","Bane"],"picked":"Bouncing Flask","floor":1},{"not_picked":["Underhanded Strike","Deflect"],"picked":"Quick Slash","floor":3},{"not_picked":["Dagger Throw","Outmaneuver"],"picked":"Dodge and Roll","floor":5},{"not_picked":["PiercingWail","Concentrate"],"picked":"Catalyst","floor":7},{"not_picked":["Outmaneuver","Reflex"],"picked":"Slice","floor":10},{"not_picked":["Dagger Spray","Backflip"],"picked":"Deflect","floor":12},{"not_picked":["Phantasmal Killer","Quick Slash"],"picked":"Adrenaline","floor":14},{"not_picked":["Burst","Venomology"],"picked":"Unload","floor":16},{"not_picked":["Accuracy+1","Sucker Punch"],"picked":"PiercingWail","floor":18},{"not_picked":["PiercingWail","Predator"],"picked":"Endless Agony","floor":19},{"not_picked":["Deflect","Backflip"],"picked":"Noxious Fumes+1","floor":20},{"not_picked":["Prepared","Dagger Throw+1"],"picked":"Slice+1","floor":22},{"not_picked":["Catalyst","Dagger Throw","Flying Knee"],"picked":"SKIP","floor":24},{"not_picked":["Skewer","Quick Slash"],"picked":"Dash","floor":27},{"not_picked":["Predator","Acrobatics+1","Well Laid Plans"],"picked":"SKIP","floor":28},{"not_picked":["Quick Slash","Corpse Explosion"],"picked":"Backstab","floor":29}],"player_experience":113917,"relics_obtained":[{"floor":9,"key":"Vajra"},{"floor":14,"key":"Blood Vial"},{"floor":26,"key":"Gremlin Horn"},{"floor":29,"key":"Regal Pillow"}],"event_choices":[{"cards_removed":["Strike_G"],"damage_healed":0,"gold_gain":0,"player_choice":"Offered Basic","damage_taken":0,"max_hp_gain":0,"max_hp_loss":0,"event_name":"Bonfire Elementals","floor":2,"gold_loss":0},{"damage_healed":0,"gold_gain":0,"player_choice":"Ignored","damage_taken":0,"max_hp_gain":0,"max_hp_loss":0,"event_name":"Liars Game","floor":4,"gold_loss":0},{"cards_removed":["Strike_G"],"damage_healed":0,"gold_gain":0,"player_choice":"Card Removal","damage_taken":7,"max_hp_gain":0,"max_hp_loss":0,"event_name":"Golden Wing","floor":6,"gold_loss":0},{"damage_healed":0,"gold_gain":75,"player_choice":"Touch","damage_taken":7,"max_hp_gain":0,"max_hp_loss":0,"event_name":"FaceTrader","floor":11,"gold_loss":0},{"damage_healed":0,"gold_gain":0,"player_choice":"Opened","damage_taken":0,"relics_obtained":["Bronze Scales"],"max_hp_gain":0,"max_hp_loss":0,"event_name":"The Mausoleum","floor":21,"gold_loss":0,"cards_obtained":["Writhe"]}],"is_beta":false,"boss_relics":[{"not_picked":["Calling Bell","Eternal Feather"],"picked":"WristBlade"}],"items_purged_floors":[13,30],"is_endless":false,"potions_floor_spawned":[3,5,12,14,19,22,27,28,31],"killed_by":"Automaton","ascension_level":0}