{"gold_per_floor":[117,117,136,150,150,150,161,126,150,150,166,16,43,43,43,148,198,214,214,230,230,246,246,246],"floor_reached":24,"playtime":1060,"items_purged":[],"score":206,"play_id":"9c2ca24a-66a6-4750-af49-2577a07e06d5","local_time":"20190416182605","is_ascension_mode":true,"campfire_choices":[{"floor":6,"key":"REST"},{"data":"Static Discharge","floor":10,"key":"SMITH"},{"floor":15,"key":"REST"},{"floor":23,"key":"REST"}],"neow_cost":"NONE","seed_source_timestamp":514924401600242,"circlet_count":0,"master_deck":["Strike_B+1","Strike_B","Strike_B","Strike_B+1","Defend_B","Defend_B+1","Defend_B","Defend_B+1","Zap+1","Dualcast","Defragment","Static Discharge+1","Sweeping Beam","Capacitor","Machine Learning","Sweeping Beam+1"],"relics":["Cracked Core","NeowsBlessing","Bag of Marbles","Whetstone","War Paint","Juzu Bracelet","Tiny House"],"potions_floor_usage":[16],"damage_taken":[{"damage":0,"enemies":"Small Slimes","floor":1,"turns":1},{"damage":0,"enemies":"Cultist","floor":3,"turns":1},{"damage":0,"enemies":"2 Louse","floor":4,"turns":1},{"damage":11,"enemies":"Large Slime","floor":7,"turns":5},{"damage":15,"enemies":"Exordium Thugs","floor":11,"turns":3},{"damage":29,"enemies":"Lagavulin","floor":13,"turns":5},{"damage":30,"enemies":"Slime Boss","floor":16,"turns":8},{"damage":27,"enemies":"Shell Parasite","floor":18,"turns":7},{"damage":21,"enemies":"Chosen","floor":20,"turns":5},{"damage":27,"enemies":"3 Cultists","floor":22,"turns":3},{"damage":38,"enemies":"Slavers","floor":24,"turns":3}],"seed_played":"2631238697824565574","potions_obtained":[{"floor":1,"key":"LiquidBronze"},{"floor":3,"key":"Fire Potion"},{"floor":13,"key":"SpeedPotion"},{"floor":17,"key":"Strength Potion"}],"is_trial":false,"path_per_floor":["M","?","M","M","?","R","M","?","T","R","M","$","E","$","R","B",null,"M","?","M","?","M","R","E"],"character_chosen":"DEFECT","items_purchased":["War Paint"],"campfire_rested":3,"item_purchase_floors":[12],"current_hp_per_floor":[75,75,75,75,42,64,53,71,71,71,56,56,27,27,49,19,80,53,53,32,32,5,29,0],"gold":246,"neow_bonus":"THREE_ENEMY_KILL","is_prod":false,"is_daily":false,"chose_seed":false,"campfire_upgraded":1,"win_rate":0,"timestamp":1555403165,"path_taken":["M","?","?","?","?","R","M","?","T","R","?","$","E","$","R","BOSS","M","?","M","?","M","R","E"],"build_version":"2019-01-23","purchased_purges":0,"victory":false,"max_hp_per_floor":[75,75,75,75,75,75,75,75,75,75,75,75,75,75,75,75,80,80,80,80,80,80,80,80],"card_choices":[{"not_picked":["Chaos","Tempest"],"picked":"Defragment","floor":1},{"not_picked":["Go for the Eyes","Leap"],"picked":"Static Discharge","floor":3},{"not_picked":["Rip and Tear","Aggregate","Coolheaded"],"picked":"SKIP","floor":4},{"not_picked":["Fusion","Rebound","Go for the Eyes"],"picked":"SKIP","floor":7},{"not_picked":["Coolheaded","Rainbow"],"picked":"Sweeping Beam","floor":11},{"not_picked":["Consume","Gash"],"picked":"Capacitor","floor":13},{"not_picked":["Hyperbeam","Meteor Strike"],"picked":"Machine Learning","floor":16},{"not_picked":["Sweeping Beam","Fusion"],"picked":"Self Repair","floor":18},{"not_picked":["Reinforced Body","Barrage+1"],"picked":"Sweeping Beam+1","floor":20},{"not_picked":["Stack","Aggregate","Redo"],"picked":"SKIP","floor":22}],"player_experience":306970,"relics_obtained":[{"floor":9,"key":"Whetstone"},{"floor":13,"key":"Juzu Bracelet"}],"event_choices":[{"damage_healed":0,"gold_gain":0,"player_choice":"Bought 0 Potions","damage_taken":0,"max_hp_gain":0,"max_hp_loss":0,"event_name":"The Woman in Blue","floor":2,"gold_loss":0},{"damage_healed":0,"gold_gain":0,"player_choice":"Success","damage_taken":33,"relics_obtained":["Bag of Marbles"],"max_hp_gain":0,"max_hp_loss":0,"event_name":"Scrap Ooze","floor":5,"gold_loss":0},{"damage_healed":18,"gold_gain":0,"player_choice":"Healed","damage_taken":0,"max_hp_gain":0,"max_hp_loss":0,"event_name":"The Cleric","floor":8,"gold_loss":35},{"damage_healed":0,"gold_gain":0,"cards_transformed":["Self Repair"],"player_choice":"Transformed","damage_taken":0,"max_hp_gain":0,"max_hp_loss":0,"event_name":"Transmorgrifier","floor":19,"gold_loss":0,"cards_obtained":["Hyperbeam"]},{"cards_removed":["Hyperbeam"],"damage_healed":0,"gold_gain":0,"player_choice":"Elegance","damage_taken":0,"max_hp_gain":0,"max_hp_loss":0,"event_name":"Back to Basics","floor":21,"gold_loss":0}],"is_beta":false,"boss_relics":[{"not_picked":["Snecko Eye","Eternal Feather"],"picked":"Tiny House"}],"items_purged_floors":[],"is_endless":false,"potions_floor_spawned":[1,3,13,18],"killed_by":"Slavers","ascension_level":1}