{"gold_per_floor":[110,124,124,140,157,157,187,187,241,269,279,312,323,335,335,433,433,445,445,475,488,99,99,125,125,125,140,156,156,188,200,200,200],"floor_reached":33,"playtime":1528,"items_purged":["Writhe"],"score":343,"play_id":"5fc6e336-8333-444c-956d-c574d52ddd69","local_time":"20190206213922","is_ascension_mode":true,"campfire_choices":[{"data":"Metallicize","floor":6,"key":"SMITH"},{"data":"Immolate","floor":8,"key":"SMITH"},{"floor":15,"key":"REST"},{"floor":23,"key":"REST"},{"floor":25,"key":"REST"},{"floor":29,"key":"REST"},{"floor":32,"key":"REST"}],"neow_cost":"NONE","seed_source_timestamp":10363927909132,"circlet_count":0,"master_deck":["Strike_R","Strike_R","Strike_R","Strike_R","Strike_R","Defend_R","Defend_R","Defend_R","Defend_R","Bash","Twin Strike+1","Twin Strike","Metallicize+1","Pommel Strike","Immolate+1","Rampage","Inflame","RitualDagger","Inflame","Flex+1"],"relics":["Burning Blood","Bottled Lightning","Smiling Mask","Oddly Smooth Stone","Red Skull","Lizard Tail","Tiny Chest","Meat on the Bone","Red Mask","Ice Cream","Pear"],"potions_floor_usage":[10,16,24,33],"damage_taken":[{"damage":0,"enemies":"2 Louse","floor":1,"turns":3},{"damage":6,"enemies":"Cultist","floor":2,"turns":3},{"damage":7,"enemies":"Jaw Worm","floor":4,"turns":2},{"damage":14,"enemies":"Blue Slaver","floor":5,"turns":4},{"damage":29,"enemies":"Gremlin Nob","floor":7,"turns":5},{"damage":9,"enemies":"Lagavulin","floor":10,"turns":5},{"damage":0,"enemies":"3 Louse","floor":11,"turns":1},{"damage":20,"enemies":"Gremlin Nob","floor":12,"turns":4},{"damage":6,"enemies":"2 Fungi Beasts","floor":13,"turns":2},{"damage":5,"enemies":"Looter","floor":14,"turns":2},{"damage":29,"enemies":"Hexaghost","floor":16,"turns":8},{"damage":11,"enemies":"Spheric Guardian","floor":18,"turns":3},{"damage":42,"enemies":"Shell Parasite","floor":21,"turns":5},{"damage":32,"enemies":"Masked Bandits","floor":24,"turns":3},{"damage":46,"enemies":"Snake Plant","floor":27,"turns":5},{"damage":30,"enemies":"Snecko","floor":28,"turns":4},{"damage":65,"enemies":"Book of Stabbing","floor":30,"turns":5},{"damage":32,"enemies":"Centurion and Healer","floor":31,"turns":6},{"damage":88,"enemies":"Champ","floor":33,"turns":9}],"seed_played":"4270214842412042703","potions_obtained":[{"floor":2,"key":"Dexterity Potion"},{"floor":4,"key":"Explosive Potion"},{"floor":7,"key":"Strength Potion"},{"floor":12,"key":"SkillPotion"},{"floor":18,"key":"SneckoOil"},{"floor":30,"key":"FearPotion"}],"is_trial":false,"path_per_floor":["M","M","?","M","M","R","E","R","T","E","M","E","M","M","R","B",null,"M","?","?","M","$","R","?","R","T","M","M","R","E","M","R","B"],"character_chosen":"IRONCLAD","items_purchased":["Meat on the Bone","Inflame"],"campfire_rested":5,"item_purchase_floors":[22,22],"current_hp_per_floor":[88,88,88,87,79,79,56,56,56,53,59,45,45,46,72,49,88,83,77,77,41,41,67,53,79,79,51,39,65,72,58,87,0],"gold":200,"neow_bonus":"TEN_PERCENT_HP_BONUS","is_prod":false,"is_daily":false,"chose_seed":false,"campfire_upgraded":2,"win_rate":0,"timestamp":1549449562,"path_taken":["M","M","?","M","M","R","E","R","T","E","M","E","M","?","R","BOSS","M","?","?","M","$","R","?","R","T","M","M","R","E","M","R","BOSS"],"build_version":"2019-01-23","purchased_purges":1,"victory":false,"max_hp_per_floor":[88,88,88,88,88,88,88,88,88,88,88,88,88,88,88,88,88,88,88,88,88,88,88,88,88,88,88,88,88,98,98,98,98],"card_choices":[{"not_picked":["Body Slam","Clash"],"picked":"Twin Strike","floor":1},{"not_picked":["Anger","Clash"],"picked":"Twin Strike","floor":2},{"not_picked":["Clothesline","Shrug It Off"],"picked":"Metallicize","floor":4},{"not_picked":["Sentinel","Sword Boomerang"],"picked":"Pommel Strike","floor":5},{"not_picked":["Dropkick","Warcry"],"picked":"Immolate","floor":7},{"not_picked":["Wild Strike","Berserk","Thunderclap"],"picked":"SKIP","floor":10},{"not_picked":["Power Through","Clash","Wild Strike"],"picked":"SKIP","floor":11},{"not_picked":["Flex","Battle Trance"],"picked":"Rampage","floor":12},{"not_picked":["Shockwave","Perfected Strike"],"picked":"Inflame","floor":13},{"not_picked":["Blood for Blood","Sever Soul","Thunderclap"],"picked":"SKIP","floor":14},{"not_picked":["Uppercut+1","Bloodletting","Pommel Strike"],"picked":"SKIP","floor":18},{"not_picked":["Shockwave","Power Through","Wild Strike"],"picked":"SKIP","floor":21},{"not_picked":["Carnage","Twin Strike","Warcry+1"],"picked":"SKIP","floor":27},{"not_picked":["Clash","Warcry"],"picked":"Flex+1","floor":28},{"not_picked":["Iron Wave+1","Shrug It Off","Whirlwind+1"],"picked":"SKIP","floor":30},{"not_picked":["True Grit","Entrench","Anger"],"picked":"SKIP","floor":31}],"player_experience":146560,"relics_obtained":[{"floor":7,"key":"Bottled Lightning"},{"floor":9,"key":"Smiling Mask"},{"floor":10,"key":"Oddly Smooth Stone"},{"floor":12,"key":"Red Skull"},{"floor":24,"key":"Red Mask"},{"floor":26,"key":"Ice Cream"},{"floor":30,"key":"Pear"}],"event_choices":[{"damage_healed":0,"gold_gain":0,"player_choice":"Upgraded","damage_taken":0,"max_hp_gain":0,"max_hp_loss":0,"event_name":"Upgrade Shrine","floor":3,"gold_loss":0,"cards_upgraded":["Twin Strike"]},{"damage_healed":0,"gold_gain":0,"player_choice":"Joined the Cult","damage_taken":6,"max_hp_gain":0,"max_hp_loss":0,"event_name":"Nest","floor":19,"gold_loss":0,"cards_obtained":["RitualDagger"]},{"damage_healed":0,"gold_gain":0,"player_choice":"Opened","damage_taken":0,"relics_obtained":["Tiny Chest"],"max_hp_gain":0,"max_hp_loss":0,"event_name":"The Mausoleum","floor":20,"gold_loss":0,"cards_obtained":["Writhe"]},{"damage_healed":0,"gold_gain":0,"player_choice":"Fought Bandits","damage_taken":0,"max_hp_gain":0,"max_hp_loss":0,"event_name":"Masked Bandits","floor":24,"gold_loss":0}],"is_beta":false,"boss_relics":[{"not_picked":["Tiny House","Runic Pyramid"],"picked":"Lizard Tail"}],"items_purged_floors":[22],"is_endless":false,"potions_floor_spawned":[2,4,7,12,13,18,30],"killed_by":"Champ","ascension_level":2}