{"gold_per_floor":[109,109,109,133,58,58,99,114,114,127,152,167,167,191,191,312,312,328,228,228,228,244,305,305,305],"floor_reached":25,"playtime":1338,"items_purged":["Pain","Injury"],"score":245,"play_id":"775bccc9-68db-443c-8e6b-cba82fe38bf6","local_time":"20190417214938","is_ascension_mode":true,"campfire_choices":[{"data":"Backflip","floor":6,"key":"SMITH"},{"floor":15,"key":"REST"},{"floor":24,"key":"REST"}],"neow_cost":"NONE","seed_source_timestamp":613262485792928,"circlet_count":0,"master_deck":["Defend_G+1","Defend_G+1","Defend_G+1","Defend_G+1","Defend_G+1","Strike_G+1","Strike_G+1","Strike_G+1","Strike_G+1","Survivor","Neutralize","Die Die Die","Backflip+1","Cloak And Dagger","Flying Knee","Blur","Deflect","Finisher","Burst"],"relics":["Ring of the Snake","Golden Idol","WarpedTongs","Centennial Puzzle","Bottled Flame","WristBlade","Tiny Chest"],"potions_floor_usage":[7,18,23,25,25],"damage_taken":[{"damage":0,"enemies":"2 Louse","floor":1,"turns":2},{"damage":2,"enemies":"Cultist","floor":4,"turns":4},{"damage":10,"enemies":"Lagavulin","floor":7,"turns":5},{"damage":4,"enemies":"Jaw Worm","floor":8,"turns":2},{"damage":3,"enemies":"Blue Slaver","floor":10,"turns":3},{"damage":0,"enemies":"Exordium Thugs","floor":11,"turns":4},{"damage":8,"enemies":"Exordium Wildlife","floor":12,"turns":3},{"damage":0,"enemies":"2 Fungi Beasts","floor":14,"turns":2},{"damage":43,"enemies":"Slime Boss","floor":16,"turns":14},{"damage":18,"enemies":"2 Thieves","floor":18,"turns":5},{"damage":10,"enemies":"Spheric Guardian","floor":22,"turns":4},{"damage":30,"enemies":"Slavers","floor":23,"turns":5},{"damage":39,"enemies":"Gremlin Leader","floor":25,"turns":5}],"seed_played":"-4948288573462995481","potions_obtained":[{"floor":4,"key":"Strength Potion"},{"floor":11,"key":"SkillPotion"},{"floor":12,"key":"LiquidBronze"},{"floor":16,"key":"Strength Potion"},{"floor":22,"key":"SteroidPotion"},{"floor":23,"key":"Fruit Juice"}],"is_trial":false,"path_per_floor":["M","?","?","M","$","R","E","M","T","M","M","M","?","M","R","B",null,"M","$","?","$","M","E","R","E"],"character_chosen":"THE_SILENT","items_purchased":[],"campfire_rested":2,"item_purchase_floors":[],"current_hp_per_floor":[70,70,70,68,68,68,58,54,54,51,51,43,29,29,50,7,70,52,52,52,52,42,12,33,0],"gold":305,"neow_bonus":"TRANSFORM_CARD","is_prod":false,"is_daily":false,"chose_seed":false,"campfire_upgraded":1,"win_rate":0,"timestamp":1555501778,"path_taken":["M","?","?","?","$","R","E","M","T","M","?","M","?","M","R","BOSS","M","$","?","?","M","E","R","E"],"build_version":"2019-01-23","purchased_purges":2,"victory":false,"max_hp_per_floor":[70,70,70,70,70,70,70,70,70,70,70,70,70,70,70,70,70,70,70,70,70,70,70,70,75],"card_choices":[{"not_picked":["Outmaneuver","Catalyst"],"picked":"Backflip","floor":1},{"not_picked":["Skewer","Quick Slash"],"picked":"Cloak And Dagger","floor":4},{"not_picked":["Outmaneuver","Prepared"],"picked":"Flying Knee","floor":7},{"not_picked":["Slice","Expertise","Sucker Punch"],"picked":"SKIP","floor":8},{"not_picked":["Bane","Slice"],"picked":"Blur","floor":10},{"not_picked":["Dagger Spray","Deadly Poison"],"picked":"Deflect","floor":11},{"not_picked":["Outmaneuver","Predator"],"picked":"Finisher","floor":12},{"not_picked":["Bouncing Flask","Footwork","Prepared"],"picked":"SKIP","floor":14},{"not_picked":["Dodge and Roll","Concentrate","Slice"],"picked":"SKIP","floor":18},{"not_picked":["Flechettes","Flying Knee+1","Dagger Spray"],"picked":"SKIP","floor":22},{"not_picked":["Deadly Poison","Footwork+1"],"picked":"Burst","floor":23}],"player_experience":314832,"relics_obtained":[{"floor":7,"key":"Centennial Puzzle"},{"floor":9,"key":"Bottled Flame"},{"floor":23,"key":"Tiny Chest"}],"event_choices":[{"damage_healed":0,"gold_gain":0,"player_choice":"Take Wound","damage_taken":0,"relics_obtained":["Golden Idol"],"max_hp_gain":0,"max_hp_loss":0,"event_name":"Golden Idol","floor":2,"gold_loss":0,"cards_obtained":["Injury"]},{"damage_healed":0,"gold_gain":0,"player_choice":"Rummage","damage_taken":0,"relics_obtained":["WarpedTongs"],"max_hp_gain":0,"max_hp_loss":0,"event_name":"Accursed Blacksmith","floor":3,"gold_loss":0,"cards_obtained":["Pain"]},{"damage_healed":0,"gold_gain":0,"player_choice":"Entered Light","damage_taken":14,"max_hp_gain":0,"max_hp_loss":0,"event_name":"Shining Light","floor":13,"gold_loss":0,"cards_upgraded":["Strike_G","Defend_G"]},{"damage_healed":0,"gold_gain":0,"player_choice":"Simplicity","damage_taken":0,"max_hp_gain":0,"max_hp_loss":0,"event_name":"Back to Basics","floor":20,"gold_loss":0,"cards_upgraded":["Defend_G","Defend_G","Defend_G","Defend_G","Strike_G","Strike_G","Strike_G"]}],"is_beta":false,"boss_relics":[{"not_picked":["White Beast Statue","Cursed Key"],"picked":"WristBlade"}],"items_purged_floors":[5,19],"is_endless":false,"potions_floor_spawned":[4,11,12,16,22,23],"killed_by":"Gremlin Leader","ascension_level":2}