{"gold_per_floor":[115,265,190,190,94,94,64,93,93,122,136,136,149,164,164,242,242,256,106,126,126],"floor_reached":21,"playtime":821,"items_purged":["Strike_G"],"score":374,"play_id":"664aa7fb-b0ba-4066-a592-1daed6496334","local_time":"20190624113100","is_ascension_mode":true,"campfire_choices":[{"data":"Neutralize","floor":6,"key":"SMITH"},{"floor":12,"key":"REST"},{"floor":15,"key":"REST"}],"neow_cost":"NONE","seed_source_timestamp":1065389679481708,"circlet_count":0,"master_deck":["AscendersBane","Defend_G","Defend_G","Defend_G","Defend_G","Defend_G","Strike_G","Strike_G","Strike_G","Strike_G","Survivor","Neutralize+1","Noxious Fumes","Dagger Spray","Well Laid Plans","Deadly Poison","Caltrops","Acrobatics","Dagger Spray","Envenom","Calculated Gamble","After Image","Dodge and Roll","Footwork","PiercingWail"],"relics":["Ring of the Snake","Shuriken","Juzu Bracelet","Tingsha","Philosopher\u0027s Stone"],"potions_floor_usage":[8,14,20],"damage_taken":[{"damage":2,"enemies":"2 Louse","floor":1,"turns":4},{"damage":18,"enemies":"Lagavulin","floor":8,"turns":6},{"damage":32,"enemies":"3 Sentries","floor":10,"turns":7},{"damage":0,"enemies":"Small Slimes","floor":11,"turns":3},{"damage":0,"enemies":"Cultist","floor":13,"turns":3},{"damage":6,"enemies":"Exordium Wildlife","floor":14,"turns":3},{"damage":25,"enemies":"Hexaghost","floor":16,"turns":9},{"damage":28,"enemies":"Spheric Guardian","floor":18,"turns":6},{"damage":24,"enemies":"Shell Parasite","floor":20,"turns":7},{"damage":4,"enemies":"Colosseum Slavers","floor":21,"turns":1}],"seed_played":"2850206397851417581","potions_obtained":[{"floor":7,"key":"Strength Potion"},{"floor":7,"key":"SmokeBomb"},{"floor":11,"key":"SneckoOil"},{"floor":13,"key":"Fire Potion"},{"floor":16,"key":"Ancient Potion"},{"floor":18,"key":"AttackPotion"}],"is_trial":false,"path_per_floor":["M","?","?","?","$","R","?","E","T","E","M","R","M","M","R","B",null,"M","$","M","?"],"character_chosen":"THE_SILENT","items_purchased":["Well Laid Plans","Deadly Poison","Footwork"],"campfire_rested":2,"item_purchase_floors":[5,5,19],"current_hp_per_floor":[57,57,57,57,57,57,57,39,39,7,7,26,26,20,39,14,53,25,25,1,0],"gold":126,"neow_bonus":"THREE_CARDS","is_prod":false,"is_daily":false,"chose_seed":false,"campfire_upgraded":1,"win_rate":0,"timestamp":1561390260,"path_taken":["M","?","?","?","$","R","?","E","T","E","M","R","M","M","R","BOSS","M","$","M","?"],"build_version":"2019-01-23","purchased_purges":1,"victory":false,"max_hp_per_floor":[66,66,66,66,66,66,66,66,66,66,66,66,66,66,66,66,66,66,66,66,66],"card_choices":[{"not_picked":["Acrobatics","Underhanded Strike"],"picked":"Noxious Fumes","floor":0},{"not_picked":["Distraction","Dagger Throw"],"picked":"Dagger Spray","floor":1},{"not_picked":["Sucker Punch","Acrobatics"],"picked":"Caltrops","floor":8},{"not_picked":["Outmaneuver","Infinite Blades"],"picked":"Acrobatics","floor":10},{"not_picked":["Eviscerate","Deflect"],"picked":"Dagger Spray","floor":11},{"not_picked":["Deflect","Dagger Spray"],"picked":"Envenom","floor":13},{"not_picked":["Prepared","Outmaneuver"],"picked":"Calculated Gamble","floor":14},{"not_picked":["Tools of the Trade","Adrenaline"],"picked":"After Image","floor":16},{"not_picked":["Underhanded Strike","Acrobatics"],"picked":"Dodge and Roll","floor":18},{"not_picked":["Sucker Punch","Slice"],"picked":"PiercingWail","floor":20}],"player_experience":888609,"relics_obtained":[{"floor":8,"key":"Shuriken"},{"floor":9,"key":"Juzu Bracelet"},{"floor":10,"key":"Tingsha"}],"event_choices":[{"damage_healed":0,"gold_gain":150,"player_choice":"AGREE","damage_taken":0,"max_hp_gain":0,"max_hp_loss":0,"event_name":"Liars Game","floor":2,"gold_loss":0,"cards_obtained":["Doubt"]},{"cards_removed":["Doubt"],"damage_healed":0,"gold_gain":0,"player_choice":"Card Removal","damage_taken":0,"max_hp_gain":0,"max_hp_loss":0,"event_name":"The Cleric","floor":3,"gold_loss":75},{"damage_healed":0,"gold_gain":0,"player_choice":"Ignored","damage_taken":0,"max_hp_gain":0,"max_hp_loss":0,"event_name":"Shining Light","floor":4,"gold_loss":0},{"damage_healed":0,"gold_gain":0,"player_choice":"Bought 2 Potions","damage_taken":0,"max_hp_gain":0,"max_hp_loss":0,"event_name":"The Woman in Blue","floor":7,"gold_loss":0},{"damage_healed":0,"gold_gain":0,"player_choice":"Fight","damage_taken":0,"max_hp_gain":0,"max_hp_loss":0,"event_name":"Colosseum","floor":21,"gold_loss":0}],"is_beta":false,"boss_relics":[{"not_picked":["Busted Crown","Ring of the Serpent"],"picked":"Philosopher\u0027s Stone"}],"items_purged_floors":[19],"is_endless":false,"potions_floor_spawned":[11,13,16,18],"killed_by":"Colosseum Slavers","ascension_level":20}