{"gold_per_floor":[112,124,142,44,64,64,64,81,81,111,125,141,154,4,4,102,102,113,113,113,113,1,1,35,35,58,58,75,85,95,95,95,95],"floor_reached":33,"playtime":2479,"items_purged":["Strike_B","Strike_B"],"score":294,"play_id":"cefb54ed-b431-410e-bb72-0d07d857cef7","local_time":"20190623162846","is_ascension_mode":false,"campfire_choices":[{"data":"Ball Lightning","floor":6,"key":"SMITH"},{"floor":15,"key":"REST"},{"floor":23,"key":"REST"},{"floor":25,"key":"REST"},{"data":"Defragment","floor":27,"key":"SMITH"},{"data":"Rainbow","floor":32,"key":"SMITH"}],"neow_cost":"NONE","seed_source_timestamp":18220615537213,"circlet_count":0,"master_deck":["Strike_B","Defend_B","Defend_B","Zap","Dualcast","BootSequence","Redo","Steam Power","Rebound","Ball Lightning+1","Ball Lightning","Coolheaded","Beam Cell","Multi-Cast+1","Coolheaded","Cold Snap","Rainbow+1","All For One+1","Buffer+1","Go for the Eyes+1","Defragment+1","Ghostly","Ghostly","Ghostly","Ghostly","Ghostly","Beam Cell","Deep Breath","Steam+1","Cold Snap","Steam+1","Stack"],"relics":["Cracked Core","PreservedInsect","Regal Pillow","Astrolabe","Enchiridion","Letter Opener","Bag of Preparation","MutagenicStrength"],"potions_floor_usage":[16,16,29],"damage_taken":[{"damage":1,"enemies":"Jaw Worm","floor":1,"turns":4},{"damage":4,"enemies":"Cultist","floor":2,"turns":4},{"damage":2,"enemies":"2 Louse","floor":3,"turns":3},{"damage":4,"enemies":"Large Slime","floor":5,"turns":5},{"damage":0,"enemies":"Looter","floor":8,"turns":2},{"damage":10,"enemies":"Gremlin Nob","floor":10,"turns":3},{"damage":0,"enemies":"Exordium Thugs","floor":11,"turns":3},{"damage":5,"enemies":"Blue Slaver","floor":12,"turns":3},{"damage":0,"enemies":"Red Slaver","floor":13,"turns":2},{"damage":56,"enemies":"Hexaghost","floor":16,"turns":10},{"damage":16,"enemies":"Shell Parasite","floor":18,"turns":5},{"damage":12,"enemies":"Slavers","floor":24,"turns":6},{"damage":0,"enemies":"3 Byrds","floor":28,"turns":3},{"damage":0,"enemies":"3 Cultists","floor":29,"turns":7},{"damage":2,"enemies":"Centurion and Healer","floor":30,"turns":2},{"damage":40,"enemies":"Automaton","floor":33,"turns":8}],"seed_played":"-8416331953566468158","potions_obtained":[{"floor":1,"key":"Weak Potion"},{"floor":7,"key":"AttackPotion"},{"floor":7,"key":"Energy Potion"},{"floor":11,"key":"Regen Potion"},{"floor":24,"key":"Block Potion"}],"is_trial":false,"path_per_floor":["M","M","M","$","M","R","?","M","T","E","M","M","M","$","R","B",null,"M","?","?","?","$","R","E","R","T","R","M","M","M","?","R","B"],"character_chosen":"DEFECT","items_purchased":["Rebound","Cold Snap","Beam Cell","Deep Breath"],"campfire_rested":3,"item_purchase_floors":[4,14,22,22],"current_hp_per_floor":[81,77,75,75,71,71,71,71,71,61,61,56,56,56,82,41,82,66,41,25,25,25,41,29,41,41,41,41,41,39,39,39,0],"gold":95,"neow_bonus":"TEN_PERCENT_HP_BONUS","is_prod":false,"is_daily":false,"chose_seed":false,"campfire_upgraded":3,"win_rate":0.0,"timestamp":1561321726,"path_taken":["M","M","M","$","M","R","?","M","T","E","M","M","M","?","R","BOSS","M","?","?","?","$","R","E","R","T","R","?","M","M","?","R","BOSS"],"build_version":"2019-01-23","purchased_purges":2,"victory":false,"max_hp_per_floor":[82,82,82,82,82,82,82,82,82,82,82,82,82,82,82,82,82,82,41,41,41,41,41,41,41,41,41,41,41,41,41,41,41],"card_choices":[{"not_picked":["Conserve Battery","Go for the Eyes"],"picked":"BootSequence","floor":1},{"not_picked":["Gash","Consume"],"picked":"Redo","floor":2},{"not_picked":["Auto Shields","Hello World"],"picked":"Steam Power","floor":3},{"not_picked":["Cold Snap","Streamline"],"picked":"Ball Lightning","floor":5},{"not_picked":["FTL","Tempest"],"picked":"Ball Lightning","floor":8},{"not_picked":["Conserve Battery","Rebound"],"picked":"Coolheaded","floor":10},{"not_picked":["White Noise","Conserve Battery"],"picked":"Beam Cell","floor":11},{"not_picked":["Static Discharge","Barrage"],"picked":"Multi-Cast","floor":12},{"not_picked":["Reinforced Body","Redo"],"picked":"Coolheaded","floor":13},{"not_picked":["Echo Form","Fission"],"picked":"Rainbow","floor":16},{"not_picked":["Compile Driver","Genetic Algorithm"],"picked":"Defragment","floor":18},{"not_picked":["Redo","Ball Lightning"],"picked":"Steam+1","floor":24},{"not_picked":["Hologram","Reprogram+1"],"picked":"Cold Snap","floor":28},{"not_picked":["Cold Snap","FTL"],"picked":"Steam+1","floor":29},{"not_picked":["Sweeping Beam","Coolheaded+1"],"picked":"Stack","floor":30}],"player_experience":157139,"relics_obtained":[{"floor":9,"key":"PreservedInsect"},{"floor":10,"key":"Regal Pillow"},{"floor":20,"key":"Enchiridion"},{"floor":24,"key":"Letter Opener"},{"floor":26,"key":"Bag of Preparation"}],"event_choices":[{"damage_healed":0,"gold_gain":0,"player_choice":"Got Potions","damage_taken":0,"max_hp_gain":0,"max_hp_loss":0,"event_name":"Lab","floor":7,"gold_loss":0},{"damage_healed":0,"gold_gain":0,"player_choice":"Became a Ghost","damage_taken":0,"max_hp_gain":0,"max_hp_loss":41,"event_name":"Ghosts","floor":19,"gold_loss":0,"cards_obtained":["Ghostly","Ghostly","Ghostly","Ghostly","Ghostly"]},{"damage_healed":0,"gold_gain":0,"player_choice":"Obtained Book","damage_taken":16,"max_hp_gain":0,"max_hp_loss":0,"event_name":"Cursed Tome","floor":20,"gold_loss":0},{"damage_healed":0,"gold_gain":0,"player_choice":"Forge","damage_taken":0,"max_hp_gain":0,"max_hp_loss":0,"event_name":"Accursed Blacksmith","floor":21,"gold_loss":0,"cards_upgraded":["Multi-Cast"]},{"damage_healed":0,"gold_gain":0,"player_choice":"Inject Mutagens","damage_taken":0,"relics_obtained":["MutagenicStrength"],"max_hp_gain":0,"max_hp_loss":0,"event_name":"Drug Dealer","floor":31,"gold_loss":0}],"is_beta":false,"boss_relics":[{"not_picked":["Snecko Eye","Runic Dome"],"picked":"Astrolabe"}],"items_purged_floors":[4,14],"is_endless":false,"potions_floor_spawned":[1,11,12,24],"killed_by":"Automaton","ascension_level":0}