{"gold_per_floor":[113,113,188,138,138,169,169,202,202,222,222,238,248,277,277,376,376,388,388,388,388,403,403,418,446,471,471,151,168,168,195,207,315,327,359,371,406,418,430,471,483,505,517,562,574,586,36,62,62,62],"floor_reached":51,"playtime":2671,"items_purged":[],"score":1006,"play_id":"0361f720-8ce0-4357-8e37-a566c40ef949","local_time":"20190611032834","is_ascension_mode":true,"campfire_choices":[{"floor":7,"key":"REST"},{"data":"Neutralize","floor":11,"key":"SMITH"},{"data":"After Image","floor":15,"key":"SMITH"},{"floor":23,"key":"REST"},{"floor":27,"key":"REST"},{"floor":30,"key":"REST"},{"data":"Footwork","floor":32,"key":"SMITH"},{"floor":41,"key":"REST"},{"floor":46,"key":"REST"},{"data":"Burst","floor":49,"key":"SMITH"}],"neow_cost":"NONE","seed_source_timestamp":151655653052921,"circlet_count":0,"master_deck":["Defend_G+1","Defend_G","Defend_G","Defend_G","Strike_G","Survivor","Neutralize+1","Dagger Spray+1","Crippling Poison","Backstab","Blade Dance","After Image+1","Envenom","Deflect","Necronomicurse","Burst+1","Eviscerate+1","Backstab+1","Cloak And Dagger+1","Infinite Blades","Footwork+1","Venomology","Blur","Poisoned Stab+1","Backflip+1"],"relics":["Ring of the Snake","NeowsBlessing","The Courier","Blood Vial","Shuriken","Molten Egg 2","Philosopher\u0027s Stone","Necronomicon","Happy Flower","Juzu Bracelet","Letter Opener","MawBank","Busted Crown","Lantern","Bag of Marbles","Ornamental Fan","Unceasing Top","Membership Card","Potion Belt","Art of War","Ninja Scroll","Ginger","Oddly Smooth Stone"],"potions_floor_usage":[25,33,40,40,48,50,50,50,50,50],"damage_taken":[{"damage":0,"enemies":"Small Slimes","floor":1,"turns":1},{"damage":0,"enemies":"Lagavulin","floor":6,"turns":1},{"damage":0,"enemies":"Gremlin Nob","floor":8,"turns":1},{"damage":0,"enemies":"2 Louse","floor":10,"turns":1},{"damage":0,"enemies":"Jaw Worm","floor":12,"turns":3},{"damage":4,"enemies":"Looter","floor":13,"turns":3},{"damage":12,"enemies":"3 Sentries","floor":14,"turns":5},{"damage":10,"enemies":"Hexaghost","floor":16,"turns":13},{"damage":9,"enemies":"Shell Parasite","floor":18,"turns":6},{"damage":6,"enemies":"Spheric Guardian","floor":22,"turns":7},{"damage":7,"enemies":"Snecko","floor":24,"turns":4},{"damage":20,"enemies":"Slavers","floor":25,"turns":8},{"damage":11,"enemies":"Snake Plant","floor":29,"turns":4},{"damage":51,"enemies":"Automaton","floor":33,"turns":9},{"damage":0,"enemies":"3 Shapes","floor":35,"turns":3},{"damage":15,"enemies":"Reptomancer","floor":40,"turns":5},{"damage":0,"enemies":"Orb Walker","floor":42,"turns":2},{"damage":35,"enemies":"Nemesis","floor":44,"turns":9},{"damage":9,"enemies":"Giant Head","floor":48,"turns":7},{"damage":31,"enemies":"Time Eater","floor":50,"turns":10}],"seed_played":"-6833002454371553826","potions_obtained":[{"floor":6,"key":"PowerPotion"},{"floor":12,"key":"EssenceOfSteel"},{"floor":13,"key":"Poison Potion"},{"floor":14,"key":"Block Potion"},{"floor":22,"key":"Fire Potion"},{"floor":29,"key":"SpeedPotion"},{"floor":33,"key":"Fire Potion"},{"floor":35,"key":"SkillPotion"}],"is_trial":false,"path_per_floor":["M","?","?","?","?","E","R","E","T","M","R","M","M","E","R","B",null,"M","?","?","?","M","R","M","E","T","R","$","M","R","T","R","B",null,"M","?","T","?","?","E","R","M","T","E","?","R","$","E","R","B",null],"character_chosen":"THE_SILENT","items_purchased":["Infinite Blades","Footwork","Letter Opener","Membership Card","Potion Belt","Poisoned Stab+1","Art of War","Ninja Scroll","Ginger","Regen Potion","Block Potion"],"campfire_rested":6,"item_purchase_floors":[28,28,28,47,47,47,47,47,47,47,47],"current_hp_per_floor":[70,63,52,52,38,38,59,59,59,61,61,63,61,51,51,43,63,56,40,27,27,23,45,40,22,22,44,44,35,57,57,57,8,58,60,60,60,60,60,47,68,70,70,36,36,57,57,50,50,36],"gold":62,"neow_bonus":"THREE_ENEMY_KILL","is_prod":false,"is_daily":false,"chose_seed":false,"campfire_upgraded":4,"win_rate":0,"timestamp":1560238114,"path_taken":["M","?","?","?","?","E","R","E","T","M","R","M","M","E","R","BOSS","M","?","?","?","M","R","M","E","T","R","$","M","R","?","R","BOSS","M","?","?","?","?","E","R","M","T","E","?","R","$","E","R","BOSS"],"build_version":"2019-01-23","purchased_purges":0,"victory":true,"max_hp_per_floor":[70,70,70,70,70,70,70,70,70,70,70,70,70,70,70,70,70,70,70,75,75,75,75,75,75,75,75,75,75,75,75,75,75,75,75,71,71,71,71,71,71,71,71,71,71,71,71,71,71,71],"card_choices":[{"not_picked":["All Out Attack","Dagger Throw"],"picked":"Dagger Spray","floor":1},{"not_picked":["Choke","Concentrate","Infinite Blades"],"picked":"SKIP","floor":6},{"not_picked":["Slice","Reflex"],"picked":"Crippling Poison","floor":8},{"not_picked":["Underhanded Strike","Tactician"],"picked":"Backstab","floor":10},{"not_picked":["Acrobatics","Skewer","Setup"],"picked":"SKIP","floor":12},{"not_picked":["Dagger Spray","Dodge and Roll"],"picked":"Blade Dance","floor":13},{"not_picked":["Prepared","Noxious Fumes"],"picked":"After Image","floor":14},{"not_picked":["Wraith Form v2","Adrenaline"],"picked":"Envenom","floor":16},{"not_picked":["Underhanded Strike+1","Deadly Poison"],"picked":"Deflect","floor":18},{"not_picked":["Bane+1","Distraction+1"],"picked":"Backstab+1","floor":22},{"not_picked":["Deadly Poison","Outmaneuver","Concentrate"],"picked":"SKIP","floor":24},{"not_picked":["Backflip","Bane+1"],"picked":"Cloak And Dagger+1","floor":25},{"not_picked":["Prepared","Acrobatics","Deadly Poison"],"picked":"SKIP","floor":29},{"not_picked":["Malaise","Tools of the Trade"],"picked":"Venomology","floor":33},{"not_picked":["Deflect"],"picked":"SKIP","floor":35},{"not_picked":[],"picked":"Blur","floor":40},{"not_picked":["Heel Hook+1"],"picked":"SKIP","floor":42},{"not_picked":["Deadly Poison+1"],"picked":"SKIP","floor":44},{"not_picked":[],"picked":"Backflip+1","floor":48}],"player_experience":323680,"relics_obtained":[{"floor":6,"key":"The Courier"},{"floor":8,"key":"Blood Vial"},{"floor":9,"key":"Shuriken"},{"floor":14,"key":"Molten Egg 2"},{"floor":19,"key":"Necronomicon"},{"floor":25,"key":"Happy Flower"},{"floor":26,"key":"Juzu Bracelet"},{"floor":31,"key":"MawBank"},{"floor":37,"key":"Lantern"},{"floor":40,"key":"Bag of Marbles"},{"floor":43,"key":"Ornamental Fan"},{"floor":44,"key":"Unceasing Top"},{"floor":48,"key":"Oddly Smooth Stone"}],"event_choices":[{"cards_removed":["Strike_G"],"damage_healed":0,"gold_gain":0,"player_choice":"Card Removal","damage_taken":7,"max_hp_gain":0,"max_hp_loss":0,"event_name":"Golden Wing","floor":2,"gold_loss":0},{"damage_healed":0,"gold_gain":75,"player_choice":"Gather Gold","damage_taken":11,"max_hp_gain":0,"max_hp_loss":0,"event_name":"World of Goop","floor":3,"gold_loss":0},{"cards_removed":["Strike_G"],"damage_healed":0,"gold_gain":0,"player_choice":"Card Removal","damage_taken":0,"max_hp_gain":0,"max_hp_loss":0,"event_name":"The Cleric","floor":4,"gold_loss":50},{"damage_healed":0,"gold_gain":0,"player_choice":"Entered Light","damage_taken":14,"max_hp_gain":0,"max_hp_loss":0,"event_name":"Shining Light","floor":5,"gold_loss":0,"cards_upgraded":["Dagger Spray","Defend_G"]},{"damage_healed":0,"gold_gain":0,"player_choice":"Obtained Book","damage_taken":16,"max_hp_gain":0,"max_hp_loss":0,"event_name":"Cursed Tome","floor":19,"gold_loss":0},{"damage_healed":0,"gold_gain":0,"player_choice":"Shed Blood","damage_taken":18,"max_hp_gain":5,"max_hp_loss":0,"event_name":"Forgotten Altar","floor":20,"gold_loss":0},{"damage_healed":0,"gold_gain":0,"cards_transformed":["Strike_G","Defend_G"],"player_choice":"Became Test Subject","damage_taken":0,"max_hp_gain":0,"max_hp_loss":0,"event_name":"Drug Dealer","floor":21,"gold_loss":0,"cards_obtained":["Burst","Eviscerate"]},{"damage_healed":0,"gold_gain":0,"player_choice":"Max HP","damage_taken":0,"max_hp_gain":0,"max_hp_loss":4,"event_name":"Winding Halls","floor":36,"gold_loss":0},{"cards_removed":["Strike_G"],"damage_healed":0,"gold_gain":0,"player_choice":"Purged","damage_taken":0,"max_hp_gain":0,"max_hp_loss":0,"event_name":"Purifier","floor":38,"gold_loss":0},{"damage_healed":0,"gold_gain":0,"player_choice":"Ignored","damage_taken":0,"max_hp_gain":0,"max_hp_loss":0,"event_name":"Tomb of Lord Red Mask","floor":39,"gold_loss":0},{"damage_healed":0,"gold_gain":0,"player_choice":"Ignored","damage_taken":0,"max_hp_gain":0,"max_hp_loss":0,"event_name":"Mysterious Sphere","floor":45,"gold_loss":0}],"is_beta":false,"boss_relics":[{"not_picked":["Sozu","Runic Pyramid"],"picked":"Philosopher\u0027s Stone"},{"not_picked":["Runic Dome","Lizard Tail"],"picked":"Busted Crown"}],"items_purged_floors":[],"is_endless":false,"potions_floor_spawned":[6,12,13,14,22,29,33,35,48],"ascension_level":5}