{"path_per_floor":["M","?","M","M","M","R","M","M","T","M","$","?","$","E","R","B",null,"M","$","M","?","M","R","M","R","T","?","M","M","M","?","R"],"character_chosen":"THE_SILENT","items_purchased":["Burst","Deadly Poison"],"gold_per_floor":[119,119,131,151,171,171,188,206,278,294,26,0,0,34,34,130,130,149,49,66,66,85,85,95,95,95,95,111,126,145,145,145],"floor_reached":33,"campfire_rested":3,"playtime":7939,"current_hp_per_floor":[67,60,53,53,49,49,44,44,44,32,32,32,32,14,35,27,70,52,52,52,52,39,60,57,57,57,57,37,35,5,5,26],"items_purged":["Strike_G","Defend_G"],"gold":145,"play_id":"108eaf52-84ee-4871-8b0c-c4d02e128e46","is_prod":false,"is_daily":false,"is_ascension_mode":false,"campfire_upgraded":2,"path_taken":["M","?","M","M","M","R","M","M","T","M","$","?","$","E","R","BOSS","M","$","M","?","M","R","M","R","T","?","M","M","?","?","R","BOSS"],"build_version":"2018-01-25-PROD3","purchased_purges":2,"victory":false,"master_deck":["Defend_G+1","Defend_G","Strike_G","Strike_G","Strike_G","Strike_G","Survivor","Neutralize","Backflip","Masterful Stab","Deadly Poison+1","Footwork+1","Outmaneuver","Prepared","Burst","Deadly Poison","Dodge and Roll","Envenom","Backflip+1","Crippling Poison","Deadly Poison","Backflip","Night Terror","Slice+1","Escape Plan","Writhe","Poisoned Stab"],"max_hp_per_floor":[70,70,70,70,70,70,70,70,70,70,70,70,70,70,70,70,70,70,70,70,70,70,70,70,70,70,70,70,70,70,70,70],"relics":["Ring of the Snake","Toxic Egg","Toolbox","Ginger","Velvet Choker","Girya","Dream Catcher"],"card_choices":[{"not_picked":["Slice","Acrobatics"],"picked":"Backflip"},{"not_picked":["Calculated Gamble","Backflip"],"picked":"Masterful Stab"},{"not_picked":["Slice","Skewer"],"picked":"Deadly Poison"},{"not_picked":["Dagger Spray","Deflect"],"picked":"Footwork"},{"not_picked":["Blade Dance","Sucker Punch"],"picked":"Outmaneuver"},{"not_picked":["Acrobatics","Deadly Poison"],"picked":"Prepared"},{"not_picked":["PiercingWail","A Thousand Cuts"],"picked":"Dodge and Roll"},{"not_picked":["Venomology","Wraith Form"],"picked":"Envenom"},{"not_picked":["Flechettes","Deadly Poison"],"picked":"Backflip"},{"not_picked":["Deadly Poison","Flying Knee"],"picked":"Crippling Poison"},{"not_picked":["Dagger Throw","Masterful Stab"],"picked":"Deadly Poison"},{"not_picked":["Sucker Punch","Envenom"],"picked":"Backflip"},{"not_picked":["Prepared","Dagger Throw"],"picked":"Slice"},{"not_picked":["Dagger Spray","Acrobatics"],"picked":"Escape Plan"},{"not_picked":["Riddle With Holes","Flying Knee"],"picked":"Poisoned Stab"}],"player_experience":10002,"potions_floor_usage":[33,33],"damage_taken":[{"damage":3,"enemies":"Cultist","floor":1,"turns":5},{"damage":7,"enemies":"Blue Slaver","floor":3,"turns":5},{"damage":0,"enemies":"Small Slimes","floor":4,"turns":2},{"damage":4,"enemies":"Exordium Wildlife","floor":5,"turns":5},{"damage":5,"enemies":"2 Fungi Beasts","floor":7,"turns":5},{"damage":0,"enemies":"3 Louse","floor":8,"turns":4},{"damage":12,"enemies":"Gremlin Gang","floor":10,"turns":8},{"damage":18,"enemies":"Lagavulin","floor":14,"turns":7},{"damage":8,"enemies":"Hexaghost","floor":16,"turns":9},{"damage":18,"enemies":"Spheric Guardian","floor":18,"turns":7},{"damage":0,"enemies":"Shell Parasite","floor":20,"turns":8},{"damage":13,"enemies":"Snake Plant","floor":22,"turns":5},{"damage":3,"enemies":"Centurion and Healer","floor":24,"turns":10},{"damage":20,"enemies":"Sentry and Sphere","floor":28,"turns":8},{"damage":2,"enemies":"Snake Plant","floor":29,"turns":5},{"damage":30,"enemies":"Slaver and Parasite","floor":30,"turns":8},{"damage":58,"enemies":"Automaton","floor":33,"turns":6}],"event_choices":[{"event_name":"Golden Wing","player_choice":"Card Removal","floor":2,"damage_taken":0},{"event_name":"World of Goop","player_choice":"Left","floor":12,"damage_taken":0},{"event_name":"The Woman in Blue","player_choice":"Bought 0 Potions","floor":21,"damage_taken":0},{"event_name":"Transmorgrifier","player_choice":"Transform","floor":27,"damage_taken":0},{"event_name":"The Mausoleum","player_choice":"Yes","floor":31,"damage_taken":0}],"boss_relics":[{"not_picked":["Tiny House","Runic Pyramid"],"picked":"Velvet Choker"}],"potions_floor_spawned":[3,8,10,20,28,30],"seed_played":"-3191045939203762365","killed_by":"Automaton","ascension_level":0,"is_trial":false}