{"gold_per_floor":[117,117,134,149,149,161,194,272,272,300,320,320,336,370,370,471,471,481,299,313,63,163,193,193,193,193,193,213,213,213,128,128,233,233,253,253,253,253,266,266],"floor_reached":40,"playtime":1955,"items_purged":[],"score":491,"play_id":"f3830057-d89e-4ffd-a4c9-63b9d0772605","local_time":"20190504130004","is_ascension_mode":true,"campfire_choices":[{"floor":15.0,"key":"REST"},{"floor":24.0,"key":"REST"},{"floor":29.0,"key":"REST"},{"floor":32.0,"key":"REST"}],"neow_cost":"NONE","seed_source_timestamp":0,"circlet_count":0,"master_deck":["Strike_B","Defend_B","Defend_B","Zap","Dualcast","Ball Lightning+1","Gash","Gash","Auto Shields","Core Surge","Mayhem","Cold Snap+1","Barrage","Gash","Echo Form","Gash+1","Genetic Algorithm+1","Scrape+1"],"special_seed":0,"relics":["Busted Crown","Symbiotic Virus","Torii","Bag of Marbles","Lizard Tail","Question Card","FossilizedHelix","Cables","Dodecahedron","Orichalcum","Kunai","Astrolabe"],"potions_floor_usage":[33,33,39],"damage_taken":[{"damage":0.0,"enemies":"2 Louse","floor":1.0,"turns":2.0},{"damage":0.0,"enemies":"Cultist","floor":3.0,"turns":3.0},{"damage":0.0,"enemies":"Small Slimes","floor":4.0,"turns":2.0},{"damage":6.0,"enemies":"2 Fungi Beasts","floor":6.0,"turns":3.0},{"damage":13.0,"enemies":"3 Sentries","floor":7.0,"turns":6.0},{"damage":14.0,"enemies":"Gremlin Nob","floor":10.0,"turns":4.0},{"damage":1.0,"enemies":"3 Louse","floor":11.0,"turns":2.0},{"damage":1.0,"enemies":"Looter","floor":13.0,"turns":3.0},{"damage":14.0,"enemies":"Lagavulin","floor":14.0,"turns":4.0},{"damage":30.0,"enemies":"The Guardian","floor":16.0,"turns":7.0},{"damage":12.0,"enemies":"Spheric Guardian","floor":18.0,"turns":4.0},{"damage":1.0,"enemies":"Chosen","floor":20.0,"turns":4.0},{"damage":15.0,"enemies":"Colosseum Slavers","floor":22.0,"turns":3.0},{"damage":26.0,"enemies":"Colosseum Nobs","floor":22.0,"turns":5.0},{"damage":16.0,"enemies":"Gremlin Leader","floor":23.0,"turns":6.0},{"damage":9.0,"enemies":"Centurion and Healer","floor":28.0,"turns":4.0},{"damage":0.0,"enemies":"Snake Plant","floor":30.0,"turns":1.0},{"damage":48,"enemies":"Collector","floor":33,"turns":8},{"damage":53,"enemies":"3 Shapes","floor":35,"turns":5},{"damage":38,"enemies":"3 Darklings","floor":39,"turns":3},{"damage":40,"enemies":"Reptomancer","floor":40,"turns":3}],"seed_played":"7033923437452299487","potions_obtained":[{"floor":4.0,"key":"EssenceOfSteel"},{"floor":7.0,"key":"Strength Potion"},{"floor":14.0,"key":"Strength Potion"},{"floor":16.0,"key":"Block Potion"},{"floor":18.0,"key":"FearPotion"},{"floor":20.0,"key":"Ancient Potion"},{"floor":23.0,"key":"SpeedPotion"},{"floor":27.0,"key":"AttackPotion"},{"floor":27.0,"key":"SmokeBomb"},{"floor":27.0,"key":"Fire Potion"},{"floor":28.0,"key":"Poison Potion"},{"floor":33,"key":"Swift Potion"},{"floor":35,"key":"GamblersBrew"}],"is_trial":false,"path_per_floor":["M","?","M","M","?","M","E","?","T","E","M","?","M","E","R","B",null,"M","$","M","$","?","E","R","?","T","?","M","R","M","?","R","B",null,"M","?","$","?","M","E"],"character_chosen":"DEFECT","items_purchased":["Mayhem","Question Card"],"campfire_rested":4,"item_purchase_floors":[19,21],"current_hp_per_floor":[75,75,75,75,75,69,56,56,56,42,41,34,33,19,41,11,75,63,63,62,62,21,5,27,27,27,27,18,40,40,40,62,14,75,22,22,22,22,21,0],"gold":266,"neow_bonus":"BOSS_RELIC","is_prod":false,"is_daily":false,"chose_seed":false,"campfire_upgraded":0,"win_rate":0,"timestamp":1556938804,"path_taken":["M","?","M","M","?","?","E","?","T","E","M","?","M","E","R","BOSS","M","$","M","$","?","E","R","?","T","?","M","R","?","?","R","BOSS","M","?","?","?","M","E"],"build_version":"2019-01-23","purchased_purges":0,"victory":false,"max_hp_per_floor":[75,75,75,75,75,75,75,75,75,75,75,75,75,75,75,75,75,75,75,75,75,75,75,75,75,75,75,75,75,75,75,75,75,75,75,75,75,75,75,75],"card_choices":[{"not_picked":[],"picked":"Ball Lightning","floor":1.0},{"not_picked":["Streamline"],"picked":"SKIP","floor":3.0},{"not_picked":[],"picked":"Gash","floor":4.0},{"not_picked":["Compile Driver"],"picked":"SKIP","floor":6.0},{"not_picked":["Beam Cell"],"picked":"SKIP","floor":7.0},{"not_picked":[],"picked":"Gash","floor":10.0},{"not_picked":[],"picked":"Auto Shields","floor":11.0},{"not_picked":["Chill"],"picked":"SKIP","floor":13.0},{"not_picked":["Steam"],"picked":"SKIP","floor":14.0},{"not_picked":[],"picked":"Core Surge","floor":16.0},{"not_picked":["Beam Cell"],"picked":"SKIP","floor":18.0},{"not_picked":["Rebound"],"picked":"SKIP","floor":20.0},{"not_picked":["Leap"],"picked":"Cold Snap+1","floor":23.0},{"not_picked":["Tempest"],"picked":"Gash","floor":28.0},{"not_picked":["Fission"],"picked":"Echo Form","floor":33},{"not_picked":["White Noise","Compile Driver"],"picked":"SKIP","floor":35},{"not_picked":["Leap","Rebound"],"picked":"SKIP","floor":39}],"player_experience":356020,"relics_obtained":[{"floor":7.0,"key":"Symbiotic Virus"},{"floor":10.0,"key":"Torii"},{"floor":14.0,"key":"Bag of Marbles"},{"floor":22.0,"key":"FossilizedHelix"},{"floor":22.0,"key":"Cables"},{"floor":23.0,"key":"Dodecahedron"},{"floor":26.0,"key":"Orichalcum"}],"event_choices":[{"damage_healed":0.0,"max_hp_gain":0.0,"max_hp_loss":0.0,"gold_gain":0.0,"event_name":"Living Wall","player_choice":"Grow","floor":2.0,"gold_loss":0.0,"damage_taken":0.0,"cards_upgraded":["Ball Lightning"]},{"damage_healed":0.0,"max_hp_gain":0.0,"max_hp_loss":0.0,"gold_gain":0.0,"event_name":"The Woman in Blue","player_choice":"Bought 0 Potions","floor":5.0,"gold_loss":0.0,"damage_taken":0.0},{"damage_healed":0.0,"max_hp_gain":0.0,"max_hp_loss":0.0,"gold_gain":78.0,"event_name":"Golden Wing","player_choice":"Gained Gold","floor":8.0,"gold_loss":0.0,"damage_taken":0.0},{"damage_healed":0.0,"max_hp_gain":0.0,"max_hp_loss":0.0,"gold_gain":0.0,"event_name":"Scrap Ooze","player_choice":"Fled","floor":12.0,"gold_loss":0.0,"damage_taken":7.0},{"damage_healed":0.0,"max_hp_gain":0.0,"max_hp_loss":0.0,"gold_gain":0.0,"event_name":"Colosseum","player_choice":"Fight","floor":22.0,"gold_loss":0.0,"damage_taken":0.0},{"damage_healed":0.0,"max_hp_gain":0.0,"max_hp_loss":0.0,"gold_gain":0.0,"event_name":"Colosseum","player_choice":"Fought Nobs","floor":22.0,"gold_loss":0.0,"damage_taken":0.0},{"damage_healed":0.0,"max_hp_gain":0.0,"max_hp_loss":0.0,"gold_gain":0.0,"cards_transformed":["Strike_B","Defend_B"],"event_name":"Drug Dealer","player_choice":"Became Test Subject","floor":25.0,"gold_loss":0.0,"damage_taken":0.0,"cards_obtained":["Barrage","Heatsinks"]},{"damage_healed":0.0,"max_hp_gain":0.0,"max_hp_loss":0.0,"gold_gain":0.0,"event_name":"Lab","player_choice":"Got Potions","floor":27.0,"gold_loss":0.0,"damage_taken":0.0},{"damage_healed":0.0,"max_hp_gain":0.0,"max_hp_loss":0.0,"gold_gain":0.0,"event_name":"Addict","player_choice":"Obtained Relic","floor":31.0,"gold_loss":85.0,"damage_taken":0.0,"relics_obtained":["Kunai"]},{"damage_healed":0,"gold_gain":0,"player_choice":"Ignored","damage_taken":0,"max_hp_gain":0,"max_hp_loss":0,"event_name":"SecretPortal","floor":36,"gold_loss":0},{"cards_removed":["Defend_B"],"damage_healed":0,"gold_gain":0,"player_choice":"Removed Skill","damage_taken":0,"max_hp_gain":0,"max_hp_loss":0,"event_name":"Falling","floor":38,"gold_loss":0}],"is_beta":false,"boss_relics":[{"not_picked":["Ectoplasm","Sozu"],"picked":"Lizard Tail"},{"not_picked":["Runic Pyramid","Nuclear Battery"],"picked":"Astrolabe"}],"items_purged_floors":[],"is_endless":false,"potions_floor_spawned":[4,7,14,16,18,20,23,28,33,35],"killed_by":"Reptomancer","ascension_level":2}