{"gold_per_floor":[117,117,117,133,198,227,227,277,301,301,318,383,416,436,436,533,533,551,601,651,701,770,805,824,824,849,849,899,83,100,113,113,212,212,230,245,295,355,405,405,440,440,463,477,505,555,247,263,263,263],"floor_reached":50,"playtime":3536,"items_purged":[],"score":582,"play_id":"5c55401c-7bea-45e0-964c-6fc6ed3fc725","local_time":"20190113110831","is_ascension_mode":false,"campfire_choices":[{"data":"Rainbow","floor":7,"key":"SMITH"},{"floor":10,"key":"REST"},{"floor":15,"key":"REST"},{"floor":25,"key":"REST"},{"data":"Barrage","floor":27,"key":"SMITH"},{"floor":32,"key":"REST"},{"data":"Echo Form","floor":40,"key":"SMITH"},{"floor":42,"key":"REST"},{"floor":49,"key":"REST"}],"neow_cost":"NONE","seed_source_timestamp":226858989873252,"circlet_count":0,"master_deck":["Strike_B+1","Strike_B+1","Strike_B+1","Strike_B+1","Defend_B+1","Defend_B+1","Defend_B+1","Defend_B+1","Zap+1","Dualcast","White Noise+1","Barrage+1","Ball Lightning","Rainbow+1","Melter","Go for the Eyes","Ball Lightning","FTL","Machine Learning","Barrage","Loop","Steam","Cold Snap","Auto Shields","RitualDagger","Redo","Core Surge","Doom and Gloom","Static Discharge+1","Conserve Battery+1","Electrodynamics","Ball Lightning","Gash","Echo Form+1","Leap+1","Blizzard","Leap","Darkness+1"],"relics":["Cracked Core","SsserpentHead","Potion Belt","War Paint","Ice Cream","Inserter","Oddly Smooth Stone","Regal Pillow","Thread and Needle","Pantograph","Philosopher\u0027s Stone","FossilizedHelix","Orichalcum","Sundial","Blood Vial","PreservedInsect"],"potions_floor_usage":[16,31,33,33,33,48,48,50,50],"damage_taken":[{"damage":8,"enemies":"2 Louse","floor":1,"turns":2},{"damage":6,"enemies":"Cultist","floor":4,"turns":3},{"damage":6,"enemies":"Jaw Worm","floor":5,"turns":3},{"damage":20,"enemies":"Gremlin Nob","floor":6,"turns":4},{"damage":0,"enemies":"Large Slime","floor":11,"turns":3},{"damage":24,"enemies":"Gremlin Gang","floor":12,"turns":3},{"damage":9,"enemies":"Lagavulin","floor":13,"turns":4},{"damage":8,"enemies":"2 Fungi Beasts","floor":14,"turns":3},{"damage":22,"enemies":"Hexaghost","floor":16,"turns":8},{"damage":0,"enemies":"Spheric Guardian","floor":18,"turns":3},{"damage":10,"enemies":"Chosen","floor":22,"turns":3},{"damage":14,"enemies":"Gremlin Leader","floor":23,"turns":5},{"damage":18,"enemies":"Centurion and Healer","floor":24,"turns":7},{"damage":17,"enemies":"3 Cultists","floor":30,"turns":5},{"damage":9,"enemies":"Snake Plant","floor":31,"turns":4},{"damage":64,"enemies":"Collector","floor":33,"turns":8},{"damage":3,"enemies":"Orb Walker","floor":35,"turns":4},{"damage":5,"enemies":"3 Shapes","floor":36,"turns":2},{"damage":1,"enemies":"Transient","floor":38,"turns":5},{"damage":45,"enemies":"Reptomancer","floor":41,"turns":5},{"damage":0,"enemies":"Sphere and 2 Shapes","floor":44,"turns":3},{"damage":53,"enemies":"Giant Head","floor":45,"turns":9},{"damage":0,"enemies":"3 Darklings","floor":48,"turns":6},{"damage":76,"enemies":"Awakened One","floor":50,"turns":7}],"seed_played":"6060682894685423333","potions_obtained":[{"floor":4,"key":"Poison Potion"},{"floor":5,"key":"SteroidPotion"},{"floor":13,"key":"LiquidBronze"},{"floor":14,"key":"Swift Potion"},{"floor":24,"key":"SkillPotion"},{"floor":31,"key":"FearPotion"},{"floor":36,"key":"SteroidPotion"},{"floor":41,"key":"LiquidBronze"},{"floor":48,"key":"SkillPotion"}],"is_trial":false,"path_per_floor":["M","?","?","M","M","E","R","?","T","R","M","M","E","M","R","B",null,"M","?","?","?","M","E","M","R","T","R","?","$","M","M","R","B",null,"M","M","?","M","?","R","E","R","T","M","E","?","$","M","R","B"],"character_chosen":"DEFECT","items_purchased":["Redo","Thread and Needle","Pantograph","Core Surge","Doom and Gloom","Blood Vial","PreservedInsect"],"campfire_rested":6,"item_purchase_floors":[29,29,29,29,29,47,47],"current_hp_per_floor":[67,67,67,61,55,35,35,35,35,57,57,33,24,16,38,16,75,75,75,75,68,58,44,26,48,48,48,42,42,25,16,53,11,75,72,67,67,66,66,66,21,58,58,58,5,5,5,7,44,0],"gold":263,"neow_bonus":"THREE_CARDS","is_prod":false,"is_daily":false,"chose_seed":false,"campfire_upgraded":3,"win_rate":0.0,"timestamp":1547338111,"path_taken":["M","?","?","M","?","E","R","?","T","R","M","?","E","M","R","BOSS","M","?","?","?","?","E","M","R","T","R","?","$","M","M","R","BOSS","M","M","?","?","?","R","E","R","T","M","E","?","$","M","R","BOSS"],"build_version":"2019-01-10","purchased_purges":0,"victory":false,"max_hp_per_floor":[75,75,75,75,75,75,75,75,75,75,75,75,75,75,75,75,75,75,75,75,75,75,75,75,75,75,75,75,75,75,75,75,75,75,75,75,75,75,75,75,75,75,75,75,75,75,75,75,75,75],"card_choices":[{"not_picked":["Tempest","Leap"],"picked":"Sweeping Beam","floor":0},{"not_picked":["Barrage","BootSequence"],"picked":"White Noise","floor":1},{"not_picked":["Sweeping Beam","Steam Power"],"picked":"Barrage","floor":4},{"not_picked":["Redo","Turbo"],"picked":"Ball Lightning","floor":5},{"not_picked":["Aggregate","Chill"],"picked":"Rainbow","floor":6},{"not_picked":["Streamline","Cold Snap"],"picked":"Melter","floor":11},{"not_picked":["Steam","Sweeping Beam"],"picked":"Go for the Eyes","floor":12},{"not_picked":["Go for the Eyes","Compile Driver"],"picked":"Ball Lightning","floor":13},{"not_picked":["Go for the Eyes","Conserve Battery"],"picked":"FTL","floor":14},{"not_picked":["Buffer","Biased Cognition"],"picked":"Machine Learning","floor":16},{"not_picked":["Sweeping Beam","Double Energy+1"],"picked":"Barrage","floor":18},{"not_picked":["Lockon","Recycle"],"picked":"Steam","floor":22},{"not_picked":["Scrape","Coolheaded"],"picked":"Cold Snap","floor":23},{"not_picked":["Genetic Algorithm","Reinforced Body"],"picked":"Auto Shields","floor":24},{"not_picked":["Rip and Tear","Reprogram+1"],"picked":"Static Discharge+1","floor":30},{"not_picked":["Buffer","Turbo"],"picked":"Conserve Battery+1","floor":31},{"not_picked":["Core Surge","Fission"],"picked":"Electrodynamics","floor":33},{"not_picked":["Rebound+1","Hologram"],"picked":"Ball Lightning","floor":35},{"not_picked":["Turbo","Heatsinks+1"],"picked":"Gash","floor":36},{"not_picked":["Hologram","Coolheaded+1"],"picked":"Echo Form","floor":38},{"not_picked":["Redo+1","White Noise"],"picked":"Leap+1","floor":41},{"not_picked":["Hologram+1","Ball Lightning"],"picked":"Blizzard","floor":44},{"not_picked":["Hologram","Streamline+1"],"picked":"Leap","floor":45},{"not_picked":["Reprogram+1","Undo+1"],"picked":"Darkness+1","floor":48}],"player_experience":32556,"relics_obtained":[{"floor":6,"key":"Potion Belt"},{"floor":9,"key":"War Paint"},{"floor":13,"key":"Ice Cream"},{"floor":23,"key":"Oddly Smooth Stone"},{"floor":26,"key":"Regal Pillow"},{"floor":41,"key":"FossilizedHelix"},{"floor":43,"key":"Orichalcum"},{"floor":45,"key":"Sundial"}],"event_choices":[{"damage_healed":0,"gold_gain":0,"player_choice":"Ignored","damage_taken":0,"max_hp_gain":0,"max_hp_loss":0,"event_name":"Liars Game","floor":2,"gold_loss":0},{"damage_healed":0,"gold_gain":0,"player_choice":"Trade","damage_taken":0,"relics_obtained":["SsserpentHead"],"max_hp_gain":0,"max_hp_loss":0,"event_name":"FaceTrader","floor":3,"gold_loss":0},{"cards_removed":["Sweeping Beam"],"damage_healed":0,"gold_gain":0,"player_choice":"Purged","damage_taken":0,"max_hp_gain":0,"max_hp_loss":0,"event_name":"Purifier","floor":8,"gold_loss":0},{"damage_healed":0,"gold_gain":0,"player_choice":"Simplicity","damage_taken":0,"max_hp_gain":0,"max_hp_loss":0,"event_name":"Back to Basics","floor":19,"gold_loss":0,"cards_upgraded":["Strike_B","Strike_B","Strike_B","Strike_B","Defend_B","Defend_B","Defend_B","Defend_B"]},{"damage_healed":0,"gold_gain":0,"player_choice":"Read","damage_taken":0,"max_hp_gain":0,"max_hp_loss":0,"event_name":"The Library","floor":20,"gold_loss":0,"cards_obtained":["Loop"]},{"damage_healed":0,"gold_gain":0,"player_choice":"","damage_taken":7,"max_hp_gain":0,"max_hp_loss":0,"event_name":"Knowing Skull","floor":21,"potions_obtained":[],"gold_loss":0,"cards_obtained":[]},{"damage_healed":0,"gold_gain":0,"player_choice":"Joined the Cult","damage_taken":6,"max_hp_gain":0,"max_hp_loss":0,"event_name":"Nest","floor":28,"gold_loss":0,"cards_obtained":["RitualDagger"]},{"damage_healed":0,"gold_gain":0,"player_choice":"Ignored","damage_taken":0,"max_hp_gain":0,"max_hp_loss":0,"event_name":"NoteForYourself","floor":37,"gold_loss":0},{"damage_healed":0,"gold_gain":0,"player_choice":"Ignored","damage_taken":0,"max_hp_gain":0,"max_hp_loss":0,"event_name":"Mysterious Sphere","floor":39,"gold_loss":0},{"damage_healed":0,"gold_gain":0,"player_choice":"Ignored","damage_taken":0,"max_hp_gain":0,"max_hp_loss":0,"event_name":"SecretPortal","floor":46,"gold_loss":0}],"is_beta":false,"boss_relics":[{"not_picked":["Astrolabe","Coffee Dripper"],"picked":"Inserter"},{"not_picked":["Runic Pyramid","Empty Cage"],"picked":"Philosopher\u0027s Stone"}],"items_purged_floors":[],"is_endless":false,"potions_floor_spawned":[4,5,13,14,24,31,36,41,48],"killed_by":"Awakened One","ascension_level":0}