{"gold_per_floor":[115,115,134,59,73,98,173,189,212,212,225,256,256,270,270,371,371,391,391,391,410,410,443,466,478,490,502,533,545,557,583,595,607],"floor_reached":33,"playtime":148040,"items_purged":["Regret"],"score":302,"play_id":"ab27043d-aed7-4134-9afc-3870bd71ed72","local_time":"20190624095019","is_ascension_mode":false,"campfire_choices":[{"floor":10,"key":"REST"},{"data":"Defragment","floor":13,"key":"SMITH"},{"data":"Hologram","floor":15,"key":"SMITH"},{"data":"Creative AI","floor":25,"key":"SMITH"},{"data":"Heatsinks","floor":27,"key":"SMITH"},{"data":"Glacier","floor":29,"key":"SMITH"},{"data":"Storm","floor":32,"key":"SMITH"}],"neow_cost":"NONE","seed_source_timestamp":767656175689800,"circlet_count":0,"master_deck":["Strike_B","Strike_B","Strike_B","Strike_B","Defend_B","Defend_B","Defend_B","Defend_B","Zap","Dualcast","Defragment+1","Glacier+1","Gash","Heatsinks+1","Hologram+1","Hologram+1","Creative AI+1","Hologram+1","Writhe","White Noise+1","Storm+1"],"relics":["Cracked Core","Bag of Preparation","Regal Pillow","Centennial Puzzle","Dodecahedron","Philosopher\u0027s Stone","Oddly Smooth Stone","Nloth\u0027s Gift","Sundial","MawBank","War Paint"],"potions_floor_usage":[6,12,16,16,24],"damage_taken":[{"damage":0,"enemies":"Jaw Worm","floor":1,"turns":1},{"damage":0,"enemies":"Cultist","floor":3,"turns":1},{"damage":0,"enemies":"Small Slimes","floor":5,"turns":1},{"damage":25,"enemies":"Lagavulin","floor":6,"turns":6},{"damage":1,"enemies":"Red Slaver","floor":8,"turns":5},{"damage":20,"enemies":"Exordium Wildlife","floor":11,"turns":4},{"damage":0,"enemies":"3 Sentries","floor":12,"turns":8},{"damage":2,"enemies":"Exordium Thugs","floor":14,"turns":6},{"damage":5,"enemies":"Hexaghost","floor":16,"turns":11},{"damage":6,"enemies":"Shell Parasite","floor":18,"turns":7},{"damage":6,"enemies":"Spheric Guardian","floor":21,"turns":6},{"damage":31,"enemies":"Book of Stabbing","floor":23,"turns":10},{"damage":10,"enemies":"Centurion and Healer","floor":24,"turns":8},{"damage":0,"enemies":"Snecko","floor":28,"turns":5},{"damage":16,"enemies":"Snake Plant","floor":31,"turns":5},{"damage":21,"enemies":"Automaton","floor":33,"turns":6}],"seed_played":"-3252014217269295056","potions_obtained":[{"floor":1,"key":"Strength Potion"},{"floor":3,"key":"PowerPotion"},{"floor":8,"key":"Weak Potion"},{"floor":11,"key":"FocusPotion"},{"floor":16,"key":"Regen Potion"},{"floor":18,"key":"GamblersBrew"},{"floor":23,"key":"Ancient Potion"}],"is_trial":false,"path_per_floor":["M","?","M","$","M","E","?","M","T","R","M","E","R","M","R","B",null,"M","?","?","M","T","E","M","R","T","R","M","R","$","M","R","B"],"character_chosen":"DEFECT","items_purchased":[],"campfire_rested":1,"item_purchase_floors":[],"current_hp_per_floor":[75,75,75,75,75,50,39,38,38,75,55,55,55,53,53,48,75,69,69,69,63,63,32,37,37,37,37,37,37,37,21,21,0],"gold":607,"neow_bonus":"THREE_ENEMY_KILL","is_prod":false,"is_daily":false,"chose_seed":false,"campfire_upgraded":6,"win_rate":0.0,"timestamp":1561384219,"path_taken":["M","?","M","$","M","E","?","?","T","R","M","E","R","M","R","BOSS","M","?","?","?","?","E","?","R","T","R","M","R","$","M","R","BOSS"],"build_version":"2019-01-23","purchased_purges":1,"victory":false,"max_hp_per_floor":[75,75,75,75,75,75,75,75,75,75,75,75,75,75,75,75,75,75,75,75,75,75,75,75,75,75,75,75,75,75,75,75,75],"card_choices":[{"not_picked":["Compile Driver","Tempest"],"picked":"Defragment","floor":1},{"not_picked":["Compile Driver","Redo"],"picked":"Glacier","floor":3},{"not_picked":["Ball Lightning","Cold Snap"],"picked":"Gash","floor":5},{"not_picked":["Buffer","Beam Cell"],"picked":"Heatsinks","floor":6},{"not_picked":["Steam","Sweeping Beam","Darkness"],"picked":"SKIP","floor":8},{"not_picked":["Sweeping Beam","Aggregate"],"picked":"Hologram","floor":11},{"not_picked":["Sweeping Beam","Aggregate","Double Energy"],"picked":"SKIP","floor":12},{"not_picked":["Fusion","Gash"],"picked":"Hologram","floor":14},{"not_picked":["Thunder Strike","Machine Learning"],"picked":"Creative AI","floor":16},{"not_picked":["Tempest","Rip and Tear"],"picked":"Hologram+1","floor":18},{"not_picked":["Ball Lightning","Hologram","Rip and Tear"],"picked":"SKIP","floor":21},{"not_picked":["Hologram","Barrage","Conserve Battery"],"picked":"SKIP","floor":23},{"not_picked":["Gash","Steam"],"picked":"White Noise","floor":24},{"not_picked":["Go for the Eyes","Blizzard+1","Streamline"],"picked":"SKIP","floor":28},{"not_picked":["Doom and Gloom","Sweeping Beam"],"picked":"Storm","floor":31}],"player_experience":17672,"relics_obtained":[{"floor":6,"key":"Regal Pillow"},{"floor":9,"key":"Centennial Puzzle"},{"floor":12,"key":"Dodecahedron"},{"floor":22,"key":"Sundial"},{"floor":23,"key":"MawBank"},{"floor":26,"key":"War Paint"}],"event_choices":[{"damage_healed":0,"gold_gain":0,"player_choice":"Box","damage_taken":0,"relics_obtained":["Bag of Preparation"],"max_hp_gain":0,"max_hp_loss":0,"event_name":"Big Fish","floor":2,"gold_loss":0,"cards_obtained":["Regret"]},{"damage_healed":0,"gold_gain":75,"player_choice":"Gather Gold","damage_taken":11,"max_hp_gain":0,"max_hp_loss":0,"event_name":"World of Goop","floor":7,"gold_loss":0},{"damage_healed":0,"gold_gain":0,"player_choice":"Opened","damage_taken":0,"relics_obtained":["Oddly Smooth Stone"],"max_hp_gain":0,"max_hp_loss":0,"event_name":"The Mausoleum","floor":19,"gold_loss":0,"cards_obtained":["Writhe"]},{"damage_healed":0,"gold_gain":0,"player_choice":"Traded Relic","damage_taken":0,"relics_obtained":["Nloth\u0027s Gift"],"max_hp_gain":0,"max_hp_loss":0,"event_name":"N\u0027loth","floor":20,"relics_lost":["NeowsBlessing"],"gold_loss":0}],"is_beta":false,"boss_relics":[{"not_picked":["Snecko Eye","Fusion Hammer"],"picked":"Philosopher\u0027s Stone"}],"items_purged_floors":[4],"is_endless":false,"potions_floor_spawned":[1,3,8,11,16,18,23],"killed_by":"Automaton","ascension_level":0}