{"path_per_floor":["M","?","?","?","M","R","M","R","T","M","M","$","T","$","R","B",null,"M","M","$","M","M","R","M","R","T","R","?","E","T","E","R"],"character_chosen":"THE_SILENT","items_purchased":["Adrenaline","Quick Slash","Footwork"],"gold_per_floor":[112,112,80,80,93,93,103,103,103,120,140,12,12,12,12,117,117,137,150,69,79,91,91,103,103,183,183,183,213,266,291,291],"floor_reached":33,"campfire_rested":1,"playtime":8093,"current_hp_per_floor":[69,69,69,69,66,66,61,61,61,61,54,54,54,54,54,17,70,69,68,68,59,50,50,50,50,50,50,50,50,50,13,34],"items_purged":[],"gold":291,"play_id":"0782830d-487a-4611-82c7-88e74e921cf8","is_prod":false,"is_daily":false,"is_ascension_mode":false,"campfire_upgraded":6,"path_taken":["M","?","?","?","M","R","M","R","T","M","M","$","?","?","R","BOSS","M","M","$","?","M","R","M","R","T","R","?","E","?","E","R","BOSS"],"build_version":"2018-01-25-PROD3","purchased_purges":0,"victory":false,"master_deck":["Defend_G","Defend_G","Defend_G","Defend_G","Defend_G","Strike_G+1","Strike_G+1","Strike_G","Strike_G","Strike_G","Survivor","Neutralize","Burst+1","Outmaneuver","Escape Plan+1","Backflip+1","Deadly Poison","Prepared","Adrenaline+1","Quick Slash","Adrenaline","Dodge and Roll","Sucker Punch","Footwork+1","Blade Dance","Footwork+1","Deadly Poison+1","Blur","Deadly Poison","Outmaneuver+1"],"max_hp_per_floor":[70,70,70,70,70,70,70,70,70,70,70,70,70,70,70,70,70,70,70,70,70,70,70,70,70,70,70,70,70,70,70,70],"relics":["Ring of the Snake","Torii","Mercury Hourglass","Sozu","Bottled Lightning","Anchor","Whetstone","Pantograph"],"card_choices":[{"not_picked":["Bane","Quick Slash"],"picked":"Outmaneuver"},{"not_picked":["Choke","Deflect"],"picked":"Escape Plan"},{"not_picked":["Dagger Spray","Venomology"],"picked":"Backflip"},{"not_picked":["Quick Slash","Dagger Spray"],"picked":"Deadly Poison"},{"not_picked":["Distraction","Deflect"],"picked":"Prepared"},{"not_picked":["Die Die Die","Venomology"],"picked":"Adrenaline"},{"not_picked":["Bane","Well Laid Plans"],"picked":"Dodge and Roll"},{"not_picked":["Masterful Stab","Flying Knee"],"picked":"Sucker Punch"},{"not_picked":["Outmaneuver","Well Laid Plans"],"picked":"Blade Dance"},{"not_picked":["Catalyst","PiercingWail"],"picked":"Footwork"},{"not_picked":["Sucker Punch","Well Laid Plans"],"picked":"Deadly Poison"},{"not_picked":["Backflip","PiercingWail"],"picked":"Deadly Poison"},{"not_picked":["Quick Slash","Sucker Punch"],"picked":"Outmaneuver"}],"player_experience":29130,"potions_floor_usage":[],"damage_taken":[{"damage":1,"enemies":"2 Louse","floor":1,"turns":5},{"damage":3,"enemies":"Cultist","floor":5,"turns":6},{"damage":5,"enemies":"Small Slimes","floor":7,"turns":5},{"damage":0,"enemies":"Exordium Wildlife","floor":10,"turns":8},{"damage":7,"enemies":"Lots of Slimes","floor":11,"turns":8},{"damage":37,"enemies":"Hexaghost","floor":16,"turns":13},{"damage":1,"enemies":"3 Byrds","floor":18,"turns":5},{"damage":1,"enemies":"Shell Parasite","floor":19,"turns":7},{"damage":9,"enemies":"Snecko","floor":21,"turns":7},{"damage":9,"enemies":"3 Cultists","floor":22,"turns":6},{"damage":0,"enemies":"Snake Plant","floor":24,"turns":4},{"damage":0,"enemies":"Book of Stabbing","floor":29,"turns":6},{"damage":37,"enemies":"Gremlin Leader","floor":31,"turns":7},{"damage":85,"enemies":"Collector","floor":33,"turns":5}],"event_choices":[{"event_name":"Living Wall","player_choice":"Grow","floor":2,"damage_taken":0},{"event_name":"World of Goop","player_choice":"Left","floor":3,"damage_taken":0},{"event_name":"Liars Game","player_choice":"disagreed","floor":4,"damage_taken":0},{"event_name":"The Library","player_choice":"Read","floor":28,"damage_taken":0}],"boss_relics":[{"not_picked":["Eternal Feather","White Beast Statue"],"picked":"Sozu"}],"potions_floor_spawned":[10,11,18,24,29],"seed_played":"-8335006353487482245","killed_by":"Collector","ascension_level":0,"is_trial":false}