{"path_per_floor":["M","?","M","?","$","R","E","?","T","$","T","?","R","M","R","B",null,"M","M","M","$","M","R","E","R","T","$","E","?","?","M","R"],"character_chosen":"THE_SILENT","items_purchased":["Orichalcum","Blood Vial"],"gold_per_floor":[118,118,132,207,0,0,35,35,35,35,35,35,35,46,46,143,143,162,175,192,142,157,157,190,190,190,39,69,69,49,69,69],"floor_reached":33,"campfire_rested":1,"playtime":3487,"current_hp_per_floor":[70,70,69,58,58,58,32,25,25,25,25,23,62,60,60,38,80,80,79,80,80,77,77,59,59,66,66,51,51,51,60,60],"items_purged":["Strike_G","Strike_G"],"gold":69,"score":307,"play_id":"4601fb24-1b72-40fe-979d-2a567fc11f78","local_time":"20180315192405","is_prod":false,"is_daily":false,"is_ascension_mode":false,"campfire_upgraded":5,"timestamp":1521156245,"path_taken":["M","?","?","?","$","R","E","?","T","$","?","?","R","M","R","BOSS","M","M","M","$","M","R","E","R","T","$","E","?","?","M","R","BOSS"],"build_version":"2018-03-09","purchased_purges":2,"victory":false,"master_deck":["Defend_G","Defend_G","Defend_G","Defend_G","Defend_G","Survivor","Neutralize+1","Footwork+1","Quick Slash","Dash","Cloak And Dagger+1","Die Die Die+1","Dash+1","Terror+1","Footwork+1","Bite+1","Bite+1","Bite+1","Bite+1","Bite+1","Deflect"],"max_hp_per_floor":[70,70,70,70,70,70,70,70,70,70,70,80,80,80,80,80,80,80,80,80,80,80,80,80,80,87,87,87,60,60,60,60],"relics":["Ring of the Snake","Smiling Mask","Orichalcum","Ginger","Molten Egg 2","Regal Pillow","Pear","White Beast Statue","Gambling Chip","Strawberry","Blood Vial","Ornamental Fan"],"card_choices":[{"not_picked":["Acrobatics","Concentrate"],"picked":"Footwork"},{"not_picked":["Underhanded Strike","Endless Agony"],"picked":"Quick Slash"},{"not_picked":["Eviscerate","Catalyst"],"picked":"Dash"},{"not_picked":["Crippling Poison","Dagger Throw"],"picked":"Cloak And Dagger"},{"not_picked":["Wraith Form","Corpse Explosion"],"picked":"Die Die Die"},{"not_picked":["PiercingWail","Malaise"],"picked":"Dash"},{"not_picked":["Expertise","Well Laid Plans"],"picked":"Terror"},{"not_picked":["Underhanded Strike","Dodge and Roll"],"picked":"Footwork"},{"not_picked":["Flying Knee","PiercingWail"],"picked":"Deflect"}],"player_experience":178664,"potions_floor_usage":[24,24,28,28,33,33],"damage_taken":[{"damage":0.0,"enemies":"2 Louse","floor":1.0,"turns":3.0},{"damage":1.0,"enemies":"Jaw Worm","floor":3.0,"turns":8.0},{"damage":26.0,"enemies":"Gremlin Nob","floor":7.0,"turns":7.0},{"damage":2.0,"enemies":"Small Slimes","floor":14.0,"turns":5.0},{"damage":22.0,"enemies":"The Guardian","floor":16.0,"turns":22.0},{"damage":0.0,"enemies":"3 Byrds","floor":18.0,"turns":7.0},{"damage":1.0,"enemies":"Shell Parasite","floor":19.0,"turns":13.0},{"damage":8.0,"enemies":"Snake Plant","floor":20.0,"turns":7.0},{"damage":3.0,"enemies":"Snecko","floor":22.0,"turns":7.0},{"damage":18,"enemies":"Book of Stabbing","floor":24,"turns":9},{"damage":17,"enemies":"Slavers","floor":28,"turns":9},{"damage":4,"enemies":"Sentry and Sphere","floor":31,"turns":10},{"damage":108,"enemies":"Champ","floor":33,"turns":25}],"event_choices":[{"event_name":"Big Fish","player_choice":"Box","floor":2.0,"damage_taken":0.0},{"event_name":"World of Goop","player_choice":"Gather Gold","floor":4.0,"damage_taken":0.0},{"event_name":"Golden Wing","player_choice":"Card Removal","floor":8.0,"damage_taken":0.0},{"event_name":"Scrap Ooze","player_choice":"success","floor":12.0,"damage_taken":12.0},{"event_name":"Vampires","player_choice":"Became a vampire","floor":29,"damage_taken":0},{"event_name":"The Woman in Blue","player_choice":"Bought 1 Potion","floor":30,"damage_taken":0}],"boss_relics":[],"potions_floor_spawned":[7,14,16,18,19,20,22,24,28,31],"seed_played":"6697231899071683186","killed_by":"Champ","ascension_level":0,"is_trial":false}