{"gold_per_floor":[118,118,138,155,168,202,202,228,296,296,357,374,394,394,394,489,489,507,21,21,21,38,51,51,67,67,67],"floor_reached":27,"playtime":1694,"items_purged":[],"score":225,"play_id":"a2c128de-c14d-4b1a-88dc-39ae29efda63","local_time":"20190112165226","is_ascension_mode":false,"campfire_choices":[{"floor":7,"key":"REST"},{"data":"Loop","floor":15,"key":"SMITH"},{"floor":24,"key":"REST"}],"neow_cost":"NONE","seed_source_timestamp":162935759595585,"circlet_count":0,"master_deck":["Strike_B","Strike_B","Strike_B","Strike_B","Defend_B","Defend_B","Defend_B","Defend_B","Zap","Dualcast","Self Repair","Cold Snap","Double Energy","Zap","Ball Lightning","Go for the Eyes","Sweeping Beam","Scrape","Loop+1","Redo","Rip and Tear","Creative AI","Barrage","Meteor Strike","Aggregate","Violence","Shame","White Noise+1","Conserve Battery","Conserve Battery","Lockon+1"],"relics":["Cracked Core","Regal Pillow","Strawberry","Calipers","Matryoshka","Ancient Tea Set","Meat on the Bone","Nuclear Battery","Potion Belt","Dream Catcher","Happy Flower","Bag of Marbles"],"potions_floor_usage":[6,13,23,23,27,27],"damage_taken":[{"damage":8,"enemies":"Jaw Worm","floor":1,"turns":3},{"damage":15,"enemies":"Cultist","floor":3,"turns":4},{"damage":5,"enemies":"Small Slimes","floor":4,"turns":2},{"damage":9,"enemies":"Blue Slaver","floor":5,"turns":3},{"damage":27,"enemies":"Lagavulin","floor":6,"turns":5},{"damage":18,"enemies":"Gremlin Nob","floor":8,"turns":4},{"damage":25,"enemies":"Gremlin Nob","floor":11,"turns":4},{"damage":10,"enemies":"Looter","floor":12,"turns":3},{"damage":0,"enemies":"Lots of Slimes","floor":13,"turns":1},{"damage":40,"enemies":"The Guardian","floor":16,"turns":10},{"damage":5,"enemies":"Spheric Guardian","floor":18,"turns":3},{"damage":63,"enemies":"2 Thieves","floor":22,"turns":4},{"damage":40,"enemies":"Shelled Parasite and Fungi","floor":23,"turns":6},{"damage":43,"enemies":"Snecko","floor":25,"turns":6},{"damage":42,"enemies":"Gremlin Leader","floor":27,"turns":4}],"seed_played":"7236176442512416415","potions_obtained":[{"floor":1,"key":"FocusPotion"},{"floor":4,"key":"Explosive Potion"},{"floor":5,"key":"AttackPotion"},{"floor":12,"key":"EssenceOfSteel"},{"floor":16,"key":"Energy Potion"},{"floor":21,"key":"Regen Potion"},{"floor":21,"key":"FocusPotion"},{"floor":23,"key":"SpeedPotion"}],"is_trial":false,"path_per_floor":["M","?","M","M","M","E","R","E","T","?","?","M","M","?","R","B",null,"M","$","?","?","M","M","R","M","T","E"],"character_chosen":"DEFECT","items_purchased":["Meteor Strike","Aggregate","Violence","Potion Belt"],"campfire_rested":2,"item_purchase_floors":[19,19,19,19],"current_hp_per_floor":[67,67,59,61,52,39,78,67,67,60,54,44,44,82,82,49,82,77,77,77,77,33,24,63,32,32,0],"gold":67,"neow_bonus":"RANDOM_COMMON_RELIC","is_prod":false,"is_daily":false,"chose_seed":false,"campfire_upgraded":1,"win_rate":0.0,"timestamp":1547272346,"path_taken":["M","?","M","M","?","E","R","E","T","?","?","M","M","?","R","BOSS","M","?","?","?","M","M","R","M","T","E"],"build_version":"2019-01-10","purchased_purges":0,"victory":false,"max_hp_per_floor":[75,75,75,75,75,82,82,82,82,82,82,82,82,82,82,82,82,82,82,82,82,82,82,82,82,82,82],"card_choices":[{"not_picked":["Static Discharge","Rip and Tear"],"picked":"Self Repair","floor":1},{"not_picked":["Stack","Beam Cell"],"picked":"Ball Lightning","floor":3},{"not_picked":["Beam Cell","Melter"],"picked":"Heatsinks","floor":4},{"not_picked":["Ball Lightning","Fusion"],"picked":"Go for the Eyes","floor":5},{"not_picked":["All For One","Coolheaded"],"picked":"Sweeping Beam","floor":6},{"not_picked":["Heatsinks","Double Energy"],"picked":"Scrape","floor":8},{"not_picked":["Consume","Stack"],"picked":"Loop","floor":11},{"not_picked":["Stack","Turbo"],"picked":"Redo","floor":12},{"not_picked":["Aggregate","Hologram"],"picked":"Rip and Tear","floor":13},{"not_picked":["Rainbow","Reboot"],"picked":"Creative AI","floor":16},{"not_picked":["Consume","Static Discharge"],"picked":"Barrage","floor":18},{"not_picked":["Coolheaded","Rip and Tear+1"],"picked":"White Noise+1","floor":22},{"not_picked":["Beam Cell","Barrage"],"picked":"Conserve Battery","floor":23},{"not_picked":["Rebound","Leap"],"picked":"Conserve Battery","floor":24},{"not_picked":["Barrage","Hologram+1"],"picked":"Lockon+1","floor":25}],"player_experience":15612,"relics_obtained":[{"floor":6,"key":"Strawberry"},{"floor":8,"key":"Calipers"},{"floor":9,"key":"Matryoshka"},{"floor":26,"key":"Happy Flower"},{"floor":26,"key":"Bag of Marbles"}],"event_choices":[{"damage_healed":0,"gold_gain":0,"player_choice":"3 cards matched","damage_taken":0,"max_hp_gain":0,"max_hp_loss":0,"event_name":"Match and Keep!","floor":2,"gold_loss":0,"cards_obtained":["Cold Snap","Double Energy","Zap"]},{"damage_healed":0,"gold_gain":0,"player_choice":"Success","damage_taken":7,"relics_obtained":["Ancient Tea Set"],"max_hp_gain":0,"max_hp_loss":0,"event_name":"Scrap Ooze","floor":10,"gold_loss":0},{"damage_healed":0,"gold_gain":0,"player_choice":"Searched \u00273\u0027 times","damage_taken":0,"relics_obtained":["Meat on the Bone"],"max_hp_gain":0,"max_hp_loss":0,"event_name":"Dead Adventurer","floor":11,"gold_loss":0},{"cards_removed":["Heatsinks"],"damage_healed":38,"gold_gain":0,"player_choice":"Offered Uncommon","damage_taken":0,"max_hp_gain":0,"max_hp_loss":0,"event_name":"Bonfire Elementals","floor":14,"gold_loss":0},{"damage_healed":0,"gold_gain":0,"player_choice":"Stole Relic","damage_taken":0,"relics_obtained":["Dream Catcher"],"max_hp_gain":0,"max_hp_loss":0,"event_name":"Addict","floor":20,"gold_loss":0,"cards_obtained":["Shame"]},{"damage_healed":0,"gold_gain":0,"player_choice":"Got Potions","damage_taken":0,"max_hp_gain":0,"max_hp_loss":0,"event_name":"Lab","floor":21,"gold_loss":0}],"is_beta":false,"boss_relics":[{"not_picked":["Runic Dome","Cursed Key"],"picked":"Nuclear Battery"}],"items_purged_floors":[],"is_endless":false,"potions_floor_spawned":[1,4,5,12,16,18,22,23],"killed_by":"Gremlin Leader","ascension_level":0}