{"gold_per_floor":[116,132,152,152,168,203,203,216,216,216,226,102,155,180,180,276,276,287,287,299,310,310,344,344,377,401,401,419,184,204,56,56,160,160,170,170,187,13,29,29,56,70,148,182,182,192,224,241,241,241,241,241,123,123],"floor_reached":54,"playtime":3266,"items_purged":["Shame"],"score":1036,"play_id":"57074a33-e867-4d05-8920-34288c8d27f2","local_time":"20190620174702","is_ascension_mode":true,"campfire_choices":[{"floor":15,"key":"REST"},{"data":"Jack Of All Trades","floor":24,"key":"SMITH"},{"data":"Spot Weakness","floor":32,"key":"SMITH"},{"floor":40,"key":"RECALL"},{"data":"Demon Form","floor":45,"key":"SMITH"},{"data":"Shockwave","floor":49,"key":"SMITH"},{"data":"Armaments","floor":52,"key":"SMITH"}],"neow_cost":"NONE","seed_source_timestamp":603310532197124,"circlet_count":0,"master_deck":["Strike_R","Strike_R","Strike_R+1","Strike_R","Defend_R","Defend_R","Defend_R+1","Defend_R","Bash","Metallicize","Headbutt","True Grit","Shrug It Off","Infernal Blade","Shockwave+1","Blood for Blood","Jack Of All Trades+1","Spot Weakness+1","Uppercut","Demon Form+1","Cleave","Shrug It Off+1","Perfected Strike+1","Disarm","Dropkick+1","Cleave+1","Dual Wield","Rampage+1","Feel No Pain+1","Bludgeon","Armaments+1","Barricade","Injury","Clumsy","Armaments+1","Madness","Madness","Spot Weakness+1","Flame Barrier+1","Warcry+1","True Grit+1","Demon Form","Perfected Strike+1"],"relics":["Burning Blood","Pen Nib","Incense Burner","Mummified Hand","Strawberry","Gambling Chip","Snecko Eye","The Courier","Blue Candle","Juzu Bracelet","Thread and Needle","Calling Bell","Bag of Marbles","Sundial","Champion Belt","Happy Flower","Bronze Scales","Smiling Mask","Unceasing Top","Bag of Preparation"],"potions_floor_usage":[6,6,33,54],"damage_taken":[{"damage":8,"enemies":"Small Slimes","floor":1,"turns":3},{"damage":6,"enemies":"Cultist","floor":2,"turns":3},{"damage":15,"enemies":"Jaw Worm","floor":3,"turns":6},{"damage":17,"enemies":"Looter","floor":5,"turns":3},{"damage":26,"enemies":"Lagavulin","floor":6,"turns":7},{"damage":22,"enemies":"Exordium Wildlife","floor":8,"turns":6},{"damage":5,"enemies":"Blue Slaver","floor":11,"turns":4},{"damage":17,"enemies":"Gremlin Nob","floor":14,"turns":4},{"damage":18,"enemies":"The Guardian","floor":16,"turns":8},{"damage":0,"enemies":"Chosen","floor":18,"turns":2},{"damage":0,"enemies":"3 Byrds","floor":20,"turns":4},{"damage":0,"enemies":"3 Cultists","floor":21,"turns":3},{"damage":31,"enemies":"Slavers","floor":23,"turns":6},{"damage":7,"enemies":"Gremlin Leader","floor":25,"turns":6},{"damage":3,"enemies":"Chosen and Byrds","floor":28,"turns":3},{"damage":6,"enemies":"Snake Plant","floor":30,"turns":2},{"damage":31,"enemies":"Collector","floor":33,"turns":6},{"damage":0,"enemies":"Orb Walker","floor":35,"turns":2},{"damage":0,"enemies":"3 Darklings","floor":37,"turns":2},{"damage":14,"enemies":"Jaw Worm Horde","floor":39,"turns":5},{"damage":0,"enemies":"Sphere and 2 Shapes","floor":42,"turns":3},{"damage":2,"enemies":"Nemesis","floor":44,"turns":5},{"damage":10,"enemies":"4 Shapes","floor":46,"turns":4},{"damage":14,"enemies":"Giant Head","floor":47,"turns":7},{"damage":2,"enemies":"Maw","floor":48,"turns":7},{"damage":46,"enemies":"Donu and Deca","floor":50,"turns":7},{"damage":76,"enemies":"Shield and Spear","floor":54,"turns":3}],"seed_played":"-2270463557480927979","potions_obtained":[{"floor":1,"key":"Fire Potion"},{"floor":5,"key":"Fire Potion"},{"floor":11,"key":"SneckoOil"},{"floor":16,"key":"Fire Potion"},{"floor":21,"key":"EssenceOfSteel"},{"floor":28,"key":"AttackPotion"},{"floor":33,"key":"Dexterity Potion"}],"is_trial":false,"path_per_floor":["M","M","M","?","M","E","?","M","T","?","M","$","T","E","R","B",null,"M","?","M","M","?","E","R","E","T","?","M","$","M","$","R","B",null,"M","?","M","$","M","R","T","M","T","E","R","M","E","M","R","B",null,"R","$","E"],"character_chosen":"IRONCLAD","items_purchased":["Jack Of All Trades","Spot Weakness","Thread and Needle","Bludgeon","Armaments","Happy Flower","Bag of Preparation"],"campfire_rested":1,"item_purchase_floors":[12,12,29,31,31,38,53],"current_hp_per_floor":[70,70,61,80,69,49,33,17,17,10,11,11,18,7,33,21,71,77,77,83,87,87,62,62,61,61,61,64,64,64,64,64,39,75,81,70,76,76,68,68,68,74,74,78,78,74,66,70,70,30,73,73,73,0],"gold":123,"neow_bonus":"TRANSFORM_CARD","is_prod":false,"is_daily":false,"chose_seed":false,"campfire_upgraded":5,"win_rate":0,"timestamp":1561016822,"path_taken":["M","M","M","?","?","E","?","M","T","?","M","$","?","E","R","BOSS","M","?","M","?","?","E","R","E","T","?","M","$","M","$","R","BOSS","M","?","M","$","M","R","?","M","T","E","R","M","E","M","R","BOSS","R","$","E"],"build_version":"2019-01-23","purchased_purges":1,"victory":false,"max_hp_per_floor":[80,80,80,80,80,80,80,80,80,80,80,80,87,87,87,87,87,87,87,87,87,87,87,87,87,87,87,87,87,87,87,87,87,87,87,87,87,87,87,87,87,87,87,87,87,87,87,87,87,87,87,87,87,87],"card_choices":[{"not_picked":["Rage","Thunderclap"],"picked":"Metallicize","floor":1},{"not_picked":["Iron Wave","Clash"],"picked":"Headbutt","floor":2},{"not_picked":["Reckless Charge","Evolve"],"picked":"True Grit","floor":3},{"not_picked":["Heavy Blade","Reckless Charge"],"picked":"Shrug It Off","floor":5},{"not_picked":["Seeing Red","Perfected Strike"],"picked":"Infernal Blade","floor":6},{"not_picked":["Iron Wave","Rage"],"picked":"Shockwave","floor":8},{"not_picked":["Second Wind","Pummel"],"picked":"Blood for Blood","floor":11},{"not_picked":["Feed","Iron Wave"],"picked":"Uppercut","floor":14},{"not_picked":["Brutality","Berserk"],"picked":"Demon Form","floor":16},{"not_picked":["Dual Wield","Heavy Blade"],"picked":"Cleave","floor":18},{"not_picked":["Hemokinesis+1","Sword Boomerang"],"picked":"Shrug It Off+1","floor":20},{"not_picked":["Combust+1","Rage"],"picked":"Perfected Strike+1","floor":21},{"not_picked":["Ghostly Armor","Pommel Strike"],"picked":"Dropkick+1","floor":23},{"not_picked":["Sword Boomerang","Thunderclap"],"picked":"Cleave+1","floor":25},{"not_picked":["Bloodletting","Cleave"],"picked":"Rampage+1","floor":28},{"not_picked":["Entrench","Twin Strike"],"picked":"Feel No Pain+1","floor":30},{"not_picked":["Juggernaut","Offering"],"picked":"Barricade","floor":33},{"not_picked":["Iron Wave+1","Thunderclap"],"picked":"Armaments+1","floor":35},{"not_picked":["Whirlwind","Flex"],"picked":"Spot Weakness+1","floor":37},{"not_picked":["Clash","Dual Wield+1"],"picked":"Flame Barrier+1","floor":39},{"not_picked":["Searing Blow+1","Havoc+1","Wild Strike+1"],"picked":"SKIP","floor":42},{"not_picked":["Flex","Clothesline+1"],"picked":"Warcry+1","floor":44},{"not_picked":["Cleave","Rampage"],"picked":"True Grit+1","floor":46},{"not_picked":["Wild Strike+1","Thunderclap+1"],"picked":"Demon Form","floor":47},{"not_picked":["Iron Wave+1","Pommel Strike"],"picked":"Perfected Strike+1","floor":48}],"player_experience":468623,"relics_obtained":[{"floor":6,"key":"Pen Nib"},{"floor":9,"key":"Incense Burner"},{"floor":13,"key":"Strawberry"},{"floor":14,"key":"Gambling Chip"},{"floor":23,"key":"The Courier"},{"floor":25,"key":"Blue Candle"},{"floor":26,"key":"Juzu Bracelet"},{"floor":34,"key":"Bag of Marbles"},{"floor":34,"key":"Sundial"},{"floor":34,"key":"Champion Belt"},{"floor":41,"key":"Bronze Scales"},{"floor":44,"key":"Smiling Mask"},{"floor":47,"key":"Unceasing Top"}],"event_choices":[{"cards_removed":["Power Through"],"damage_healed":19,"gold_gain":0,"player_choice":"Offered Uncommon","damage_taken":0,"max_hp_gain":0,"max_hp_loss":0,"event_name":"Bonfire Elementals","floor":4,"gold_loss":0},{"damage_healed":0,"gold_gain":0,"player_choice":"Entered Light","damage_taken":16,"max_hp_gain":0,"max_hp_loss":0,"event_name":"Shining Light","floor":7,"gold_loss":0,"cards_upgraded":["Strike_R","Defend_R"]},{"damage_healed":0,"gold_gain":0,"player_choice":"Success","damage_taken":7,"relics_obtained":["Mummified Hand"],"max_hp_gain":0,"max_hp_loss":0,"event_name":"Scrap Ooze","floor":10,"gold_loss":0},{"damage_healed":0,"gold_gain":0,"player_choice":"Bought 0 Potions","damage_taken":0,"max_hp_gain":0,"max_hp_loss":0,"event_name":"The Woman in Blue","floor":19,"gold_loss":0},{"damage_healed":0,"gold_gain":0,"player_choice":"Read","damage_taken":0,"max_hp_gain":0,"max_hp_loss":0,"event_name":"The Library","floor":22,"gold_loss":0,"cards_obtained":["Disarm"]},{"damage_healed":0,"gold_gain":0,"player_choice":"1 cards matched","damage_taken":0,"max_hp_gain":0,"max_hp_loss":0,"event_name":"Match and Keep!","floor":27,"gold_loss":0,"cards_obtained":["Dual Wield"]},{"damage_healed":0,"gold_gain":0,"player_choice":"Embrace Madness","damage_taken":11,"max_hp_gain":0,"max_hp_loss":0,"event_name":"Winding Halls","floor":36,"gold_loss":0,"cards_obtained":["Madness","Madness"]}],"is_beta":false,"boss_relics":[{"not_picked":["Coffee Dripper","Cursed Key"],"picked":"Snecko Eye"},{"not_picked":["Lizard Tail","Velvet Choker"],"picked":"Calling Bell"}],"items_purged_floors":[38],"is_endless":false,"potions_floor_spawned":[1,5,11,16,21,28,30,33,35,37,46],"killed_by":"Shield and Spear","ascension_level":7}