{"gold_per_floor":[119,16,34,49,124,154,172,198,225,225,239,239,254,324,324,324],"floor_reached":16,"playtime":1273,"items_purged":[],"score":112,"play_id":"09ad633c-7f19-454c-9a2c-ae50344adfc8","local_time":"20190623070018","is_ascension_mode":false,"campfire_choices":[{"floor":12,"key":"REST"},{"data":"Neutralize","floor":15,"key":"SMITH"}],"neow_cost":"NONE","seed_source_timestamp":160967537401000,"circlet_count":0,"master_deck":["Defend_G","Defend_G","Defend_G","Defend_G","Strike_G","Strike_G","Strike_G","Strike_G","Strike_G","Survivor","Neutralize+1","Footwork","Backstab","Backstab","Envenom","Dash","Reflex","Skewer","Blur"],"relics":["Ring of the Snake","NeowsBlessing","Pantograph","Potion Belt","Anchor","PreservedInsect"],"potions_floor_usage":[6,8],"damage_taken":[{"damage":0,"enemies":"Jaw Worm","floor":1,"turns":1},{"damage":0,"enemies":"Cultist","floor":3,"turns":1},{"damage":0,"enemies":"Small Slimes","floor":4,"turns":1},{"damage":29,"enemies":"Lagavulin","floor":6,"turns":10},{"damage":10,"enemies":"Looter","floor":7,"turns":3},{"damage":10,"enemies":"Gremlin Nob","floor":8,"turns":6},{"damage":0,"enemies":"Red Slaver","floor":11,"turns":4},{"damage":0,"enemies":"2 Fungi Beasts","floor":13,"turns":3},{"damage":56,"enemies":"Slime Boss","floor":16,"turns":12}],"seed_played":"4398947543054315574","potions_obtained":[{"floor":4,"key":"Fire Potion"},{"floor":6,"key":"Ancient Potion"},{"floor":11,"key":"AttackPotion"}],"is_trial":false,"path_per_floor":["M","?","M","M","?","E","M","E","T","?","M","R","M","?","R","B"],"character_chosen":"THE_SILENT","items_purchased":[],"campfire_rested":1,"item_purchase_floors":[],"current_hp_per_floor":[70,70,70,70,59,30,20,10,10,10,10,31,31,31,31,0],"gold":324,"neow_bonus":"THREE_ENEMY_KILL","is_prod":false,"is_daily":false,"chose_seed":false,"campfire_upgraded":1,"win_rate":0.0,"timestamp":1561287618,"path_taken":["M","?","M","?","?","E","M","E","T","?","M","R","?","?","R","BOSS"],"build_version":"2019-01-23","purchased_purges":0,"victory":false,"max_hp_per_floor":[70,70,70,70,70,70,70,70,70,70,70,70,70,70,70,70],"card_choices":[{"not_picked":["Acrobatics","Deflect"],"picked":"Footwork","floor":1},{"not_picked":["Catalyst","Poisoned Stab"],"picked":"Backstab","floor":3},{"not_picked":["Deadly Poison","Cloak And Dagger"],"picked":"Backstab","floor":4},{"not_picked":["All Out Attack","Acrobatics"],"picked":"Envenom","floor":6},{"not_picked":["Sucker Punch","Crippling Poison"],"picked":"Dash","floor":7},{"not_picked":["Phantasmal Killer","Caltrops"],"picked":"Reflex","floor":8},{"not_picked":["Underhanded Strike","Noxious Fumes"],"picked":"Skewer","floor":11},{"not_picked":["Skewer","Noxious Fumes"],"picked":"Blur","floor":13}],"player_experience":86525,"relics_obtained":[{"floor":6,"key":"Potion Belt"},{"floor":8,"key":"Anchor"},{"floor":9,"key":"PreservedInsect"}],"event_choices":[{"damage_healed":0,"gold_gain":0,"player_choice":"Paid Gold","damage_taken":0,"relics_obtained":["Pantograph"],"max_hp_gain":0,"max_hp_loss":0,"event_name":"WeMeetAgain","floor":2,"gold_loss":103},{"damage_healed":0,"gold_gain":75,"player_choice":"Gather Gold","damage_taken":11,"max_hp_gain":0,"max_hp_loss":0,"event_name":"World of Goop","floor":5,"gold_loss":0},{"cards_removed":["Defend_G"],"damage_healed":0,"gold_gain":0,"player_choice":"Purged","damage_taken":0,"max_hp_gain":0,"max_hp_loss":0,"event_name":"Purifier","floor":10,"gold_loss":0},{"damage_healed":0,"gold_gain":70,"player_choice":"Gained Gold","damage_taken":0,"max_hp_gain":0,"max_hp_loss":0,"event_name":"Golden Wing","floor":14,"gold_loss":0}],"is_beta":false,"boss_relics":[],"items_purged_floors":[],"is_endless":false,"potions_floor_spawned":[4,6,11],"killed_by":"Slime Boss","ascension_level":0}