{"path_per_floor":["M","?","$","M","M","M","E","M","T","E","M","?","R","M","R","B",null,"M","?","?","M","$","E","?","R","T","E","M","E","R","?","R","B",null,"M","M","?","$","?","E","M","E","T","E","M","R","M","$","R"],"character_chosen":"IRONCLAD","items_purchased":["Mummified Hand","Bag of Preparation","Feed"],"gold_per_floor":[12,12,12,24,34,52,85,99,99,124,138,193,193,206,206,302,302,321,321,236,251,6,33,33,33,86,119,139,170,170,170,170,273,273,288,301,301,2,2,28,46,76,76,104,118,118,130,55,55],"floor_reached":50,"campfire_rested":2,"playtime":7135,"current_hp_per_floor":[80,73,73,76,68,67,54,42,42,30,25,15,15,23,47,45,80,75,59,59,63,63,25,25,49,49,54,78,55,55,55,55,28,64,53,45,45,45,61,64,64,58,58,78,82,82,86,86,86],"items_purged":["Defend_R"],"gold":55,"play_id":"632c11d0-00da-4acd-a9f1-8e8461326eb4","is_prod":false,"is_daily":false,"is_ascension_mode":true,"campfire_upgraded":5,"path_taken":["M","?","?","M","M","M","E","M","T","E","M","?","R","M","R","BOSS","M","?","?","M","$","E","?","R","T","E","M","E","R","?","R","BOSS","M","M","?","$","?","E","M","E","T","E","M","R","M","$","R","BOSS"],"build_version":"2018-02-01-PROD3","purchased_purges":1,"victory":false,"master_deck":["Defend_R","Defend_R+1","Defend_R","Bash","Berserk","Iron Wave+1","Seeing Red","Rupture","Headbutt","Headbutt","Armaments+1","Uppercut+1","Thunderclap","Pommel Strike+1","Shrug It Off","Juggernaut","Inflame","Shrug It Off+1","Feel No Pain","Bite","Bite+1","Bite","Bite","Bite","Shrug It Off","Warcry+1","Rampage+1","Brutality+1","Metallicize+1","Corruption+1","Feed","Shrug It Off+1","Pommel Strike+1","Warcry+1","Shrug It Off"],"max_hp_per_floor":[80,80,80,80,80,80,80,80,80,80,80,80,80,80,80,80,80,80,80,80,80,80,80,80,80,80,80,80,80,80,80,80,80,64,64,64,64,64,64,64,64,78,78,78,82,82,86,86,86],"relics":["Burning Blood","Letter Opener","Bird Faced Urn","Shuriken","Sozu","Enchiridion","Omamori","Mummified Hand","Juzu Bracelet","War Paint","Whetstone","Bottled Flame","Runic Cube","Bag of Preparation","Lantern","Pear","Centennial Puzzle","Paper Frog"],"card_choices":[{"not_picked":["Fiend Fire","Dark Embrace"],"picked":"Berserk"},{"not_picked":["Clash","Clothesline"],"picked":"Iron Wave"},{"not_picked":["Iron Wave","Cleave"],"picked":"Seeing Red"},{"not_picked":["Pummel","Twin Strike"],"picked":"Rupture"},{"not_picked":["Juggernaut","Heavy Blade"],"picked":"Headbutt"},{"not_picked":["Pommel Strike","Spot Weakness"],"picked":"Headbutt"},{"not_picked":["Clash","Blood for Blood"],"picked":"Armaments"},{"not_picked":["Whirlwind","Bloodletting"],"picked":"Uppercut"},{"not_picked":["Flex","Wild Strike"],"picked":"Thunderclap"},{"not_picked":["Dual Wield","Seeing Red"],"picked":"Pommel Strike"},{"not_picked":["Heavy Blade","Double Tap"],"picked":"Shrug It Off"},{"not_picked":["Berserk","Immolate"],"picked":"Juggernaut"},{"not_picked":["Clothesline","Second Wind"],"picked":"Inflame"},{"not_picked":["Perfected Strike","Reckless Charge"],"picked":"Shrug It Off"},{"not_picked":["Reckless Charge","Twin Strike"],"picked":"Feel No Pain"},{"not_picked":["Reckless Charge","Heavy Blade"],"picked":"Shrug It Off"},{"not_picked":["Sword Boomerang","Headbutt"],"picked":"Warcry"},{"not_picked":["Clothesline","Heavy Blade"],"picked":"Rampage"},{"not_picked":["Dark Embrace","Immolate"],"picked":"Brutality"},{"not_picked":["Sword Boomerang","Iron Wave"],"picked":"Metallicize"},{"not_picked":["Inflame","Twin Strike"],"picked":"Corruption"},{"not_picked":["Uppercut","Clash"],"picked":"Shrug It Off"},{"not_picked":["Infernal Blade","Anger"],"picked":"Pommel Strike"},{"not_picked":["Fiend Fire","Flex"],"picked":"Warcry"},{"not_picked":["Cleave","Thunderclap"],"picked":"Shrug It Off"}],"player_experience":72104,"potions_floor_usage":[7,12,12,16,16,16],"damage_taken":[{"damage":1,"enemies":"Small Slimes","floor":1,"turns":4},{"damage":3,"enemies":"Jaw Worm","floor":4,"turns":5},{"damage":14,"enemies":"Cultist","floor":5,"turns":6},{"damage":7,"enemies":"Looter","floor":6,"turns":4},{"damage":19,"enemies":"3 Sentries","floor":7,"turns":13},{"damage":18,"enemies":"Exordium Thugs","floor":8,"turns":6},{"damage":22,"enemies":"Lagavulin","floor":10,"turns":8},{"damage":17,"enemies":"3 Louse","floor":11,"turns":3},{"damage":20,"enemies":"Lagavulin Event","floor":12,"turns":6},{"damage":0,"enemies":"Looter","floor":14,"turns":3},{"damage":12,"enemies":"Slime Boss","floor":16,"turns":10},{"damage":16,"enemies":"Shell Parasite","floor":18,"turns":7},{"damage":14,"enemies":"Chosen","floor":21,"turns":6},{"damage":56,"enemies":"Slavers","floor":23,"turns":5},{"damage":23,"enemies":"Book of Stabbing","floor":27,"turns":6},{"damage":12,"enemies":"Centurion and Healer","floor":28,"turns":7},{"damage":51,"enemies":"Slavers","floor":29,"turns":6},{"damage":61,"enemies":"Collector","floor":33,"turns":8},{"damage":23,"enemies":"3 Darklings","floor":35,"turns":3},{"damage":26,"enemies":"3 Shapes","floor":36,"turns":4},{"damage":2,"enemies":"Giant Head","floor":40,"turns":7},{"damage":13,"enemies":"Maw","floor":41,"turns":6},{"damage":49,"enemies":"Nemesis","floor":42,"turns":7},{"damage":3,"enemies":"Giant Head","floor":44,"turns":4},{"damage":11,"enemies":"Sphere and 2 Shapes","floor":45,"turns":3},{"damage":2,"enemies":"4 Shapes","floor":47,"turns":3},{"damage":120,"enemies":"Awakened One","floor":50,"turns":7}],"event_choices":[{"event_name":"Golden Wing","player_choice":"Card Removal","floor":2,"damage_taken":0},{"event_name":"Dead Adventurer","player_choice":"Searched \u00271\u0027 times","floor":12,"damage_taken":0},{"event_name":"Cursed Tome","player_choice":"Obtained Book","floor":19,"damage_taken":0},{"event_name":"Addict","player_choice":"Obtained Relic","floor":20,"damage_taken":0},{"event_name":"Vampires","player_choice":"Became a vampire (Vial)","floor":24,"damage_taken":0},{"event_name":"Upgrade Shrine","player_choice":"Upgraded","floor":31,"damage_taken":0},{"event_name":"Tomb of Lord Red Mask","player_choice":"Ignored","floor":37,"damage_taken":0},{"event_name":"Winding Halls","player_choice":"Writhe","floor":39,"damage_taken":0}],"boss_relics":[{"not_picked":["Astrolabe","Black Blood"],"picked":"Sozu"},{"not_picked":["Runic Pyramid","Snecko Eye"],"picked":"Runic Cube"}],"potions_floor_spawned":[5,7,8,12,12,14,21,27,29,40,42,45],"seed_played":"1924967395407150422","killed_by":"Awakened One","ascension_level":2,"is_trial":false}