{"path_per_floor":["M","?","M","$","M","M","$","R","T","R","E","R","M","M","R","B",null,"M","?","M","M","M","R"],"character_chosen":"THE_SILENT","items_purchased":["Backflip","Swift Strike","Prepared"],"gold_per_floor":[212,212,229,229,249,263,9,9,9,9,38,38,56,74,74,169,169,109,109,119,137,154,154],"floor_reached":24,"campfire_rested":3,"playtime":2291,"current_hp_per_floor":[68,68,66,66,65,65,65,65,65,65,42,63,52,52,70,42,70,48,48,42,25,11,32],"items_purged":["Strike_G"],"gold":154,"play_id":"646ab236-4cb0-41e4-a2af-2175e770900a","is_prod":false,"is_daily":false,"is_ascension_mode":false,"campfire_upgraded":2,"path_taken":["M","?","M","$","M","M","?","R","T","R","E","R","M","M","R","BOSS","M","?","M","M","M","R","E"],"build_version":"2018-02-01-PROD3","purchased_purges":1,"victory":false,"master_deck":["Defend_G","Defend_G","Defend_G","Defend_G","Survivor","Neutralize","Bouncing Flask+1","Skewer","Crippling Poison","Dagger Throw","Deflect","Backflip","Swift Strike+1","Prepared","Poisoned Stab","Catalyst","Quick Slash","Unload","Choke+1","After Image+1","Finisher+1","Poisoned Stab","Deadly Poison","Bouncing Flask","Blade Dance"],"max_hp_per_floor":[70,70,70,70,70,70,70,70,70,70,70,70,70,70,70,70,70,70,70,70,70,70,70],"relics":["Ring of the Snake","Lantern","Girya","Astrolabe"],"card_choices":[{"not_picked":["Well Laid Plans","Outmaneuver"],"picked":"Bouncing Flask"},{"not_picked":["Finisher","All Out Attack"],"picked":"Crippling Poison"},{"not_picked":["Backflip","PiercingWail"],"picked":"Dagger Throw"},{"not_picked":["Footwork","Caltrops"],"picked":"Deflect"},{"not_picked":["Distraction","Eviscerate"],"picked":"Poisoned Stab"},{"not_picked":["Quick Slash","Malaise"],"picked":"Catalyst"},{"not_picked":["Predator","Reflex"],"picked":"Quick Slash"},{"not_picked":["A Thousand Cuts","Venomology"],"picked":"Unload"},{"not_picked":["Acrobatics","Terror"],"picked":"Poisoned Stab"},{"not_picked":["Malaise","Quick Slash"],"picked":"Deadly Poison"},{"not_picked":["Slice","Sucker Punch"],"picked":"Bouncing Flask"},{"not_picked":["Blur","Flechettes"],"picked":"Blade Dance"}],"player_experience":45607,"potions_floor_usage":[16,21,21],"damage_taken":[{"damage":2,"enemies":"Small Slimes","floor":1,"turns":5},{"damage":2,"enemies":"Jaw Worm","floor":3,"turns":4},{"damage":1,"enemies":"Cultist","floor":5,"turns":4},{"damage":0,"enemies":"Looter","floor":6,"turns":4},{"damage":23,"enemies":"3 Sentries","floor":11,"turns":10},{"damage":11,"enemies":"Lots of Slimes","floor":13,"turns":5},{"damage":0,"enemies":"2 Fungi Beasts","floor":14,"turns":3},{"damage":28,"enemies":"Slime Boss","floor":16,"turns":9},{"damage":22,"enemies":"2 Thieves","floor":18,"turns":4},{"damage":6,"enemies":"3 Byrds","floor":20,"turns":5},{"damage":17,"enemies":"Cultist and Chosen","floor":21,"turns":6},{"damage":14,"enemies":"Snake Plant","floor":22,"turns":4},{"damage":34,"enemies":"Slavers","floor":24,"turns":2}],"event_choices":[{"event_name":"Living Wall","player_choice":"Change","floor":2,"damage_taken":0},{"event_name":"Purifier","player_choice":"One Purge","floor":19,"damage_taken":0}],"boss_relics":[{"not_picked":["The Specimen","Snecko Eye"],"picked":"Astrolabe"}],"potions_floor_spawned":[1,5,11,20,21,22],"seed_played":"-4828666242733657196","killed_by":"Slavers","ascension_level":0,"is_trial":false}