{"gold_per_floor":[111,44,44,44,44,44,75,95,95,110,110,140,158,172,172,272,272,285,31,30,45,55,55,73,90,116,0,34,34,49,66,66,66],"floor_reached":33,"playtime":1814,"items_purged":[],"score":306,"play_id":"e47c38bf-e621-4ec3-926d-43822e589c65","local_time":"20190116221221","is_ascension_mode":false,"campfire_choices":[{"data":"Inflame","floor":6,"key":"SMITH"},{"data":"Flex","floor":15,"key":"SMITH"},{"floor":23,"key":"REST"},{"data":"Metallicize","floor":29,"key":"SMITH"},{"floor":32,"key":"REST"}],"neow_cost":"NONE","seed_source_timestamp":527617282629086,"circlet_count":0,"master_deck":["Strike_R","Strike_R","Strike_R","Strike_R","Strike_R","Defend_R","Defend_R","Defend_R","Defend_R","Bash","Thunderclap","Inflame+1","Heavy Blade","Sword Boomerang","Evolve","Flex+1","Double Tap","Pommel Strike","Demon Form","Perfected Strike+1","Metallicize+1","Flame Barrier","Clash+1","Cleave+1","Inflame+1","Armaments","Iron Wave","Double Tap"],"relics":["Burning Blood","NeowsBlessing","Smiling Mask","Ancient Tea Set","Meat on the Bone","Ornamental Fan","Strawberry","Lizard Tail","Gremlin Horn","Blood Vial","Bottled Lightning"],"potions_floor_usage":[12,22,28,33],"damage_taken":[{"damage":0,"enemies":"2 Louse","floor":1,"turns":1},{"damage":0,"enemies":"Gremlin Nob","floor":7,"turns":1},{"damage":0,"enemies":"Jaw Worm","floor":8,"turns":1},{"damage":0,"enemies":"Cultist","floor":10,"turns":2},{"damage":35,"enemies":"3 Sentries","floor":12,"turns":6},{"damage":20,"enemies":"Large Slime","floor":13,"turns":4},{"damage":20,"enemies":"Gremlin Gang","floor":14,"turns":4},{"damage":57,"enemies":"Hexaghost","floor":16,"turns":9},{"damage":29,"enemies":"3 Byrds","floor":18,"turns":5},{"damage":21,"enemies":"2 Thieves","floor":20,"turns":4},{"damage":33,"enemies":"Snake Plant","floor":21,"turns":4},{"damage":44,"enemies":"Centurion and Healer","floor":22,"turns":8},{"damage":29,"enemies":"Shelled Parasite and Fungi","floor":24,"turns":5},{"damage":37,"enemies":"Snake Plant","floor":25,"turns":4},{"damage":62,"enemies":"Book of Stabbing","floor":28,"turns":5},{"damage":7,"enemies":"3 Cultists","floor":30,"turns":3},{"damage":36,"enemies":"Centurion and Healer","floor":31,"turns":5},{"damage":95,"enemies":"Collector","floor":33,"turns":5}],"seed_played":"-312079294627891162","potions_obtained":[{"floor":10,"key":"EntropicBrew"},{"floor":16,"key":"Dexterity Potion"},{"floor":18,"key":"FairyPotion"},{"floor":21,"key":"Regen Potion"},{"floor":25,"key":"Regen Potion"},{"floor":28,"key":"LiquidBronze"}],"is_trial":false,"path_per_floor":["M","$","?","$","?","R","E","M","T","M","?","E","M","M","R","B",null,"M","$","M","M","M","R","M","M","T","?","E","R","M","M","R","B"],"character_chosen":"IRONCLAD","items_purchased":["Inflame","Gremlin Horn"],"campfire_rested":2,"item_purchase_floors":[2,19],"current_hp_per_floor":[80,80,68,68,68,68,74,80,80,80,80,58,56,54,54,26,87,64,64,61,46,35,61,50,31,31,31,61,61,62,46,72,0],"gold":66,"neow_bonus":"THREE_ENEMY_KILL","is_prod":false,"is_daily":false,"chose_seed":false,"campfire_upgraded":3,"win_rate":0.0,"timestamp":1547637141,"path_taken":["M","$","?","$","?","R","E","M","T","?","?","E","M","M","R","BOSS","M","$","?","M","M","R","M","M","T","?","E","R","M","M","R","BOSS"],"build_version":"2019-01-10","purchased_purges":0,"victory":false,"max_hp_per_floor":[80,80,80,80,80,80,80,80,80,80,80,87,87,87,87,87,87,87,87,87,87,87,87,87,87,87,87,87,87,87,87,87,87],"card_choices":[{"not_picked":["Havoc","Warcry"],"picked":"Thunderclap","floor":1},{"not_picked":["Burning Pact","Flex"],"picked":"Heavy Blade","floor":7},{"not_picked":["Headbutt","Anger"],"picked":"Sword Boomerang","floor":8},{"not_picked":["Warcry","Thunderclap"],"picked":"Clothesline","floor":10},{"not_picked":["Headbutt","Combust"],"picked":"Flex","floor":12},{"not_picked":["Pommel Strike","Twin Strike"],"picked":"Double Tap","floor":13},{"not_picked":["Havoc","Feel No Pain"],"picked":"Pommel Strike","floor":14},{"not_picked":["Barricade","Fiend Fire"],"picked":"Demon Form","floor":16},{"not_picked":["Body Slam","Twin Strike"],"picked":"Perfected Strike+1","floor":18},{"not_picked":["Flex","True Grit+1"],"picked":"Metallicize","floor":20},{"not_picked":["Clothesline","Battle Trance"],"picked":"Flame Barrier","floor":21},{"not_picked":["Pommel Strike","Evolve+1"],"picked":"Clash+1","floor":22},{"not_picked":["Twin Strike","Evolve"],"picked":"Cleave+1","floor":24},{"not_picked":["Twin Strike+1","Seeing Red"],"picked":"Inflame+1","floor":25},{"not_picked":["Sever Soul","Cleave"],"picked":"Armaments","floor":28},{"not_picked":["Sentinel","Headbutt"],"picked":"Iron Wave","floor":30},{"not_picked":["Flame Barrier","Heavy Blade"],"picked":"Double Tap","floor":31}],"player_experience":65038,"relics_obtained":[{"floor":5,"key":"Ancient Tea Set"},{"floor":7,"key":"Meat on the Bone"},{"floor":9,"key":"Ornamental Fan"},{"floor":12,"key":"Strawberry"},{"floor":26,"key":"Blood Vial"},{"floor":28,"key":"Bottled Lightning"}],"event_choices":[{"damage_healed":0,"gold_gain":0,"player_choice":"Success","damage_taken":12,"relics_obtained":["Smiling Mask"],"max_hp_gain":0,"max_hp_loss":0,"event_name":"Scrap Ooze","floor":3,"gold_loss":0},{"damage_healed":0,"gold_gain":0,"player_choice":"Relic","damage_taken":0,"max_hp_gain":0,"max_hp_loss":0,"event_name":"Wheel of Change","floor":5,"gold_loss":0},{"damage_healed":0,"gold_gain":0,"cards_transformed":["Clothesline"],"player_choice":"Transformed","damage_taken":0,"max_hp_gain":0,"max_hp_loss":0,"event_name":"Transmorgrifier","floor":11,"gold_loss":0,"cards_obtained":["Evolve"]},{"damage_healed":0,"gold_gain":0,"player_choice":"Paid Fearfully","damage_taken":0,"max_hp_gain":0,"max_hp_loss":0,"event_name":"Masked Bandits","floor":27,"gold_loss":116}],"is_beta":false,"boss_relics":[{"not_picked":["Sozu","Coffee Dripper"],"picked":"Lizard Tail"}],"items_purged_floors":[],"is_endless":false,"potions_floor_spawned":[10,13,16,18,21,25,28],"killed_by":"Collector","ascension_level":0}