{"path_per_floor":["M","M","?","M","?","E","M","R","T","M","E","M","M","$","R","B",null,"M","M","M","?","$","E","M","$","T","M","M","M","E","M","R","B",null,"M","M","M","$","?","E","R","M","T","E","M","M","$","M","R","B"],"character_chosen":"IRONCLAD","items_purchased":["Strange Spoon","Bottled Tornado","Finesse","Havoc","Corruption","Bag of Preparation","Warcry"],"gold_per_floor":[114,124,124,142,142,168,138,138,138,153,185,201,219,22,22,125,125,141,66,81,331,0,31,47,25,52,64,80,95,150,164,164,261,261,276,289,306,195,195,221,221,239,321,346,360,380,80,96,96,96],"floor_reached":51,"campfire_rested":1,"playtime":7168,"current_hp_per_floor":[80,80,73,71,60,43,49,49,49,55,52,58,69,69,69,53,87,77,69,33,33,33,34,30,30,30,57,63,57,52,35,35,26,87,45,74,83,83,87,67,67,76,76,54,57,47,47,48,74,60],"items_purged":["Regret","Writhe"],"gold":96,"play_id":"c98a60f9-d859-41f9-b3e1-62e9b61f901b","is_prod":false,"is_daily":false,"is_ascension_mode":false,"campfire_upgraded":4,"path_taken":["M","M","?","M","?","E","M","R","T","M","E","M","M","$","R","BOSS","M","?","M","?","$","E","M","$","T","M","M","M","E","M","R","BOSS","M","M","?","?","?","E","R","M","T","E","M","M","$","M","R","BOSS"],"build_version":"2018-02-01-PROD3","purchased_purges":3,"victory":true,"master_deck":["Strike_R","Defend_R","Defend_R","Defend_R","Defend_R","Bash","Seeing Red","True Grit","Iron Wave","Metallicize","Evolve+1","Inflame+1","Bludgeon","Armaments+1","Thunderclap","Reaper","Exhume+1","Limit Break+1","Brutality+1","Body Slam+1","Corruption+1","Havoc","Finesse","Berserk","Clash+1","Havoc","Wild Strike","Clash+1","Infernal Blade+1","Shrug It Off","Reaper","Fiend Fire","Battle Trance","Corruption","Pummel+1","Iron Wave+1","Inflame+1","Power Through","Rage+1","Warcry","Whirlwind+1","Iron Wave"],"max_hp_per_floor":[80,80,80,80,87,87,87,87,87,87,87,87,87,87,87,87,87,87,87,87,87,87,87,87,87,87,87,87,87,87,87,87,87,87,87,87,87,87,87,87,87,87,87,87,87,87,87,87,87,87],"relics":["Burning Blood","Orichalcum","Strawberry","Dodecahedron","Sundial","Charon\u0027s Ashes","Strange Spoon","Astrolabe","Bottled Tornado","Bronze Scales","Dream Catcher","Tiny Chest","Mark of Pain","Darkstone Periapt","Matryoshka","Pen Nib","Bag of Preparation"],"card_choices":[{"not_picked":["True Grit","Body Slam"],"picked":"Seeing Red"},{"not_picked":["Sword Boomerang","Anger"],"picked":"True Grit"},{"not_picked":["Anger","Cleave"],"picked":"Iron Wave"},{"not_picked":["Immolate","Flame Barrier"],"picked":"Metallicize"},{"not_picked":["Wild Strike","Battle Trance"],"picked":"Evolve"},{"not_picked":["Twin Strike","Bloodletting"],"picked":"Inflame"},{"not_picked":["Rage","Rupture"],"picked":"Bludgeon"},{"not_picked":["Burning Pact","Sever Soul"],"picked":"Armaments"},{"not_picked":["Rage","Bloodletting"],"picked":"Thunderclap"},{"not_picked":["Impervious","Fiend Fire"],"picked":"Reaper"},{"not_picked":["Sword Boomerang","Heavy Blade"],"picked":"Body Slam"},{"not_picked":["Body Slam","Sword Boomerang"],"picked":"Corruption"},{"not_picked":["Heavy Blade","Sword Boomerang"],"picked":"Havoc"},{"not_picked":["Sever Soul","Shockwave"],"picked":"Berserk"},{"not_picked":["Twin Strike","Sword Boomerang"],"picked":"Clash"},{"not_picked":["Flex","Spot Weakness"],"picked":"Wild Strike"},{"not_picked":["Wild Strike","Hemokinesis"],"picked":"Clash"},{"not_picked":["Clash","Iron Wave"],"picked":"Infernal Blade"},{"not_picked":["Evolve","Seeing Red"],"picked":"Shrug It Off"},{"not_picked":["Flex","Anger"],"picked":"Reaper"},{"not_picked":["Reaper","Limit Break"],"picked":"Fiend Fire"},{"not_picked":["Heavy Blade","Evolve"],"picked":"Battle Trance"},{"not_picked":["Infernal Blade","Rampage"],"picked":"Pummel"},{"not_picked":["Armaments","Havoc"],"picked":"Iron Wave"},{"not_picked":["Heavy Blade","Body Slam"],"picked":"Inflame"},{"not_picked":["Twin Strike","Clash"],"picked":"Power Through"},{"not_picked":["Clothesline","Clash"],"picked":"Rage"},{"not_picked":["Perfected Strike","Bloodletting"],"picked":"Whirlwind"},{"not_picked":["Bloodletting","Corruption"],"picked":"Iron Wave"}],"player_experience":133537,"potions_floor_usage":[11,13,16,16,28,29,30,30,35,40,40,50,50,50],"damage_taken":[{"damage":0,"enemies":"2 Louse","floor":1,"turns":2},{"damage":0,"enemies":"Cultist","floor":2,"turns":3},{"damage":8,"enemies":"Blue Slaver","floor":4,"turns":4},{"damage":23,"enemies":"3 Sentries","floor":6,"turns":11},{"damage":0,"enemies":"Looter","floor":7,"turns":4},{"damage":0,"enemies":"2 Fungi Beasts","floor":10,"turns":5},{"damage":9,"enemies":"Gremlin Nob","floor":11,"turns":6},{"damage":0,"enemies":"3 Louse","floor":12,"turns":4},{"damage":7,"enemies":"Gremlin Gang","floor":13,"turns":5},{"damage":22,"enemies":"Slime Boss","floor":16,"turns":10},{"damage":26,"enemies":"Shell Parasite","floor":18,"turns":5},{"damage":20,"enemies":"2 Thieves","floor":19,"turns":5},{"damage":46,"enemies":"Slaver and Parasite","floor":20,"turns":10},{"damage":30,"enemies":"Book of Stabbing","floor":23,"turns":5},{"damage":11,"enemies":"Snecko","floor":24,"turns":6},{"damage":11,"enemies":"Centurion and Healer","floor":27,"turns":5},{"damage":25,"enemies":"3 Cultists","floor":28,"turns":5},{"damage":12,"enemies":"Chosen and Byrds","floor":29,"turns":5},{"damage":19,"enemies":"Slavers","floor":30,"turns":5},{"damage":23,"enemies":"Sentry and Sphere","floor":31,"turns":4},{"damage":48,"enemies":"Collector","floor":33,"turns":8},{"damage":50,"enemies":"Orb Walker","floor":35,"turns":6},{"damage":3,"enemies":"3 Shapes","floor":36,"turns":4},{"damage":25,"enemies":"Maw","floor":37,"turns":7},{"damage":40,"enemies":"2 Orb Walkers","floor":40,"turns":3},{"damage":11,"enemies":"Sphere and 2 Shapes","floor":42,"turns":3},{"damage":51,"enemies":"Giant Head","floor":44,"turns":7},{"damage":43,"enemies":"3 Darklings","floor":45,"turns":4},{"damage":45,"enemies":"4 Shapes","floor":46,"turns":3},{"damage":25,"enemies":"Sphere and 2 Shapes","floor":48,"turns":4},{"damage":122,"enemies":"Donu and Deca","floor":50,"turns":8}],"event_choices":[{"event_name":"Golden Wing","player_choice":"Card Removal","floor":3,"damage_taken":0},{"event_name":"Scrap Ooze","player_choice":"success","floor":5,"damage_taken":18},{"event_name":"Golden Shrine","player_choice":"Desecrate","floor":21,"damage_taken":0},{"event_name":"Winding Halls","player_choice":"Writhe","floor":39,"damage_taken":0}],"boss_relics":[{"not_picked":["Ectoplasm","Snecko Eye"],"picked":"Astrolabe"},{"not_picked":["Runic Cube","Black Star"],"picked":"Mark of Pain"}],"potions_floor_spawned":[4,10,11,13,20,24,28,29,33,35,36,37,44,46],"seed_played":"-7183885610296059023","ascension_level":0,"is_trial":false}