{"gold_per_floor":[117,117,134,66,66,100,110,110,110,126,126,126,138,166,166,166],"floor_reached":16,"playtime":449,"items_purged":[],"score":209,"play_id":"b6bfc8c3-809d-4a7b-be6d-5c15177734c4","local_time":"20190623123945","is_ascension_mode":true,"campfire_choices":[{"data":"Bash","floor":8,"key":"SMITH"},{"data":"Blood for Blood","floor":12,"key":"SMITH"},{"data":"Whirlwind","floor":15,"key":"SMITH"}],"neow_cost":"NONE","seed_source_timestamp":846903653431738,"circlet_count":0,"master_deck":["AscendersBane","Strike_R","Strike_R","Strike_R","Defend_R","Defend_R","Defend_R","Defend_R","Bash+1","Sword Boomerang","Whirlwind+1","Burning Pact","Rage","Feel No Pain","Blood for Blood+1","Twin Strike","Carnage","Warcry"],"relics":["Burning Blood","NeowsBlessing","Nunchaku","WingedGreaves","Strawberry"],"potions_floor_usage":[13,16],"damage_taken":[{"damage":0,"enemies":"2 Louse","floor":1,"turns":1},{"damage":0,"enemies":"Cultist","floor":3,"turns":1},{"damage":0,"enemies":"Gremlin Nob","floor":6,"turns":1},{"damage":0,"enemies":"Small Slimes","floor":7,"turns":3},{"damage":0,"enemies":"Exordium Wildlife","floor":10,"turns":2},{"damage":21,"enemies":"Exordium Thugs","floor":13,"turns":4},{"damage":15,"enemies":"3 Sentries","floor":14,"turns":6},{"damage":66,"enemies":"Slime Boss","floor":16,"turns":8}],"seed_played":"-2793439863605097087","potions_obtained":[{"floor":6,"key":"Explosive Potion"},{"floor":7,"key":"SmokeBomb"},{"floor":13,"key":"Explosive Potion"},{"floor":14,"key":"Fire Potion"}],"is_trial":false,"path_per_floor":["M","?","M","$","?","E","M","R","T","M","?","R","M","E","R","B"],"character_chosen":"IRONCLAD","items_purchased":["Burning Pact"],"campfire_rested":0,"item_purchase_floors":[4],"current_hp_per_floor":[78,78,80,80,80,80,80,80,80,80,80,80,65,63,63,0],"gold":166,"neow_bonus":"THREE_ENEMY_KILL","is_prod":false,"is_daily":false,"chose_seed":false,"campfire_upgraded":3,"win_rate":0,"timestamp":1561257585,"path_taken":["M","?","?","$","?","E","M","R","T","?","?","R","M","E","R","BOSS"],"build_version":"2019-01-23","purchased_purges":0,"victory":false,"max_hp_per_floor":[80,80,80,80,80,80,80,80,80,80,80,80,80,87,87,87],"card_choices":[{"not_picked":["Perfected Strike","Clash"],"picked":"Sword Boomerang","floor":1},{"not_picked":["Hemokinesis","Rupture"],"picked":"Whirlwind","floor":3},{"not_picked":["Brutality","Body Slam"],"picked":"Feel No Pain","floor":6},{"not_picked":["Clothesline","Combust"],"picked":"Blood for Blood","floor":7},{"not_picked":["Inflame","Flex"],"picked":"Twin Strike","floor":10},{"not_picked":["Flex","Feel No Pain"],"picked":"Carnage","floor":13},{"not_picked":["Clothesline","Power Through"],"picked":"Warcry","floor":14}],"player_experience":489460,"relics_obtained":[{"floor":6,"key":"Nunchaku"},{"floor":9,"key":"WingedGreaves"},{"floor":14,"key":"Strawberry"}],"event_choices":[{"cards_removed":["Strike_R"],"damage_healed":0,"gold_gain":0,"player_choice":"Purged","damage_taken":0,"max_hp_gain":0,"max_hp_loss":0,"event_name":"Purifier","floor":2,"gold_loss":0},{"damage_healed":0,"gold_gain":0,"cards_transformed":["Strike_R"],"player_choice":"Transformed","damage_taken":0,"max_hp_gain":0,"max_hp_loss":0,"event_name":"Transmorgrifier","floor":5,"gold_loss":0,"cards_obtained":["Rage"]},{"damage_healed":0,"gold_gain":0,"player_choice":"Ignored","damage_taken":0,"max_hp_gain":0,"max_hp_loss":0,"event_name":"Liars Game","floor":11,"gold_loss":0}],"is_beta":false,"boss_relics":[],"items_purged_floors":[],"is_endless":false,"potions_floor_spawned":[6,7,13,14],"killed_by":"Slime Boss","ascension_level":11}