{"path_per_floor":["M","?","$","M","M","E","M","R","T","R","$","M","M","?","R","B",null,"M","$","?","M","?","R","M"],"character_chosen":"IRONCLAD","items_purchased":["Shockwave","Armaments"],"gold_per_floor":[112,112,3,23,35,62,77,77,126,126,26,43,60,60,60,160,160,177,2,2,12,12,12,27],"floor_reached":25,"campfire_rested":3,"playtime":1851,"current_hp_per_floor":[80,80,80,67,71,30,32,56,56,56,56,62,63,68,85,85,85,36,36,36,17,17,50,20],"items_purged":["Strike_R","Injury","Strike_R"],"gold":27,"score":203,"play_id":"5ddc7330-374a-44ce-b969-360cf82d5992","is_prod":false,"is_daily":false,"is_ascension_mode":false,"campfire_upgraded":1,"path_taken":["M","?","$","?","M","E","M","R","T","R","$","M","M","?","R","BOSS","M","?","?","M","?","R","M","M"],"build_version":"2018-02-08-PROD1","purchased_purges":3,"victory":false,"master_deck":["Strike_R","Strike_R","Strike_R","Defend_R","Defend_R","Defend_R","Bash","Pommel Strike+1","Heavy Blade","Shockwave","Shrug It Off","Flex+1","Infernal Blade","Anger","Rampage","Pommel Strike","Barricade","Cleave+1","Armaments","Armaments","Flex+1"],"max_hp_per_floor":[80,80,80,80,80,80,80,80,80,80,80,80,80,85,85,85,85,85,85,85,85,85,85,85],"relics":["Burning Blood","Pantograph","Juzu Bracelet","Eternal Feather"],"card_choices":[{"not_picked":["Anger","Inflame"],"picked":"Pommel Strike"},{"not_picked":["Second Wind","Body Slam"],"picked":"Heavy Blade"},{"not_picked":["Wild Strike","Thunderclap"],"picked":"Shrug It Off"},{"not_picked":["Shrug It Off","Perfected Strike"],"picked":"Flex"},{"not_picked":["Offering","Heavy Blade"],"picked":"Infernal Blade"},{"not_picked":["Shockwave","Spot Weakness"],"picked":"Anger"},{"not_picked":["Evolve","Body Slam"],"picked":"Rampage"},{"not_picked":["Rage","Heavy Blade"],"picked":"Pommel Strike"},{"not_picked":["Demon Form","Fiend Fire"],"picked":"Barricade"},{"not_picked":["Thunderclap","Burning Pact"],"picked":"Cleave"},{"not_picked":["Seeing Red","Thunderclap"],"picked":"Armaments"},{"not_picked":["Twin Strike","Iron Wave"],"picked":"Flex"}],"player_experience":100938,"potions_floor_usage":[16,21],"damage_taken":[{"damage":0,"enemies":"2 Louse","floor":1,"turns":4},{"damage":19,"enemies":"Blue Slaver","floor":4,"turns":3},{"damage":2,"enemies":"Small Slimes","floor":5,"turns":4},{"damage":47,"enemies":"Gremlin Nob","floor":6,"turns":6},{"damage":4,"enemies":"2 Fungi Beasts","floor":7,"turns":4},{"damage":0,"enemies":"3 Louse","floor":12,"turns":3},{"damage":5,"enemies":"Lots of Slimes","floor":13,"turns":4},{"damage":6,"enemies":"Slime Boss","floor":16,"turns":6},{"damage":55,"enemies":"Spheric Guardian","floor":18,"turns":7},{"damage":25,"enemies":"2 Thieves","floor":21,"turns":4},{"damage":36,"enemies":"Cultist and Chosen","floor":24,"turns":8},{"damage":21,"enemies":"Snake Plant","floor":25,"turns":2}],"event_choices":[{"event_name":"Accursed Blacksmith","player_choice":"Forge","floor":2,"damage_taken":0},{"event_name":"Big Fish","player_choice":"Donut","floor":14,"damage_taken":0},{"event_name":"Back to Basics","player_choice":"Elegance","floor":20,"damage_taken":0},{"event_name":"Vampires","player_choice":"Ignored","floor":22,"damage_taken":0}],"boss_relics":[{"not_picked":["Sozu","Cursed Key"],"picked":"Eternal Feather"}],"potions_floor_spawned":[5,7,12,13,18,24],"seed_played":"1733011704662122230","killed_by":"Snake Plant","ascension_level":0,"is_trial":false}