{"path_per_floor":["M","?","M","?","M","E","?","E","T","$","E","M","M","T","R","B",null,"M","M","M","?","?","E","M","M","T","R","$","E","M","M","R","B",null,"M","M","?","M","$","R","E","M","T","R","$","E","R","$","R","B"],"character_chosen":"THE_SILENT","items_purchased":["Terror","Thread and Needle","Footwork","Master of Strategy"],"gold_per_floor":[111,111,128,128,143,174,124,158,204,48,76,96,110,160,160,256,256,269,286,304,304,304,332,345,357,382,382,4,36,53,73,73,171,171,187,201,201,220,11,11,38,52,52,52,2,33,33,33,33,33],"floor_reached":51,"campfire_rested":2,"playtime":6905,"current_hp_per_floor":[70,70,70,70,66,54,54,54,54,54,42,42,42,42,42,38,70,70,70,70,54,54,35,31,31,31,52,52,52,52,52,59,47,77,77,77,67,58,58,58,32,28,28,28,28,28,28,28,51,14],"items_purged":["Regret","Madness"],"gold":33,"play_id":"2c747976-9ca1-4cf3-8c7e-43a5aa32a368","is_prod":false,"is_daily":false,"is_ascension_mode":false,"campfire_upgraded":1,"path_taken":["M","?","M","?","M","E","?","E","T","$","E","M","?","?","R","BOSS","M","M","M","?","?","E","M","?","T","R","$","E","M","M","R","BOSS","M","M","?","M","$","R","E","M","T","R","$","E","R","$","R","BOSS"],"build_version":"2018-02-01-PROD3","purchased_purges":2,"victory":true,"master_deck":["Defend_G","Defend_G","Defend_G","Defend_G","Survivor","Neutralize","Dagger Throw","Escape Plan","Die Die Die","Noxious Fumes","Escape Plan","Terror+1","Slice","Dagger Throw","Leg Sweep","Tools of the Trade","Unload+1","Crippling Poison+1","Dodge and Roll+1","Dash","Backstab","Poisoned Stab","Blur","Underhanded Strike","Prepared+1","Footwork","Underhanded Strike","Caltrops","Backflip","Venomology","Dagger Throw","Prepared","Eviscerate+1","Acrobatics+1","Flying Knee","Prepared+1","Madness","Infinite Blades+1","Master of Strategy","Quick Slash+1","Dash+1","Outmaneuver+1"],"max_hp_per_floor":[70,70,70,70,70,70,70,70,70,70,70,70,70,70,70,70,70,70,70,70,70,70,70,70,70,70,70,70,70,70,70,77,77,77,77,77,77,77,77,77,77,77,77,77,77,77,77,77,77,77],"relics":["Ring of the Snake","Orichalcum","Tough Bandages","Letter Opener","Anchor","Ninja Scroll","Bag of Preparation","Astrolabe","Nilry\u0027s Codex","Du-Vu Doll","Pen Nib","Thread and Needle","Shovel","Strawberry","Orrery","Oddly Smooth Stone","Juzu Bracelet","Calipers","Smiling Mask","Girya","Happy Flower"],"card_choices":[{"not_picked":["Poisoned Stab","Bouncing Flask"],"picked":"Dagger Throw"},{"not_picked":["Acrobatics","Bouncing Flask"],"picked":"Escape Plan"},{"not_picked":["Backflip","Riddle With Holes"],"picked":"Die Die Die"},{"not_picked":["All Out Attack","Slice"],"picked":"Noxious Fumes"},{"not_picked":["Underhanded Strike","Slice"],"picked":"Escape Plan"},{"not_picked":["Bouncing Flask","Well Laid Plans"],"picked":"Slice"},{"not_picked":["Poisoned Stab","Well Laid Plans"],"picked":"Dagger Throw"},{"not_picked":["Flechettes","Dodge and Roll"],"picked":"Leg Sweep"},{"not_picked":["Glass Knife","Burst"],"picked":"Tools of the Trade"},{"not_picked":["Poisoned Stab","Noxious Fumes"],"picked":"Dash"},{"not_picked":["Outmaneuver","Reflex"],"picked":"Backstab"},{"not_picked":["Deflect","Riddle With Holes"],"picked":"Poisoned Stab"},{"not_picked":["Flechettes","Poisoned Stab"],"picked":"Blur"},{"not_picked":["Bouncing Flask","Backstab"],"picked":"Underhanded Strike"},{"not_picked":["Bullet Time","Quick Slash"],"picked":"Prepared"},{"not_picked":["Choke","Distraction"],"picked":"Underhanded Strike"},{"not_picked":["PiercingWail","Slice"],"picked":"Caltrops"},{"not_picked":["Dodge and Roll","Dagger Throw"],"picked":"Backflip"},{"not_picked":["Bullet Time","Unload"],"picked":"Venomology"},{"not_picked":["Well Laid Plans","Deflect"],"picked":"Dagger Throw"},{"not_picked":["Slice","Leg Sweep"],"picked":"Prepared"},{"not_picked":["Poisoned Stab","Choke"],"picked":"Eviscerate"},{"not_picked":["Endless Agony","Outmaneuver"],"picked":"Acrobatics"},{"not_picked":["Malaise","Poisoned Stab"],"picked":"Flying Knee"},{"not_picked":["Flying Knee","Finisher"],"picked":"Prepared"},{"not_picked":["Reflex","Acrobatics"],"picked":"Infinite Blades"},{"not_picked":["Finisher","Catalyst"],"picked":"Quick Slash"},{"not_picked":["Deadly Poison","Catalyst"],"picked":"Dash"},{"not_picked":["Sucker Punch","Reflex"],"picked":"Outmaneuver"}],"player_experience":118770,"potions_floor_usage":[33,33,36,36,38,41,42,46,46,50,50],"damage_taken":[{"damage":0.0,"enemies":"2 Louse","floor":1.0,"turns":3.0},{"damage":0.0,"enemies":"Jaw Worm","floor":3.0,"turns":4.0},{"damage":4.0,"enemies":"Small Slimes","floor":5.0,"turns":3.0},{"damage":12.0,"enemies":"Gremlin Nob","floor":6.0,"turns":5.0},{"damage":0.0,"enemies":"3 Sentries","floor":8.0,"turns":2.0},{"damage":12.0,"enemies":"Gremlin Nob","floor":11.0,"turns":4.0},{"damage":0.0,"enemies":"Looter","floor":12.0,"turns":2.0},{"damage":0.0,"enemies":"Large Slime","floor":13.0,"turns":3.0},{"damage":4.0,"enemies":"Slime Boss","floor":16.0,"turns":13.0},{"damage":0.0,"enemies":"2 Thieves","floor":18.0,"turns":4.0},{"damage":0.0,"enemies":"Chosen","floor":19.0,"turns":5.0},{"damage":0.0,"enemies":"Snecko","floor":20.0,"turns":5.0},{"damage":19.0,"enemies":"Gremlin Leader","floor":23.0,"turns":7.0},{"damage":4.0,"enemies":"3 Cultists","floor":24.0,"turns":5.0},{"damage":0.0,"enemies":"Chosen and Byrds","floor":25.0,"turns":3.0},{"damage":0,"enemies":"Book of Stabbing","floor":29,"turns":5},{"damage":0,"enemies":"Slaver and Parasite","floor":30,"turns":7},{"damage":0,"enemies":"Centurion and Healer","floor":31,"turns":5},{"damage":27,"enemies":"Automaton","floor":33,"turns":9},{"damage":0,"enemies":"Orb Walker","floor":35,"turns":4},{"damage":0,"enemies":"3 Darklings","floor":36,"turns":2},{"damage":9,"enemies":"4 Shapes","floor":38,"turns":6},{"damage":26,"enemies":"Giant Head","floor":41,"turns":9},{"damage":4,"enemies":"Maw","floor":42,"turns":7},{"damage":0,"enemies":"2 Orb Walkers","floor":46,"turns":6},{"damage":37,"enemies":"Donu and Deca","floor":50,"turns":10}],"event_choices":[{"event_name":"Living Wall","player_choice":"Forget","floor":2.0,"damage_taken":0.0},{"event_name":"Big Fish","player_choice":"Box","floor":4.0,"damage_taken":0.0},{"event_name":"The Cleric","player_choice":"Card Removal","floor":7.0,"damage_taken":0.0},{"event_name":"Cursed Tome","player_choice":"Obtained Book","floor":21.0,"damage_taken":0.0},{"event_name":"Back to Basics","player_choice":"Elegance","floor":22.0,"damage_taken":0.0},{"event_name":"Winding Halls","player_choice":"Embrace Madness","floor":37,"damage_taken":0}],"boss_relics":[{"not_picked":["White Beast Statue","Question Card"],"picked":"Orrery"}],"potions_floor_spawned":[3,5,6,12,23,24,33,35,42],"seed_played":"5378400643836742218","ascension_level":0,"is_trial":false}