{"gold_per_floor":[112,123,123,135,148,173,173,184,184,184,63,75,75,93,93,195,195,212,212,8,8,28,28,28,28,28,28],"floor_reached":27,"playtime":1282,"items_purged":["Feel No Pain"],"score":270,"play_id":"50f9d927-4e53-4726-b362-5c6168f53197","local_time":"20190310095354","is_ascension_mode":true,"campfire_choices":[{"floor":7,"key":"REST"},{"floor":13,"key":"REST"},{"floor":15,"key":"REST"},{"data":"Uppercut","floor":23,"key":"SMITH"},{"data":"RitualDagger","floor":25,"key":"SMITH"}],"neow_cost":"NONE","seed_source_timestamp":732065279002183,"circlet_count":0,"master_deck":["Strike_R","Strike_R+1","Strike_R","Strike_R","Defend_R","Defend_R","Defend_R","Defend_R","Bash","Uppercut+1","Pummel+1","Pommel Strike","RitualDagger+1"],"relics":["Burning Blood","NeowsBlessing","Whetstone","Singing Bowl","Eternal Feather","ClockworkSouvenir","Pear","Orichalcum"],"potions_floor_usage":[16,16,18,27,27],"damage_taken":[{"damage":0,"enemies":"Cultist","floor":1,"turns":1},{"damage":0,"enemies":"2 Louse","floor":2,"turns":1},{"damage":0,"enemies":"Small Slimes","floor":4,"turns":2},{"damage":15,"enemies":"2 Fungi Beasts","floor":5,"turns":4},{"damage":38,"enemies":"3 Sentries","floor":6,"turns":10},{"damage":19,"enemies":"Blue Slaver","floor":8,"turns":3},{"damage":19,"enemies":"3 Louse","floor":12,"turns":4},{"damage":21,"enemies":"Large Slime","floor":14,"turns":6},{"damage":88,"enemies":"The Guardian","floor":16,"turns":10},{"damage":14,"enemies":"Chosen","floor":18,"turns":5},{"damage":48,"enemies":"Shell Parasite","floor":22,"turns":6},{"damage":68,"enemies":"Book of Stabbing","floor":27,"turns":6}],"seed_played":"-4431670406699409780","potions_obtained":[{"floor":1,"key":"SteroidPotion"},{"floor":5,"key":"EssenceOfSteel"},{"floor":12,"key":"Regen Potion"},{"floor":16,"key":"EntropicBrew"},{"floor":18,"key":"AttackPotion"}],"is_trial":false,"path_per_floor":["M","M","?","M","M","E","R","M","T","?","$","M","R","M","R","B",null,"M","?","$","?","M","R","?","R","T","E"],"character_chosen":"IRONCLAD","items_purchased":["Pommel Strike","ClockworkSouvenir"],"campfire_rested":3,"item_purchase_floors":[11,20],"current_hp_per_floor":[80,80,80,80,71,39,63,50,50,50,50,39,63,50,75,10,86,80,74,74,84,44,50,50,56,56,0],"gold":28,"neow_bonus":"THREE_ENEMY_KILL","is_prod":false,"is_daily":false,"chose_seed":false,"campfire_upgraded":2,"win_rate":0,"timestamp":1552172034,"path_taken":["M","M","?","?","M","E","R","M","T","?","$","?","R","M","R","BOSS","M","?","$","?","M","R","?","R","T","E"],"build_version":"2019-01-23","purchased_purges":1,"victory":false,"max_hp_per_floor":[80,80,80,80,80,80,80,80,80,80,80,82,82,84,84,86,86,88,88,88,98,100,100,100,100,100,100],"card_choices":[{"not_picked":["Disarm","Reckless Charge","Headbutt"],"picked":"SKIP","floor":1},{"not_picked":["Cleave","Havoc"],"picked":"Uppercut","floor":2},{"not_picked":["Anger","Shrug It Off","Havoc"],"picked":"SKIP","floor":4},{"not_picked":["Cleave","Flex"],"picked":"Pummel","floor":5},{"not_picked":["Wild Strike","Body Slam","Havoc"],"picked":"SKIP","floor":6},{"not_picked":["Barricade","Dual Wield","Armaments"],"picked":"SKIP","floor":8},{"not_picked":["Clash","Iron Wave","Heavy Blade"],"picked":"Singing Bowl","floor":12},{"not_picked":["Second Wind","Disarm","Wild Strike"],"picked":"Singing Bowl","floor":14},{"not_picked":["Fiend Fire","Dark Embrace","Exhume"],"picked":"Singing Bowl","floor":16},{"not_picked":["Armaments","Warcry","Perfected Strike"],"picked":"Singing Bowl","floor":18},{"not_picked":["Wild Strike","Cleave","Anger"],"picked":"Singing Bowl","floor":22}],"player_experience":216370,"relics_obtained":[{"floor":6,"key":"Whetstone"},{"floor":9,"key":"Singing Bowl"},{"floor":26,"key":"Orichalcum"}],"event_choices":[{"damage_healed":0,"gold_gain":0,"cards_transformed":["Strike_R"],"player_choice":"Transformed","damage_taken":0,"max_hp_gain":0,"max_hp_loss":0,"event_name":"Transmorgrifier","floor":3,"gold_loss":0,"cards_obtained":["Feel No Pain"]},{"damage_healed":0,"gold_gain":0,"player_choice":"0 cards matched","damage_taken":0,"max_hp_gain":0,"max_hp_loss":0,"event_name":"Match and Keep!","floor":10,"gold_loss":0,"cards_obtained":[]},{"damage_healed":0,"gold_gain":0,"player_choice":"Joined the Cult","damage_taken":6,"max_hp_gain":0,"max_hp_loss":0,"event_name":"Nest","floor":19,"gold_loss":0,"cards_obtained":["RitualDagger"]},{"damage_healed":0,"gold_gain":0,"player_choice":"Opened","damage_taken":0,"relics_obtained":["Pear"],"max_hp_gain":0,"max_hp_loss":0,"event_name":"The Mausoleum","floor":21,"gold_loss":0},{"damage_healed":0,"gold_gain":0,"player_choice":"Ignored","damage_taken":0,"max_hp_gain":0,"max_hp_loss":0,"event_name":"Beggar","floor":24,"gold_loss":0}],"is_beta":false,"boss_relics":[{"not_picked":["Sozu","Tiny House"],"picked":"Eternal Feather"}],"items_purged_floors":[11],"is_endless":false,"potions_floor_spawned":[1,5,12,16,18],"killed_by":"Book of Stabbing","ascension_level":3}