{"path_per_floor":["M","?","M","M","?","R","M","T","T","M","?","?","R","M","R","B",null,"M","?","$","?","M","R","?","?","T","E","R"],"character_chosen":"THE_SILENT","items_purchased":["Caltrops","Bane","Deadly Poison","Flash of Steel"],"gold_per_floor":[115,115,130,153,153,153,169,196,196,221,221,296,296,310,310,436,436,454,454,182,182,203,203,203,103,103,146,146],"floor_reached":29,"campfire_rested":4,"playtime":1631,"current_hp_per_floor":[70,70,64,53,53,70,67,67,67,60,60,49,70,59,59,37,70,43,43,43,43,33,47,47,47,47,17,31],"items_purged":[],"gold":146,"play_id":"0f1f8885-41c3-4b1b-aa08-9316abe99d50","is_prod":false,"is_daily":false,"is_ascension_mode":false,"campfire_upgraded":1,"path_taken":["M","?","M","M","?","R","M","?","T","M","?","?","R","M","R","BOSS","M","?","$","?","?","R","?","?","T","E","R","?"],"build_version":"2018-02-01-PROD3","purchased_purges":0,"victory":false,"master_deck":["Defend_G+1","Defend_G+1","Defend_G+1","Defend_G+1","Defend_G+1","Survivor","Neutralize","Bouncing Flask+1","Deadly Poison","Deflect","Dagger Throw","Backstab+1","Wraith Form","Glass Knife","Deadly Poison","Bite","Bite","Bite","Bite","Bite","Caltrops","Bane","Deadly Poison","Flash of Steel","Backflip","J.A.X.","Burst"],"max_hp_per_floor":[70,70,70,70,70,70,70,70,70,70,70,70,70,70,70,70,70,70,49,49,49,49,49,49,49,49,49,49],"relics":["Ring of the Snake","Golden Idol","War Paint","Bird Faced Urn","White Beast Statue","Ancient Tea Set","Tough Bandages"],"card_choices":[{"not_picked":["Deadly Poison","Backflip"],"picked":"Bouncing Flask"},{"not_picked":["PiercingWail","Predator"],"picked":"Deadly Poison"},{"not_picked":["PiercingWail","Caltrops"],"picked":"Deflect"},{"not_picked":["Flying Knee","Sucker Punch"],"picked":"Dagger Throw"},{"not_picked":["Skewer","Poisoned Stab"],"picked":"Backstab"},{"not_picked":["Flechettes","Calculated Gamble"],"picked":"Wraith Form"},{"not_picked":["Corpse Explosion","Doppelganger"],"picked":"Glass Knife"},{"not_picked":["Deflect","Acrobatics"],"picked":"Deadly Poison"},{"not_picked":["Dash","Acrobatics"],"picked":"Backflip"},{"not_picked":["Quick Slash","Prepared"],"picked":"Burst"}],"player_experience":9397,"potions_floor_usage":[],"damage_taken":[{"damage":0,"enemies":"Small Slimes","floor":1,"turns":3},{"damage":6,"enemies":"Jaw Worm","floor":3,"turns":4},{"damage":11,"enemies":"Blue Slaver","floor":4,"turns":3},{"damage":3,"enemies":"Looter","floor":7,"turns":4},{"damage":7,"enemies":"2 Fungi Beasts","floor":10,"turns":3},{"damage":11,"enemies":"Lots of Slimes","floor":14,"turns":3},{"damage":22,"enemies":"The Guardian","floor":16,"turns":8},{"damage":27,"enemies":"2 Thieves","floor":18,"turns":4},{"damage":18,"enemies":"3 Byrds","floor":22,"turns":4},{"damage":36,"enemies":"Book of Stabbing","floor":27,"turns":5},{"damage":36,"enemies":"Slaver and Parasite","floor":29,"turns":2}],"event_choices":[{"event_name":"Golden Idol","player_choice":"Take Wound","floor":2,"damage_taken":0},{"event_name":"Living Wall","player_choice":"Forget","floor":5,"damage_taken":0},{"event_name":"The Lab","player_choice":"Got Potions","floor":11,"damage_taken":0},{"event_name":"World of Goop","player_choice":"Gather Gold","floor":12,"damage_taken":0},{"event_name":"Vampires","player_choice":"Became a vampire","floor":19,"damage_taken":0},{"event_name":"Back to Basics","player_choice":"Simplicity","floor":21,"damage_taken":0},{"event_name":"Cursed Tome","player_choice":"Ignored","floor":24,"damage_taken":0},{"event_name":"Drug Dealer","player_choice":"Got JAXXED","floor":25,"damage_taken":0}],"boss_relics":[{"not_picked":["Snecko Eye","Calling Bell"],"picked":"White Beast Statue"}],"potions_floor_spawned":[3,7,14,18,22,27],"seed_played":"-1701409087829066900","killed_by":"Slaver and Parasite","ascension_level":0,"is_trial":false}