{"gold_per_floor":[119,119,143,213,67,100,100,120,120,173,203,215,227,257,269,281],"floor_reached":16,"playtime":1574,"items_purged":[],"score":110,"play_id":"8c3705fd-e88d-4086-a514-ed5684615b14","local_time":"20190623072848","is_ascension_mode":false,"campfire_choices":[{"data":"Prepared","floor":7,"key":"SMITH"},{"floor":13,"key":"REST"},{"data":"Bullet Time","floor":15,"key":"SMITH"}],"neow_cost":"NONE","seed_source_timestamp":162359365731200,"circlet_count":0,"master_deck":["Defend_G","Defend_G","Defend_G","Defend_G","Defend_G","Strike_G","Strike_G","Strike_G","Strike_G","Strike_G","Survivor","Neutralize","Prepared+1","Endless Agony","Predator","Dagger Throw","Calculated Gamble+1","Bullet Time+1","Poisoned Stab","Blur"],"relics":["Ring of the Snake","Golden Idol","Lantern","Pear","MawBank","Bottled Lightning"],"potions_floor_usage":[10,10,16,16],"damage_taken":[{"damage":1,"enemies":"2 Louse","floor":1,"turns":4},{"damage":2,"enemies":"Small Slimes","floor":3,"turns":4},{"damage":23,"enemies":"Gremlin Nob","floor":6,"turns":5},{"damage":0,"enemies":"Cultist","floor":8,"turns":2},{"damage":33,"enemies":"Lagavulin","floor":10,"turns":7},{"damage":0,"enemies":"2 Fungi Beasts","floor":11,"turns":3},{"damage":3,"enemies":"Red Slaver","floor":14,"turns":3},{"damage":42,"enemies":"Hexaghost","floor":16,"turns":9}],"seed_played":"3200052165969363722","potions_obtained":[{"floor":6,"key":"Block Potion"},{"floor":8,"key":"Explosive Potion"},{"floor":10,"key":"Poison Potion"},{"floor":14,"key":"Fruit Juice"}],"is_trial":false,"path_per_floor":["M","?","M","?","$","E","R","M","T","E","M","?","R","M","R","B"],"character_chosen":"THE_SILENT","items_purchased":["Lantern"],"campfire_rested":1,"item_purchase_floors":[5],"current_hp_per_floor":[69,65,63,63,63,50,50,50,50,17,17,17,39,36,36,0],"gold":281,"neow_bonus":"THREE_CARDS","is_prod":false,"is_daily":false,"chose_seed":false,"campfire_upgraded":2,"win_rate":0.0,"timestamp":1561289328,"path_taken":["M","?","M","?","$","E","R","M","T","E","M","?","R","M","R","BOSS"],"build_version":"2019-01-23","purchased_purges":0,"victory":false,"max_hp_per_floor":[70,65,65,65,65,75,75,75,75,75,75,75,75,75,75,80],"card_choices":[{"not_picked":["Dagger Spray","Slice"],"picked":"Prepared","floor":0},{"not_picked":["Deadly Poison","Flying Knee"],"picked":"Endless Agony","floor":1},{"not_picked":["Prepared","Outmaneuver"],"picked":"Predator","floor":3},{"not_picked":["Flechettes","Cloak And Dagger"],"picked":"Dagger Throw","floor":6},{"not_picked":["Deflect","Dash"],"picked":"Calculated Gamble","floor":8},{"not_picked":["Infinite Blades","Cloak And Dagger"],"picked":"Bullet Time","floor":10},{"not_picked":["Eviscerate","Underhanded Strike"],"picked":"Poisoned Stab","floor":11},{"not_picked":["Calculated Gamble","Cloak And Dagger"],"picked":"Blur","floor":14}],"player_experience":87798,"relics_obtained":[{"floor":6,"key":"Pear"},{"floor":9,"key":"MawBank"},{"floor":10,"key":"Bottled Lightning"}],"event_choices":[{"damage_healed":0,"gold_gain":0,"player_choice":"Lose Max HP","damage_taken":0,"relics_obtained":["Golden Idol"],"max_hp_gain":0,"max_hp_loss":5,"event_name":"Golden Idol","floor":2,"gold_loss":0},{"damage_healed":0,"gold_gain":70,"player_choice":"Gained Gold","damage_taken":0,"max_hp_gain":0,"max_hp_loss":0,"event_name":"Golden Wing","floor":4,"gold_loss":0},{"damage_healed":0,"gold_gain":0,"player_choice":"Grow","damage_taken":0,"max_hp_gain":0,"max_hp_loss":0,"event_name":"Living Wall","floor":12,"gold_loss":0,"cards_upgraded":["Calculated Gamble"]}],"is_beta":false,"boss_relics":[],"items_purged_floors":[],"is_endless":false,"potions_floor_spawned":[6,8,10,14],"killed_by":"Hexaghost","ascension_level":0}