{"gold_per_floor":[16,16,32,32,46,46,60,72,117,117,117,142,217,295,295,396,396,410,360,335,348,367,367,382,382,409,409,509,544,556,590,590,695,695,705,705,719,767,778,553,588,588,639,658,658,690,690,709,709,709],"floor_reached":51,"playtime":2140,"items_purged":[],"score":1230,"play_id":"0478a17f-b16f-424d-867b-56227944a330","local_time":"20190622113115","is_ascension_mode":true,"campfire_choices":[{"data":"Demon Form","floor":6,"key":"SMITH"},{"data":"Reaper","floor":11,"key":"SMITH"},{"data":"Twin Strike","floor":15,"key":"SMITH"},{"data":"Bludgeon","floor":23,"key":"SMITH"},{"data":"Shockwave","floor":27,"key":"SMITH"},{"floor":32,"key":"REST"},{"data":"Heavy Blade","floor":42,"key":"SMITH"},{"floor":47,"key":"REST"},{"floor":49,"key":"REST"}],"neow_cost":"NO_GOLD","seed_source_timestamp":754690433247044,"circlet_count":0,"master_deck":["AscendersBane","Strike_R","Strike_R","Strike_R","Strike_R+1","Defend_R","Defend_R+1","Defend_R","Defend_R+1","Bash+1","Reaper+1","Iron Wave","Twin Strike+1","Demon Form+1","Pommel Strike+1","Battle Trance","Sword Boomerang","Bludgeon+1","Twin Strike+1","Warcry","Shockwave+1","Iron Wave+1","Twin Strike","Heavy Blade+1","Offering","Entrench+1","Dark Shackles","Deep Breath","Sever Soul+1","Iron Wave+1","Infernal Blade","Whirlwind+1","Uppercut+1"],"relics":["Burning Blood","War Paint","Mercury Hourglass","Busted Crown","Juzu Bracelet","Unceasing Top","Paper Frog","Bag of Marbles","Happy Flower","Snecko Eye","Peace Pipe","Whetstone","Boot","Potion Belt","Prayer Wheel"],"potions_floor_usage":[28,29,41,48,50],"damage_taken":[{"damage":8,"enemies":"Small Slimes","floor":1,"turns":6},{"damage":3,"enemies":"2 Louse","floor":3,"turns":3},{"damage":1,"enemies":"Cultist","floor":5,"turns":3},{"damage":35,"enemies":"Exordium Thugs","floor":7,"turns":5},{"damage":6,"enemies":"Looter","floor":8,"turns":2},{"damage":47,"enemies":"3 Sentries","floor":12,"turns":6},{"damage":0,"enemies":"Slime Boss","floor":16,"turns":7},{"damage":4,"enemies":"Chosen","floor":18,"turns":4},{"damage":32,"enemies":"Shell Parasite","floor":21,"turns":4},{"damage":18,"enemies":"Snake Plant","floor":22,"turns":3},{"damage":12,"enemies":"3 Cultists","floor":24,"turns":4},{"damage":19,"enemies":"Colosseum Slavers","floor":28,"turns":3},{"damage":25,"enemies":"Colosseum Nobs","floor":28,"turns":4},{"damage":47,"enemies":"Slavers","floor":29,"turns":4},{"damage":8,"enemies":"Snecko","floor":30,"turns":3},{"damage":47,"enemies":"Book of Stabbing","floor":31,"turns":4},{"damage":48,"enemies":"Collector","floor":33,"turns":6},{"damage":17,"enemies":"3 Darklings","floor":35,"turns":4},{"damage":0,"enemies":"3 Shapes","floor":37,"turns":3},{"damage":6,"enemies":"2 Orb Walkers","floor":38,"turns":3},{"damage":9,"enemies":"Writhing Mass","floor":39,"turns":4},{"damage":31,"enemies":"Giant Head","floor":41,"turns":6},{"damage":4,"enemies":"Jaw Worm Horde","floor":44,"turns":2},{"damage":55,"enemies":"Nemesis","floor":46,"turns":5},{"damage":9,"enemies":"3 Darklings","floor":48,"turns":3},{"damage":83,"enemies":"Awakened One","floor":50,"turns":6}],"seed_played":"-9041350787219369589","potions_obtained":[{"floor":3,"key":"BloodPotion"},{"floor":8,"key":"Explosive Potion"},{"floor":12,"key":"LiquidBronze"},{"floor":22,"key":"Regen Potion"},{"floor":35,"key":"BloodPotion"},{"floor":37,"key":"SteroidPotion"},{"floor":44,"key":"SpeedPotion"},{"floor":46,"key":"Block Potion"},{"floor":48,"key":"LiquidBronze"}],"is_trial":false,"path_per_floor":["M","?","M","?","M","R","M","M","T","$","R","E","?","T","R","B",null,"M","?","$","M","M","R","M","?","T","R","?","E","M","E","R","B",null,"M","?","M","?","M","$","E","R","T","M","?","E","R","M","R","B",null],"character_chosen":"IRONCLAD","items_purchased":["Warcry","Infernal Blade","Whetstone"],"campfire_rested":3,"item_purchase_floors":[20,40,40],"current_hp_per_floor":[76,76,79,79,80,80,64,64,64,64,64,61,50,50,50,80,80,80,80,80,54,42,42,72,72,72,72,67,76,74,44,68,52,73,80,70,76,76,78,78,63,63,63,65,65,24,48,45,69,19],"gold":709,"neow_bonus":"THREE_RARE_CARDS","is_prod":false,"is_daily":false,"chose_seed":false,"campfire_upgraded":6,"win_rate":0,"timestamp":1561167075,"path_taken":["M","?","M","?","?","R","M","M","T","?","R","E","?","?","R","BOSS","M","?","$","?","M","R","M","?","T","R","?","E","M","E","R","BOSS","M","?","M","?","M","$","E","R","T","M","?","E","R","M","R","BOSS"],"build_version":"2019-01-23","purchased_purges":0,"victory":true,"max_hp_per_floor":[80,80,80,80,80,80,80,80,80,80,80,80,80,80,80,80,80,80,80,80,80,80,80,80,80,80,80,80,80,80,80,80,80,80,80,80,80,80,80,80,80,80,80,80,80,80,80,80,80,80],"card_choices":[{"not_picked":["Fiend Fire","Barricade"],"picked":"Reaper","floor":0},{"not_picked":["Anger","Perfected Strike"],"picked":"Iron Wave","floor":1},{"not_picked":["Ghostly Armor","Iron Wave"],"picked":"Twin Strike","floor":3},{"not_picked":["Iron Wave","Burning Pact"],"picked":"Demon Form","floor":5},{"not_picked":["Carnage","Anger"],"picked":"Pommel Strike","floor":7},{"not_picked":["Sword Boomerang","Rupture"],"picked":"Battle Trance","floor":8},{"not_picked":["Twin Strike","Iron Wave"],"picked":"Sword Boomerang","floor":12},{"not_picked":["Demon Form","Brutality"],"picked":"Bludgeon","floor":16},{"not_picked":[],"picked":"Twin Strike+1","floor":18},{"not_picked":[],"picked":"Shockwave","floor":21},{"not_picked":["Perfected Strike"],"picked":"SKIP","floor":22},{"not_picked":[],"picked":"Iron Wave+1","floor":24},{"not_picked":[],"picked":"Twin Strike","floor":28},{"not_picked":["Heavy Blade"],"picked":"SKIP","floor":29},{"not_picked":[],"picked":"Heavy Blade","floor":29},{"not_picked":["Sentinel"],"picked":"SKIP","floor":30},{"not_picked":[],"picked":"Shockwave","floor":31},{"not_picked":[],"picked":"Offering","floor":33},{"not_picked":[],"picked":"Entrench+1","floor":35},{"not_picked":[],"picked":"Dark Shackles","floor":36},{"not_picked":[],"picked":"Deep Breath","floor":36},{"not_picked":[],"picked":"Sever Soul+1","floor":37},{"not_picked":[],"picked":"Iron Wave+1","floor":39},{"not_picked":[],"picked":"Whirlwind+1","floor":41},{"not_picked":[],"picked":"Uppercut+1","floor":44},{"not_picked":["Hemokinesis"],"picked":"SKIP","floor":46},{"not_picked":["Rupture"],"picked":"SKIP","floor":48},{"not_picked":["Warcry"],"picked":"SKIP","floor":48}],"player_experience":479540,"relics_obtained":[{"floor":9,"key":"War Paint"},{"floor":12,"key":"Mercury Hourglass"},{"floor":26,"key":"Juzu Bracelet"},{"floor":28,"key":"Unceasing Top"},{"floor":28,"key":"Paper Frog"},{"floor":29,"key":"Bag of Marbles"},{"floor":31,"key":"Happy Flower"},{"floor":38,"key":"Peace Pipe"},{"floor":41,"key":"Boot"},{"floor":43,"key":"Potion Belt"},{"floor":46,"key":"Prayer Wheel"}],"event_choices":[{"damage_healed":0,"gold_gain":0,"player_choice":"Ignored","damage_taken":0,"max_hp_gain":0,"max_hp_loss":0,"event_name":"Shining Light","floor":2,"gold_loss":0},{"damage_healed":0,"gold_gain":0,"player_choice":"Upgraded","damage_taken":0,"max_hp_gain":0,"max_hp_loss":0,"event_name":"Upgrade Shrine","floor":4,"gold_loss":0,"cards_upgraded":["Bash"]},{"damage_healed":0,"gold_gain":75,"player_choice":"Gather Gold","damage_taken":11,"max_hp_gain":0,"max_hp_loss":0,"event_name":"World of Goop","floor":13,"gold_loss":0},{"damage_healed":0,"gold_gain":0,"player_choice":"Bet on Murderer","damage_taken":0,"max_hp_gain":0,"max_hp_loss":0,"event_name":"The Joust","floor":19,"gold_loss":50},{"cards_removed":["Strike_R"],"damage_healed":0,"gold_gain":0,"player_choice":"Elegance","damage_taken":0,"max_hp_gain":0,"max_hp_loss":0,"event_name":"Back to Basics","floor":25,"gold_loss":0},{"damage_healed":0,"gold_gain":0,"player_choice":"Fight","damage_taken":0,"max_hp_gain":0,"max_hp_loss":0,"event_name":"Colosseum","floor":28,"gold_loss":0},{"damage_healed":0,"gold_gain":0,"player_choice":"Fought Nobs","damage_taken":0,"max_hp_gain":0,"max_hp_loss":0,"event_name":"Colosseum","floor":28,"gold_loss":0},{"damage_healed":0,"gold_gain":0,"player_choice":"Memory 3","damage_taken":10,"max_hp_gain":0,"max_hp_loss":0,"event_name":"SensoryStone","floor":36,"gold_loss":0},{"damage_healed":0,"gold_gain":0,"player_choice":"Fight","damage_taken":0,"max_hp_gain":0,"max_hp_loss":0,"event_name":"Mysterious Sphere","floor":38,"gold_loss":0},{"cards_removed":["Shockwave"],"damage_healed":0,"gold_gain":0,"player_choice":"Removed Skill","damage_taken":0,"max_hp_gain":0,"max_hp_loss":0,"event_name":"Falling","floor":45,"gold_loss":0}],"is_beta":false,"boss_relics":[{"not_picked":["White Beast Statue","Orrery"],"picked":"Busted Crown"},{"not_picked":["Velvet Choker","Mark of Pain"],"picked":"Snecko Eye"}],"items_purged_floors":[],"is_endless":false,"potions_floor_spawned":[3,8,12,22,24,28,35,37,44,46,48],"ascension_level":10}