{"gold_per_floor":[112,112,124,124,124,158,170,170,170,205,59,59,24,35,35,140,140,150,168,19,31,31],"floor_reached":22,"playtime":1437,"items_purged":[],"score":213,"play_id":"27cdf3bf-25a4-4562-8976-753508f21858","local_time":"20190506172147","is_ascension_mode":true,"campfire_choices":[{"floor":8,"key":"REST"},{"floor":15,"key":"REST"}],"neow_cost":"NONE","seed_source_timestamp":1187253266114021,"circlet_count":0,"master_deck":["Strike_B","Strike_B","Strike_B","Strike_B","Defend_B","Defend_B","Defend_B","Defend_B","Zap","Dualcast+1","Auto Shields","Sweeping Beam+1","Cold Snap","Gash","Chaos","Echo Form","Leap+1","Ball Lightning+1"],"relics":["Black Star","Matryoshka","Prayer Wheel","Dream Catcher","Pantograph","Meat on the Bone","Lantern","Juzu Bracelet","Inserter","Anchor"],"potions_floor_usage":[16,21,22],"damage_taken":[{"damage":0,"enemies":"Small Slimes","floor":1,"turns":4},{"damage":1,"enemies":"Jaw Worm","floor":3,"turns":4},{"damage":56,"enemies":"Gremlin Nob","floor":6,"turns":6},{"damage":1,"enemies":"Cultist","floor":7,"turns":3},{"damage":35,"enemies":"Lagavulin","floor":10,"turns":8},{"damage":5,"enemies":"3 Louse","floor":14,"turns":2},{"damage":44,"enemies":"Slime Boss","floor":16,"turns":11},{"damage":40,"enemies":"3 Byrds","floor":18,"turns":7},{"damage":18,"enemies":"Chosen","floor":19,"turns":6},{"damage":17,"enemies":"Centurion and Healer","floor":21,"turns":8},{"damage":37,"enemies":"Snecko","floor":22,"turns":7}],"seed_played":"-8332245337262434211","potions_obtained":[{"floor":1,"key":"Explosive Potion"},{"floor":7,"key":"GamblersBrew"},{"floor":16,"key":"Swift Potion"},{"floor":19,"key":"SpeedPotion"},{"floor":21,"key":"SkillPotion"}],"is_trial":false,"path_per_floor":["M","?","M","$","?","E","M","R","T","E","$","?","?","M","R","B",null,"M","M","$","M","M"],"character_chosen":"DEFECT","items_purchased":["Juzu Bracelet","Anchor"],"campfire_rested":2,"item_purchase_floors":[11,20],"current_hp_per_floor":[75,75,74,74,74,18,17,39,39,4,4,4,22,29,51,43,75,47,41,41,36,0],"gold":31,"neow_bonus":"BOSS_RELIC","is_prod":false,"is_daily":false,"chose_seed":false,"campfire_upgraded":0,"win_rate":0,"timestamp":1557127307,"path_taken":["M","?","M","$","?","E","M","R","T","E","$","?","?","M","R","BOSS","M","M","$","M","M"],"build_version":"2019-01-23","purchased_purges":0,"victory":false,"max_hp_per_floor":[75,75,75,75,75,75,75,75,75,75,75,75,75,75,75,75,75,75,75,75,75,75],"card_choices":[{"not_picked":["Capacitor","Genetic Algorithm"],"picked":"Auto Shields","floor":1},{"not_picked":["Stack","Glacier"],"picked":"Sweeping Beam","floor":3},{"not_picked":["Heatsinks","Coolheaded","Glacier"],"picked":"SKIP","floor":6},{"not_picked":["Heatsinks","Streamline","Darkness"],"picked":"SKIP","floor":7},{"not_picked":["Scrape","Rebound","Undo"],"picked":"SKIP","floor":7},{"not_picked":["Force Field","Tempest"],"picked":"Cold Snap","floor":10},{"not_picked":["Cold Snap","Consume"],"picked":"Gash","floor":14},{"not_picked":["Steam Power","Sweeping Beam","Turbo"],"picked":"SKIP","floor":14},{"not_picked":["Self Repair","Rip and Tear"],"picked":"Chaos","floor":15},{"not_picked":["Reboot","Fission"],"picked":"Echo Form","floor":16},{"not_picked":["Lockon","Sweeping Beam"],"picked":"Leap+1","floor":18},{"not_picked":["Conserve Battery","Go for the Eyes+1","Recycle+1"],"picked":"SKIP","floor":18},{"not_picked":["Consume","Streamline"],"picked":"Ball Lightning+1","floor":19},{"not_picked":["Cold Snap+1","Streamline+1","Stack"],"picked":"SKIP","floor":19},{"not_picked":["Aggregate","Compile Driver","Streamline"],"picked":"SKIP","floor":21},{"not_picked":["Scrape","Cold Snap","Sweeping Beam"],"picked":"SKIP","floor":21}],"player_experience":374722,"relics_obtained":[{"floor":6,"key":"Matryoshka"},{"floor":6,"key":"Prayer Wheel"},{"floor":9,"key":"Dream Catcher"},{"floor":9,"key":"Pantograph"},{"floor":10,"key":"Meat on the Bone"},{"floor":10,"key":"Lantern"}],"event_choices":[{"damage_healed":0,"gold_gain":0,"player_choice":"Ignored","damage_taken":0,"max_hp_gain":0,"max_hp_loss":0,"event_name":"Golden Wing","floor":2,"gold_loss":0},{"damage_healed":0,"gold_gain":0,"player_choice":"Grow","damage_taken":0,"max_hp_gain":0,"max_hp_loss":0,"event_name":"Living Wall","floor":5,"gold_loss":0,"cards_upgraded":["Sweeping Beam"]},{"damage_healed":0,"gold_gain":0,"player_choice":"Upgraded","damage_taken":0,"max_hp_gain":0,"max_hp_loss":0,"event_name":"Upgrade Shrine","floor":12,"gold_loss":0,"cards_upgraded":["Dualcast"]},{"damage_healed":18,"gold_gain":0,"player_choice":"Healed","damage_taken":0,"max_hp_gain":0,"max_hp_loss":0,"event_name":"The Cleric","floor":13,"gold_loss":35}],"is_beta":false,"boss_relics":[{"not_picked":["Astrolabe","Empty Cage"],"picked":"Inserter"}],"items_purged_floors":[],"is_endless":false,"potions_floor_spawned":[1,7,16,19,21],"killed_by":"Snecko","ascension_level":2}