{"gold_per_floor":[117,117,0,0,0,28,48,223,250,261,272,299,269,303,303,408,408,419,334,434,450,450,450,474,4,4,36,36,36,48,62,62,62],"floor_reached":33,"playtime":1482,"items_purged":["Doubt"],"score":383,"play_id":"52acd9b8-17d1-421e-85c9-7473bb865447","local_time":"20190624224938","is_ascension_mode":true,"campfire_choices":[{"floor":15.0,"key":"REST"},{"floor":23,"key":"REST"},{"floor":28,"key":"REST"},{"floor":32,"key":"REST"}],"neow_cost":"NONE","seed_source_timestamp":0,"circlet_count":0,"master_deck":["Strike_R+1","Strike_R","Strike_R+1","Strike_R","Strike_R","Defend_R","Defend_R","Defend_R","Defend_R","Bash","Carnage+1","Blood for Blood","Shockwave","Power Through","Flame Barrier","Rampage","Feel No Pain","Bludgeon","Injury","Shrug It Off","Iron Wave+1","Armaments+1","Ghostly Armor","Corruption","Perfected Strike+1","Sever Soul","Shrug It Off+1","Whirlwind+1"],"special_seed":0,"relics":["Burning Blood","NeowsBlessing","Bronze Scales","Bag of Preparation","Omamori","Kunai","Calling Bell","Strawberry","Self Forming Clay","StoneCalendar","PreservedInsect","Ginger","Bottled Lightning","Anchor","Whetstone","Happy Flower","ClockworkSouvenir","Dream Catcher","Bottled Tornado"],"potions_floor_usage":[20,33],"damage_taken":[{"damage":0.0,"enemies":"Small Slimes","floor":1.0,"turns":1.0},{"damage":0.0,"enemies":"Lagavulin","floor":6.0,"turns":1.0},{"damage":0.0,"enemies":"Jaw Worm","floor":7.0,"turns":1.0},{"damage":0.0,"enemies":"Cultist","floor":10.0,"turns":3.0},{"damage":4.0,"enemies":"Exordium Wildlife","floor":11.0,"turns":5.0},{"damage":35.0,"enemies":"3 Sentries","floor":12.0,"turns":12.0},{"damage":49.0,"enemies":"Lagavulin","floor":14.0,"turns":8.0},{"damage":44.0,"enemies":"The Guardian","floor":16.0,"turns":9.0},{"damage":22,"enemies":"Shell Parasite","floor":18,"turns":6},{"damage":35,"enemies":"Colosseum Slavers","floor":20,"turns":4},{"damage":21,"enemies":"Colosseum Nobs","floor":20,"turns":6},{"damage":0,"enemies":"3 Byrds","floor":21,"turns":3},{"damage":23,"enemies":"Gremlin Leader","floor":27,"turns":5},{"damage":11,"enemies":"Centurion and Healer","floor":30,"turns":8},{"damage":12,"enemies":"Cultist and Chosen","floor":31,"turns":6},{"damage":72,"enemies":"Automaton","floor":33,"turns":6}],"seed_played":"-1262318212182185","potions_obtained":[{"floor":7.0,"key":"Regen Potion"},{"floor":11.0,"key":"Fire Potion"},{"floor":14.0,"key":"PowerPotion"},{"floor":18,"key":"Weak Potion"},{"floor":20,"key":"Ancient Potion"},{"floor":27,"key":"Explosive Potion"}],"is_trial":false,"path_per_floor":["M","?","$","?","$","E","M","?","T","M","M","E","?","E","R","B",null,"M","?","?","M","?","R","T","$","T","E","R","?","M","M","R","B"],"character_chosen":"IRONCLAD","items_purchased":["Carnage","Blood for Blood","Happy Flower","ClockworkSouvenir","Ghostly Armor"],"campfire_rested":4,"item_purchase_floors":[3,3,25,25,25],"current_hp_per_floor":[80,80,80,80,80,80,80,80,80,80,80,51,51,23,47,9,69,53,53,9,15,15,41,41,41,41,24,50,50,45,39,65,0],"gold":62,"neow_bonus":"THREE_ENEMY_KILL","is_prod":false,"is_daily":false,"chose_seed":false,"campfire_upgraded":0,"win_rate":0,"timestamp":1561380578,"path_taken":["M","?","$","?","$","E","?","?","T","M","M","E","?","E","R","BOSS","M","?","?","M","?","R","?","$","T","E","R","?","M","M","R","BOSS"],"build_version":"2019-01-23","purchased_purges":1,"victory":false,"max_hp_per_floor":[80,80,80,80,80,80,80,80,80,80,80,80,80,80,80,80,87,87,87,87,87,87,87,87,87,87,87,87,87,87,87,87,87],"card_choices":[{"not_picked":["Perfected Strike","Dual Wield","Ghostly Armor"],"picked":"SKIP","floor":1.0},{"not_picked":["Flex","Perfected Strike"],"picked":"Shockwave","floor":6.0},{"not_picked":["Reckless Charge","Warcry","Rupture"],"picked":"SKIP","floor":7.0},{"not_picked":["Hemokinesis","Sword Boomerang"],"picked":"Power Through","floor":10.0},{"not_picked":["Rage","Anger"],"picked":"Flame Barrier","floor":11.0},{"not_picked":["Havoc","Ghostly Armor"],"picked":"Rampage","floor":12.0},{"not_picked":["Havoc","Rampage"],"picked":"Feel No Pain","floor":14.0},{"not_picked":["Berserk","Double Tap"],"picked":"Bludgeon","floor":16.0},{"not_picked":["Dual Wield+1","Body Slam"],"picked":"Shrug It Off","floor":18},{"not_picked":["Feel No Pain+1","Headbutt"],"picked":"Iron Wave+1","floor":20},{"not_picked":["Feel No Pain+1","Perfected Strike"],"picked":"Armaments+1","floor":21},{"not_picked":["Perfected Strike","Cleave+1"],"picked":"Corruption","floor":27},{"not_picked":["Dual Wield+1","Clothesline"],"picked":"Perfected Strike+1","floor":28},{"not_picked":["Reaper","Flex"],"picked":"Sever Soul","floor":30},{"not_picked":["Intimidate+1","Cleave"],"picked":"Shrug It Off+1","floor":31},{"not_picked":["Flex","Reckless Charge+1"],"picked":"Whirlwind+1","floor":32}],"player_experience":159442,"relics_obtained":[{"floor":6.0,"key":"Bronze Scales"},{"floor":9.0,"key":"Bag of Preparation"},{"floor":12.0,"key":"Omamori"},{"floor":14.0,"key":"Kunai"},{"floor":17,"key":"Strawberry"},{"floor":17,"key":"Self Forming Clay"},{"floor":17,"key":"StoneCalendar"},{"floor":20,"key":"Ginger"},{"floor":20,"key":"Bottled Lightning"},{"floor":24,"key":"Whetstone"},{"floor":26,"key":"Dream Catcher"},{"floor":27,"key":"Bottled Tornado"}],"event_choices":[{"damage_healed":0.0,"max_hp_gain":0.0,"max_hp_loss":0.0,"gold_gain":0.0,"event_name":"The Cleric","player_choice":"Leave","floor":2.0,"gold_loss":0.0,"damage_taken":0.0},{"damage_healed":0.0,"max_hp_gain":0.0,"max_hp_loss":0.0,"gold_gain":0.0,"event_name":"Accursed Blacksmith","player_choice":"Forge","floor":4.0,"gold_loss":0.0,"damage_taken":0.0,"cards_upgraded":["Carnage"]},{"damage_healed":0.0,"max_hp_gain":0.0,"max_hp_loss":0.0,"gold_gain":175.0,"event_name":"Liars Game","player_choice":"AGREE","floor":8.0,"gold_loss":0.0,"damage_taken":0.0,"cards_obtained":["Doubt"]},{"damage_healed":0.0,"max_hp_gain":0.0,"max_hp_loss":0.0,"gold_gain":0.0,"event_name":"World of Goop","player_choice":"Left Gold","floor":13.0,"gold_loss":30.0,"damage_taken":0.0},{"damage_healed":0,"gold_gain":0,"player_choice":"Obtained Relic","damage_taken":0,"relics_obtained":["PreservedInsect"],"max_hp_gain":0,"max_hp_loss":0,"event_name":"Addict","floor":19,"gold_loss":85},{"damage_healed":0,"gold_gain":0,"player_choice":"Fight","damage_taken":0,"max_hp_gain":0,"max_hp_loss":0,"event_name":"Colosseum","floor":20,"gold_loss":0},{"damage_healed":0,"gold_gain":0,"player_choice":"Fought Nobs","damage_taken":0,"max_hp_gain":0,"max_hp_loss":0,"event_name":"Colosseum","floor":20,"gold_loss":0},{"damage_healed":0,"gold_gain":0,"player_choice":"Opened","damage_taken":0,"relics_obtained":["Anchor"],"max_hp_gain":0,"max_hp_loss":0,"event_name":"The Mausoleum","floor":22,"gold_loss":0},{"damage_healed":0,"gold_gain":0,"player_choice":"Ignored","damage_taken":0,"max_hp_gain":0,"max_hp_loss":0,"event_name":"Ghosts","floor":29,"gold_loss":0}],"is_beta":false,"boss_relics":[{"not_picked":["Snecko Eye","Eternal Feather"],"picked":"Calling Bell"}],"items_purged_floors":[25],"is_endless":false,"potions_floor_spawned":[7,11,14,18,20,27],"killed_by":"Automaton","ascension_level":5}