{"gold_per_floor":[112,112,112,112,127,127,158,158,158,158,187,205,205,225,225,320,320,339,254,27,27,47,77,6,6,6,6,6,41,41,56,56,56],"floor_reached":33,"playtime":3195,"items_purged":["Strike_R"],"score":314,"play_id":"8c797c88-5a2e-44ce-9528-6700ddf2cecc","local_time":"20190616091541","is_ascension_mode":false,"campfire_choices":[{"data":"Pommel Strike","floor":6,"key":"SMITH"},{"data":"Bash","floor":8,"key":"SMITH"},{"data":"Iron Wave","floor":10,"key":"SMITH"},{"data":"Iron Wave","floor":13,"key":"SMITH"},{"data":"Strike_R","floor":15,"key":"SMITH"},{"data":"Brutality","floor":25,"key":"SMITH"},{"data":"Ghostly Armor","floor":28,"key":"SMITH"},{"floor":32,"key":"REST"}],"neow_cost":"TEN_PERCENT_HP_LOSS","seed_source_timestamp":147405393600900,"circlet_count":0,"master_deck":["Defend_R","Bash+1","Iron Wave+1","Ghostly Armor+1","Iron Wave+1","Pommel Strike+1","Pummel+1","Pommel Strike+1","Rampage+1","Brutality+1","Seeing Red+1","Spot Weakness+1","Pummel+1","Bite+1","Bite+1","Bite+1","Bite+1","Bite+1","Heavy Blade+1"],"relics":["Burning Blood","Molten Egg 2","PreservedInsect","Calipers","Sozu","Paper Frog","Blood Vial","Thread and Needle","Frozen Egg 2","Orichalcum","Nilry\u0027s Codex"],"potions_floor_usage":[6,17],"damage_taken":[{"damage":4,"enemies":"2 Louse","floor":1,"turns":3},{"damage":2,"enemies":"Jaw Worm","floor":5,"turns":3},{"damage":5,"enemies":"Gremlin Nob","floor":7,"turns":4},{"damage":11,"enemies":"Lagavulin","floor":11,"turns":3},{"damage":5,"enemies":"Small Slimes","floor":12,"turns":3},{"damage":0,"enemies":"2 Fungi Beasts","floor":14,"turns":2},{"damage":39,"enemies":"The Guardian","floor":16,"turns":9},{"damage":12,"enemies":"Shell Parasite","floor":18,"turns":3},{"damage":5,"enemies":"Spheric Guardian","floor":22,"turns":3},{"damage":41,"enemies":"Slavers","floor":23,"turns":4},{"damage":24,"enemies":"Gremlin Leader","floor":29,"turns":3},{"damage":14,"enemies":"Snake Plant","floor":31,"turns":3},{"damage":89,"enemies":"Automaton","floor":33,"turns":6}],"seed_played":"-7599033418503872876","potions_obtained":[{"floor":1,"key":"Fruit Juice"},{"floor":16,"key":"Fruit Juice"}],"is_trial":false,"path_per_floor":["M","?","?","?","M","R","E","R","T","R","E","M","R","M","R","B",null,"M","?","$","?","M","E","$","R","T","?","R","E","?","M","R","B"],"character_chosen":"IRONCLAD","items_purchased":["Blood Vial","Pummel+1"],"campfire_rested":1,"item_purchase_floors":[20,24],"current_hp_per_floor":[72,58,58,58,62,67,68,68,68,68,63,64,64,70,70,37,82,76,76,76,76,79,46,46,46,46,46,46,36,20,14,31,0],"gold":56,"neow_bonus":"TRANSFORM_TWO_CARDS","is_prod":false,"is_daily":false,"chose_seed":false,"campfire_upgraded":7,"win_rate":0.0,"timestamp":1560690941,"path_taken":["M","?","?","?","M","R","E","R","T","R","E","M","R","M","R","BOSS","M","?","$","?","M","E","$","R","T","?","R","E","?","M","R","BOSS"],"build_version":"2019-01-23","purchased_purges":1,"victory":false,"max_hp_per_floor":[72,72,72,72,72,77,77,77,77,77,77,77,77,77,77,77,82,82,82,82,82,82,82,82,82,82,57,57,57,57,57,57,57],"card_choices":[{"not_picked":["Dual Wield","Twin Strike"],"picked":"Iron Wave","floor":1},{"not_picked":["Twin Strike","Headbutt"],"picked":"Pommel Strike","floor":5},{"not_picked":["Barricade","Perfected Strike"],"picked":"Pummel","floor":7},{"not_picked":["Flex","Feed+1"],"picked":"Pommel Strike+1","floor":11},{"not_picked":["Disarm","Ghostly Armor"],"picked":"Rampage+1","floor":12},{"not_picked":["Perfected Strike+1","Body Slam+1","Corruption"],"picked":"SKIP","floor":14},{"not_picked":["Impervious","Fiend Fire+1"],"picked":"Brutality","floor":16},{"not_picked":["Twin Strike+1","Sword Boomerang+1"],"picked":"Seeing Red+1","floor":18},{"not_picked":["Sword Boomerang+1","Ghostly Armor","Carnage+1"],"picked":"SKIP","floor":22},{"not_picked":["Sword Boomerang+1","Rampage+1"],"picked":"Spot Weakness+1","floor":23},{"not_picked":["Power Through","Reaper+1"],"picked":"Heavy Blade+1","floor":29},{"not_picked":["Perfected Strike+1","Rampage+1","Anger+1"],"picked":"SKIP","floor":31}],"player_experience":49265,"relics_obtained":[{"floor":7,"key":"Molten Egg 2"},{"floor":9,"key":"PreservedInsect"},{"floor":11,"key":"Calipers"},{"floor":23,"key":"Thread and Needle"},{"floor":26,"key":"Frozen Egg 2"},{"floor":29,"key":"Orichalcum"},{"floor":30,"key":"Nilry\u0027s Codex"}],"event_choices":[{"damage_healed":0,"gold_gain":0,"player_choice":"Entered Light","damage_taken":14,"max_hp_gain":0,"max_hp_loss":0,"event_name":"Shining Light","floor":2,"gold_loss":0,"cards_upgraded":["Strike_R","Strike_R"]},{"damage_healed":0,"gold_gain":0,"player_choice":"Ignored","damage_taken":0,"max_hp_gain":0,"max_hp_loss":0,"event_name":"Liars Game","floor":3,"gold_loss":0},{"cards_removed":["Defend_R"],"damage_healed":0,"gold_gain":0,"player_choice":"Forget","damage_taken":0,"max_hp_gain":0,"max_hp_loss":0,"event_name":"Living Wall","floor":4,"gold_loss":0},{"damage_healed":0,"gold_gain":0,"player_choice":"Obtained Relic","damage_taken":0,"relics_obtained":["Paper Frog"],"max_hp_gain":0,"max_hp_loss":0,"event_name":"Addict","floor":19,"gold_loss":85},{"damage_healed":0,"gold_gain":0,"player_choice":"Ignored","damage_taken":0,"max_hp_gain":0,"max_hp_loss":0,"event_name":"Beggar","floor":21,"gold_loss":0},{"damage_healed":0,"gold_gain":0,"player_choice":"Became a vampire","damage_taken":0,"max_hp_gain":0,"max_hp_loss":25,"event_name":"Vampires","floor":27,"gold_loss":0,"cards_obtained":["Bite","Bite","Bite","Bite","Bite"]},{"damage_healed":0,"gold_gain":0,"player_choice":"Obtained Book","damage_taken":16,"max_hp_gain":0,"max_hp_loss":0,"event_name":"Cursed Tome","floor":30,"gold_loss":0}],"is_beta":false,"boss_relics":[{"not_picked":["Snecko Eye","Empty Cage"],"picked":"Sozu"}],"items_purged_floors":[20],"is_endless":false,"potions_floor_spawned":[1,16,18,23],"killed_by":"Automaton","ascension_level":0}