{"gold_per_floor":[362,10,26,42,42,77,77,90,117,117,117,128,160,180,180,283,283,297,317,330,348,348,382,382,414,440,469,481,493,505,527,539,551],"floor_reached":33,"playtime":1621,"items_purged":[],"score":418,"play_id":"8b106d75-0056-4ded-96f9-9477fd2799ae","local_time":"20190227201152","is_ascension_mode":true,"campfire_choices":[{"floor":10,"key":"REST"},{"data":"Spot Weakness","floor":15,"key":"SMITH"},{"data":"Ghostly","floor":28,"key":"SMITH"},{"data":"Ghostly","floor":32,"key":"SMITH"}],"neow_cost":"TEN_PERCENT_HP_LOSS","seed_source_timestamp":0,"circlet_count":0,"master_deck":["Strike_R+1","Strike_R+1","Strike_R+1","Strike_R+1","Strike_R+1","Defend_R+1","Defend_R+1","Defend_R+1","Defend_R+1","Bash","Pommel Strike","Spot Weakness+1","Immolate","Pommel Strike","Ghostly+1","Ghostly+1","Ghostly","Ghostly","Ghostly","Shockwave+1"],"special_seed":0,"relics":["Burning Blood","PreservedInsect","Strange Spoon","Red Skull","Lantern","Blood Vial","Sozu","Potion Belt","Ornamental Fan","Boot","MawBank"],"potions_floor_usage":[8,13,16,16],"damage_taken":[{"damage":6.0,"enemies":"Jaw Worm","floor":1.0,"turns":4.0},{"damage":6,"enemies":"Cultist","floor":3,"turns":3},{"damage":7,"enemies":"Small Slimes","floor":4,"turns":3},{"damage":66,"enemies":"Lagavulin","floor":6,"turns":7},{"damage":4,"enemies":"Blue Slaver","floor":8,"turns":3},{"damage":6,"enemies":"Looter","floor":12,"turns":4},{"damage":13,"enemies":"Gremlin Nob","floor":13,"turns":3},{"damage":12,"enemies":"2 Fungi Beasts","floor":14,"turns":3},{"damage":68,"enemies":"Hexaghost","floor":16,"turns":10},{"damage":23,"enemies":"Spheric Guardian","floor":18,"turns":4},{"damage":7,"enemies":"Chosen","floor":19,"turns":3},{"damage":44,"enemies":"Shelled Parasite and Fungi","floor":20,"turns":5},{"damage":14,"enemies":"Cultist and Chosen","floor":21,"turns":4},{"damage":5,"enemies":"Book of Stabbing","floor":23,"turns":4},{"damage":5,"enemies":"Gremlin Leader","floor":25,"turns":3},{"damage":0,"enemies":"Slavers","floor":27,"turns":4},{"damage":3,"enemies":"Sentry and Sphere","floor":31,"turns":4},{"damage":38,"enemies":"Collector","floor":33,"turns":5}],"seed_played":"-6992994011712800347","potions_obtained":[{"floor":3,"key":"Weak Potion"},{"floor":8,"key":"FearPotion"},{"floor":13,"key":"BloodPotion"},{"floor":14,"key":"Dexterity Potion"}],"is_trial":false,"path_per_floor":["M","$","M","M","?","E","?","M","T","R","?","M","E","M","R","B",null,"M","M","M","M","?","E","?","E","T","E","R","?","$","M","R","B"],"character_chosen":"IRONCLAD","items_purchased":["PreservedInsect","Strange Spoon"],"campfire_rested":1,"item_purchase_floors":[2,2],"current_hp_per_floor":[72,72,72,71,71,11,11,13,13,34,72,72,65,61,61,8,72,55,56,20,14,14,17,17,20,20,28,28,28,28,33,33,0],"gold":551,"neow_bonus":"TWO_FIFTY_GOLD","is_prod":false,"is_daily":false,"chose_seed":false,"campfire_upgraded":3,"win_rate":0,"timestamp":1551258712,"path_taken":["M","$","M","M","?","E","?","M","T","R","?","M","E","?","R","BOSS","M","M","M","M","?","E","?","E","T","E","R","?","$","M","R","BOSS"],"build_version":"2019-01-23","purchased_purges":0,"victory":false,"max_hp_per_floor":[72,72,72,72,72,72,72,72,72,72,72,72,72,72,72,72,72,72,72,72,72,36,36,36,36,36,36,36,36,36,36,36,36],"card_choices":[{"not_picked":["Clothesline","Havoc","Anger"],"picked":"SKIP","floor":1.0},{"not_picked":["Clash","Clothesline","Havoc"],"picked":"SKIP","floor":3},{"not_picked":["Intimidate","Iron Wave","Berserk"],"picked":"SKIP","floor":4},{"not_picked":["Burning Pact","Clash"],"picked":"Infernal Blade","floor":6},{"not_picked":["Cleave","Anger"],"picked":"Pommel Strike","floor":8},{"not_picked":["Hemokinesis","Armaments","Rupture"],"picked":"SKIP","floor":12},{"not_picked":["Combust","Warcry"],"picked":"Spot Weakness","floor":13},{"not_picked":["Reaper","Armaments","Anger"],"picked":"SKIP","floor":14},{"not_picked":["Impervious","Reaper"],"picked":"Immolate","floor":16},{"not_picked":["Twin Strike","Evolve","Wild Strike"],"picked":"SKIP","floor":18},{"not_picked":["Pummel","Warcry"],"picked":"Pommel Strike","floor":19},{"not_picked":["Body Slam","Warcry","Corruption"],"picked":"SKIP","floor":20},{"not_picked":["Shrug It Off","Power Through","Clothesline"],"picked":"SKIP","floor":21},{"not_picked":["Havoc","Demon Form"],"picked":"Shockwave+1","floor":23},{"not_picked":["Twin Strike","Wild Strike","Infernal Blade"],"picked":"SKIP","floor":25},{"not_picked":["Dual Wield","Hemokinesis","Pommel Strike"],"picked":"SKIP","floor":27},{"not_picked":["Twin Strike","Dropkick","Sword Boomerang"],"picked":"SKIP","floor":31}],"player_experience":201887,"relics_obtained":[{"floor":6,"key":"Red Skull"},{"floor":9,"key":"Lantern"},{"floor":13,"key":"Blood Vial"},{"floor":23,"key":"Potion Belt"},{"floor":25,"key":"Ornamental Fan"},{"floor":26,"key":"Boot"},{"floor":27,"key":"MawBank"}],"event_choices":[{"damage_healed":0,"gold_gain":0,"player_choice":"Ignored","damage_taken":0,"max_hp_gain":0,"max_hp_loss":0,"event_name":"Liars Game","floor":5,"gold_loss":0},{"damage_healed":0,"gold_gain":0,"player_choice":"Ignored","damage_taken":0,"max_hp_gain":0,"max_hp_loss":0,"event_name":"Golden Wing","floor":7,"gold_loss":0},{"cards_removed":["Infernal Blade"],"damage_healed":38,"gold_gain":0,"player_choice":"Offered Uncommon","damage_taken":0,"max_hp_gain":0,"max_hp_loss":0,"event_name":"Bonfire Elementals","floor":11,"gold_loss":0},{"damage_healed":0,"gold_gain":0,"player_choice":"Became a Ghost","damage_taken":0,"max_hp_gain":0,"max_hp_loss":36,"event_name":"Ghosts","floor":22,"gold_loss":0,"cards_obtained":["Ghostly","Ghostly","Ghostly","Ghostly","Ghostly"]},{"damage_healed":0,"gold_gain":0,"player_choice":"Simplicity","damage_taken":0,"max_hp_gain":0,"max_hp_loss":0,"event_name":"Back to Basics","floor":24,"gold_loss":0,"cards_upgraded":["Strike_R","Strike_R","Strike_R","Strike_R","Strike_R","Defend_R","Defend_R","Defend_R","Defend_R"]},{"damage_healed":0,"gold_gain":0,"player_choice":"Ignored","damage_taken":0,"max_hp_gain":0,"max_hp_loss":0,"event_name":"Beggar","floor":29,"gold_loss":0}],"is_beta":false,"boss_relics":[{"not_picked":["Tiny House","Snecko Eye"],"picked":"Sozu"}],"items_purged_floors":[],"is_endless":false,"potions_floor_spawned":[3,8,13,14,20,21,23,27,31],"killed_by":"Collector","ascension_level":3}