{"gold_per_floor":[110,110,60,72,72,99,99,133,133,133,133,145,145,173,173,273,273,273,273,273,273,273,273,273,273,273,273,273,273,273,273,273,273,273,273,273,273,273,273,273,273,273,273,273,273,72,72,72,72,72],"floor_reached":51,"playtime":4941,"items_purged":["Parasite"],"score":782,"play_id":"9583e4bc-745f-4b0f-a7e3-897c17355d15","local_time":"20190601225453","is_ascension_mode":true,"campfire_choices":[{"floor":7.0,"key":"REST"},{"data":"Ball Lightning","floor":13,"key":"SMITH"},{"data":"Barrage","floor":15,"key":"SMITH"},{"data":"Defragment","floor":24,"key":"SMITH"},{"floor":28,"key":"REST"},{"data":"Zap","floor":32,"key":"SMITH"},{"data":"Bandage Up","floor":41,"key":"SMITH"},{"data":"Capacitor","floor":44,"key":"SMITH"},{"data":"Blizzard","floor":49,"key":"SMITH"}],"neow_cost":"TEN_PERCENT_HP_LOSS","seed_source_timestamp":0,"circlet_count":0,"master_deck":["Strike_B+1","Defend_B","Defend_B","Defend_B","Zap+1","Dualcast","Ball Lightning+1","Coolheaded","Capacitor","Rebound","Capacitor+1","Barrage+1","Seek","FTL","Beam Cell+1","Defragment+1","Skim+1","Darkness+1","Chill","Barrage+1","Compile Driver","Electrodynamics","Glacier","Bandage Up+1","Go for the Eyes","Glacier","Fusion+1","Blizzard+1","Dark Shackles","Rainbow"],"special_seed":0,"relics":["Cracked Core","Pocketwatch","Nunchaku","Gambling Chip","Shuriken","Gremlin Horn","Meat on the Bone","Juzu Bracelet","Ectoplasm","Nilry\u0027s Codex","Red Mask","Prayer Wheel","Whetstone","Bird Faced Urn","Busted Crown","Centennial Puzzle","Boot","Question Card"],"potions_floor_usage":[23,23,23,50,50],"damage_taken":[{"damage":7.0,"enemies":"Small Slimes","floor":1.0,"turns":3.0},{"damage":0.0,"enemies":"2 Louse","floor":4.0,"turns":2.0},{"damage":24.0,"enemies":"Lagavulin","floor":6.0,"turns":7.0},{"damage":21,"enemies":"3 Sentries","floor":8,"turns":6},{"damage":2,"enemies":"Jaw Worm","floor":12,"turns":2},{"damage":23,"enemies":"Gremlin Nob","floor":14,"turns":4},{"damage":16,"enemies":"Hexaghost","floor":16,"turns":7},{"damage":4,"enemies":"Spheric Guardian","floor":18,"turns":3},{"damage":7,"enemies":"Masked Bandits","floor":20,"turns":3},{"damage":8,"enemies":"Shell Parasite","floor":21,"turns":3},{"damage":7,"enemies":"Snecko","floor":22,"turns":5},{"damage":6,"enemies":"Slavers","floor":23,"turns":3},{"damage":2,"enemies":"Gremlin Leader","floor":25,"turns":4},{"damage":32,"enemies":"Snake Plant","floor":27,"turns":4},{"damage":0,"enemies":"3 Cultists","floor":29,"turns":5},{"damage":3,"enemies":"Sentry and Sphere","floor":31,"turns":3},{"damage":12,"enemies":"Champ","floor":33,"turns":6},{"damage":4,"enemies":"Orb Walker","floor":35,"turns":2},{"damage":24,"enemies":"3 Darklings","floor":37,"turns":3},{"damage":14,"enemies":"Sphere and 2 Shapes","floor":39,"turns":3},{"damage":8,"enemies":"Reptomancer","floor":40,"turns":5},{"damage":8,"enemies":"Writhing Mass","floor":42,"turns":4},{"damage":5,"enemies":"Giant Head","floor":45,"turns":6},{"damage":8,"enemies":"Donu and Deca","floor":50,"turns":6}],"seed_played":"3636011513252794617","potions_obtained":[{"floor":4.0,"key":"Ancient Potion"},{"floor":16,"key":"Swift Potion"},{"floor":20,"key":"Fire Potion"},{"floor":22,"key":"Energy Potion"},{"floor":27,"key":"Poison Potion"},{"floor":33,"key":"Energy Potion"},{"floor":35,"key":"Ancient Potion"},{"floor":39,"key":"FearPotion"}],"is_trial":false,"path_per_floor":["M","?","?","M","?","E","R","E","T","?","T","M","R","E","R","B",null,"M","?","?","M","M","E","R","E","T","M","R","M","?","M","R","B",null,"M","?","M","?","M","E","R","M","T","R","E","$","?","?","R","B",null],"character_chosen":"DEFECT","items_purchased":["Blizzard","Dark Shackles"],"campfire_rested":2,"item_purchase_floors":[46,46],"current_hp_per_floor":[61,61,61,61,58,34,54,33,33,33,33,43,43,32,32,28,68,64,48,41,45,38,44,44,42,42,26,46,52,52,53,53,49,68,66,66,45,40,40,44,44,50,50,50,59,59,59,59,59,62],"gold":72,"neow_bonus":"ONE_RARE_RELIC","is_prod":false,"is_daily":false,"chose_seed":false,"campfire_upgraded":7,"win_rate":0,"timestamp":1559444093,"path_taken":["M","?","?","M","?","E","R","E","T","?","?","M","R","E","R","BOSS","M","?","?","M","M","E","R","E","T","M","R","M","?","M","R","BOSS","M","?","M","?","M","E","R","M","T","R","E","$","?","?","R","BOSS"],"build_version":"2019-01-23","purchased_purges":1,"victory":true,"max_hp_per_floor":[68,68,68,68,68,68,68,68,68,68,68,68,68,68,68,68,68,68,68,68,68,68,68,68,68,68,68,68,68,68,68,68,68,68,68,68,68,68,68,68,68,68,68,68,68,65,65,62,62,62],"card_choices":[{"not_picked":["Streamline","Heatsinks"],"picked":"Ball Lightning","floor":1.0},{"not_picked":["Stack","Melter"],"picked":"Coolheaded","floor":4.0},{"not_picked":["Coolheaded","Cold Snap"],"picked":"Capacitor","floor":6.0},{"not_picked":["Reinforced Body","Ball Lightning","Redo"],"picked":"SKIP","floor":8},{"not_picked":["Loop","Beam Cell"],"picked":"Capacitor","floor":12},{"not_picked":["Consume","Meteor Strike"],"picked":"Barrage","floor":14},{"not_picked":["Thunder Strike","Rainbow"],"picked":"Seek","floor":16},{"not_picked":["Blizzard+1","Hologram"],"picked":"FTL","floor":18},{"not_picked":["White Noise","Turbo"],"picked":"Beam Cell","floor":20},{"not_picked":["Loop+1","Compile Driver"],"picked":"Defragment","floor":21},{"not_picked":["Reprogram","Consume"],"picked":"Auto Shields","floor":22},{"not_picked":["Gash+1","Sweeping Beam"],"picked":"Skim+1","floor":23},{"not_picked":["Rebound","Melter","Lockon"],"picked":"SKIP","floor":25},{"not_picked":["Cold Snap","Steam"],"picked":"Darkness+1","floor":27},{"not_picked":["Gash","Fission"],"picked":"Chill","floor":27},{"not_picked":["Ball Lightning","BootSequence"],"picked":"Barrage+1","floor":29},{"not_picked":["Steam+1","Multi-Cast","Cold Snap"],"picked":"SKIP","floor":29},{"not_picked":["Hologram","Beam Cell"],"picked":"Compile Driver","floor":31},{"not_picked":["Streamline","Blizzard","Gash"],"picked":"SKIP","floor":31},{"not_picked":["Hyperbeam","Core Surge"],"picked":"Electrodynamics","floor":33},{"not_picked":[],"picked":"Glacier","floor":35},{"not_picked":["Rebound+1"],"picked":"SKIP","floor":35},{"not_picked":["Ball Lightning"],"picked":"SKIP","floor":37},{"not_picked":["Stack+1"],"picked":"SKIP","floor":37},{"not_picked":[],"picked":"Bandage Up","floor":38},{"not_picked":[],"picked":"Go for the Eyes","floor":39},{"not_picked":["Barrage"],"picked":"SKIP","floor":39},{"not_picked":[],"picked":"Glacier","floor":40},{"not_picked":[],"picked":"Fusion+1","floor":42},{"not_picked":["Hello World+1"],"picked":"SKIP","floor":42},{"not_picked":["Darkness"],"picked":"SKIP","floor":45}],"player_experience":284025,"relics_obtained":[{"floor":6.0,"key":"Gambling Chip"},{"floor":8,"key":"Shuriken"},{"floor":9,"key":"Gremlin Horn"},{"floor":11,"key":"Meat on the Bone"},{"floor":14,"key":"Juzu Bracelet"},{"floor":19,"key":"Nilry\u0027s Codex"},{"floor":20,"key":"Red Mask"},{"floor":23,"key":"Prayer Wheel"},{"floor":25,"key":"Whetstone"},{"floor":26,"key":"Bird Faced Urn"},{"floor":40,"key":"Centennial Puzzle"},{"floor":43,"key":"Boot"},{"floor":45,"key":"Question Card"}],"event_choices":[{"damage_healed":0.0,"max_hp_gain":0.0,"max_hp_loss":0.0,"gold_gain":0.0,"event_name":"Liars Game","player_choice":"Ignored","floor":2.0,"gold_loss":0.0,"damage_taken":0.0},{"cards_removed":["Strike_B"],"damage_healed":0.0,"max_hp_gain":0.0,"max_hp_loss":0.0,"gold_gain":0.0,"event_name":"The Cleric","player_choice":"Card Removal","floor":3.0,"gold_loss":50.0,"damage_taken":0.0},{"damage_healed":0.0,"max_hp_gain":0.0,"max_hp_loss":0.0,"gold_gain":0.0,"event_name":"Scrap Ooze","player_choice":"Success","floor":5.0,"gold_loss":0.0,"damage_taken":3.0,"relics_obtained":["Nunchaku"]},{"damage_healed":0,"gold_gain":0,"cards_transformed":["Strike_B"],"player_choice":"Change","damage_taken":0,"max_hp_gain":0,"max_hp_loss":0,"event_name":"Living Wall","floor":10,"gold_loss":0,"cards_obtained":["Rebound"]},{"damage_healed":0,"gold_gain":0,"player_choice":"Obtained Book","damage_taken":16,"max_hp_gain":0,"max_hp_loss":0,"event_name":"Cursed Tome","floor":19,"gold_loss":0},{"damage_healed":0,"gold_gain":0,"player_choice":"Fought Bandits","damage_taken":0,"max_hp_gain":0,"max_hp_loss":0,"event_name":"Masked Bandits","floor":20,"gold_loss":0},{"cards_removed":["Strike_B"],"damage_healed":0,"gold_gain":0,"player_choice":"Card Removal","damage_taken":0,"max_hp_gain":0,"max_hp_loss":0,"event_name":"Wheel of Change","floor":30,"gold_loss":0},{"cards_removed":["Auto Shields"],"damage_healed":0,"gold_gain":0,"player_choice":"Removed Skill","damage_taken":0,"max_hp_gain":0,"max_hp_loss":0,"event_name":"Falling","floor":36,"gold_loss":0},{"damage_healed":0,"gold_gain":0,"player_choice":"Memory 2","damage_taken":5,"max_hp_gain":0,"max_hp_loss":0,"event_name":"SensoryStone","floor":38,"gold_loss":0},{"damage_healed":0,"gold_gain":0,"cards_transformed":["Defend_B"],"player_choice":"Transformed","damage_taken":0,"max_hp_gain":0,"max_hp_loss":0,"event_name":"Transmorgrifier","floor":47,"gold_loss":0,"cards_obtained":["Rainbow"]},{"damage_healed":0,"gold_gain":0,"player_choice":"Max HP","damage_taken":0,"max_hp_gain":0,"max_hp_loss":3,"event_name":"Winding Halls","floor":48,"gold_loss":0}],"is_beta":false,"boss_relics":[{"not_picked":["Tiny House","Empty Cage"],"picked":"Ectoplasm"},{"not_picked":["Pandora\u0027s Box","Sozu"],"picked":"Busted Crown"}],"items_purged_floors":[46],"is_endless":false,"potions_floor_spawned":[4,16,20,22,27,33,35,39,45],"ascension_level":2}