{"path_per_floor":["M","M","?","$","M","E","M","?","T","R","M","?","M","?","R","B",null,"M","$","?","?","?","R","M","R","T","M","R","E","M","M","R"],"character_chosen":"IRONCLAD","items_purchased":[],"gold_per_floor":[117,136,136,61,74,106,125,190,239,239,255,255,274,299,299,401,401,417,317,232,232,232,232,246,246,546,560,560,591,608,621,621],"floor_reached":33,"campfire_rested":5,"playtime":3333,"current_hp_per_floor":[80,80,80,80,80,68,67,67,67,67,62,62,44,28,52,20,80,67,67,67,67,52,77,47,73,73,51,77,36,28,23,49],"items_purged":["Strike_R","Strike_R"],"gold":621,"play_id":"f5160d7b-9a2e-41de-8635-8c22011d0ad2","is_prod":false,"is_daily":false,"is_ascension_mode":false,"campfire_upgraded":1,"path_taken":["M","M","?","$","M","E","M","?","T","R","M","?","M","?","R","BOSS","M","$","?","?","?","R","M","R","T","M","R","E","M","M","R","BOSS"],"build_version":"2018-02-01-PROD3","purchased_purges":2,"victory":false,"master_deck":["Strike_R","Strike_R","Strike_R","Defend_R","Defend_R","Defend_R","Defend_R","Bash","Headbutt","Anger","Uppercut","Fiend Fire","Flex+1","Thunderclap","Cleave","Rampage","Twin Strike","Shrug It Off","Infernal Blade","Fiend Fire","Pommel Strike+1","Flex","Flex","Heavy Blade+1","Headbutt+1","Pommel Strike+1","Fire Breathing+1","Flex+1","Flex+1"],"max_hp_per_floor":[80,80,80,80,80,80,80,80,80,80,80,80,80,80,80,80,80,80,80,80,80,85,85,88,88,88,88,88,88,88,88,88],"relics":["Black Blood","Juzu Bracelet","Dream Catcher","Odd Mushroom","Unceasing Top","Old Coin","Anchor"],"card_choices":[{"not_picked":["Cleave","Warcry"],"picked":"Headbutt"},{"not_picked":["Body Slam","Thunderclap"],"picked":"Anger"},{"not_picked":["Uppercut","Anger"],"picked":"Flex"},{"not_picked":["Headbutt","Hemokinesis"],"picked":"Thunderclap"},{"not_picked":["Clothesline","Hemokinesis"],"picked":"Cleave"},{"not_picked":["Flame Barrier","Burning Pact"],"picked":"Rampage"},{"not_picked":["Offering","Perfected Strike"],"picked":"Twin Strike"},{"not_picked":["Heavy Blade","Seeing Red"],"picked":"Shrug It Off"},{"not_picked":["Heavy Blade","Headbutt"],"picked":"Infernal Blade"},{"not_picked":["Berserk","Offering"],"picked":"Fiend Fire"},{"not_picked":["Shrug It Off","Clash"],"picked":"Pommel Strike"},{"not_picked":["Perfected Strike","Clothesline"],"picked":"Flex"},{"not_picked":["Heavy Blade","Hemokinesis"],"picked":"Flex"},{"not_picked":["True Grit","Thunderclap"],"picked":"Heavy Blade"},{"not_picked":["Twin Strike","Body Slam"],"picked":"Headbutt"},{"not_picked":["True Grit","Anger"],"picked":"Pommel Strike"},{"not_picked":["Reaper","Perfected Strike"],"picked":"Fire Breathing"},{"not_picked":["Dropkick","True Grit"],"picked":"Flex"},{"not_picked":["Rampage","Disarm"],"picked":"Flex"}],"player_experience":95090,"potions_floor_usage":[6,16,16,33,33],"damage_taken":[{"damage":4,"enemies":"2 Louse","floor":1,"turns":3},{"damage":6,"enemies":"Blue Slaver","floor":2,"turns":5},{"damage":1,"enemies":"Cultist","floor":5,"turns":3},{"damage":18,"enemies":"Gremlin Nob","floor":6,"turns":4},{"damage":7,"enemies":"Looter","floor":7,"turns":4},{"damage":11,"enemies":"3 Louse","floor":11,"turns":2},{"damage":24,"enemies":"Exordium Thugs","floor":13,"turns":5},{"damage":22,"enemies":"The Mushroom Lair","floor":14,"turns":4},{"damage":47,"enemies":"Hexaghost","floor":16,"turns":9},{"damage":23,"enemies":"Shell Parasite","floor":18,"turns":6},{"damage":43,"enemies":"2 Thieves","floor":24,"turns":4},{"damage":32,"enemies":"Snake Plant","floor":27,"turns":5},{"damage":51,"enemies":"Book of Stabbing","floor":29,"turns":4},{"damage":18,"enemies":"Centurion and Healer","floor":30,"turns":5},{"damage":15,"enemies":"Snecko","floor":31,"turns":3},{"damage":56,"enemies":"Champ","floor":33,"turns":6}],"event_choices":[{"event_name":"Match and Keep!","player_choice":"2 cards matched","floor":3,"damage_taken":0},{"event_name":"Golden Wing","player_choice":"Gained Gold","floor":8,"damage_taken":0},{"event_name":"The Woman in Blue","player_choice":"Bought 0 Potions","floor":12,"damage_taken":0},{"event_name":"Mushrooms","player_choice":"Fought Mushrooms","floor":14,"damage_taken":0},{"event_name":"Addict","player_choice":"Obtained Relic","floor":20,"damage_taken":0},{"event_name":"Vampires","player_choice":"Ignored","floor":21,"damage_taken":0},{"event_name":"Forgotten Altar","player_choice":"Shed Blood","floor":22,"damage_taken":0}],"boss_relics":[{"not_picked":["Runic Pyramid","Runic Cube"],"picked":"Black Blood"}],"potions_floor_spawned":[2,6,11,18,29],"seed_played":"4549386425998623484","killed_by":"Champ","ascension_level":0,"is_trial":false}