{"gold_per_floor":[112,127,49,49,62,87,87,101,127,127,127,127,204,217,217,338,338,356,400,315,336,336,336,377,377,401,172,172,187,221,242,242,366,366,385,385,404,424,444,488,488,188,188,188,223,236,35,54,54,54],"floor_reached":51,"playtime":3067,"items_purged":["Defend_R"],"score":770,"play_id":"d51008e0-20b2-436c-ba97-eaa0d152ab9b","local_time":"20190620220716","is_ascension_mode":false,"campfire_choices":[{"data":"Bludgeon","floor":7,"key":"SMITH"},{"data":"Perfected Strike","floor":11,"key":"SMITH"},{"data":"Inflame","floor":15,"key":"SMITH"},{"data":"Intimidate","floor":23,"key":"SMITH"},{"data":"Inflame","floor":28,"key":"SMITH"},{"data":"Demon Form","floor":32,"key":"SMITH"},{"data":"Immolate","floor":41,"key":"SMITH"},{"data":"Reaper","floor":44,"key":"SMITH"},{"data":"Heavy Blade","floor":49,"key":"SMITH"}],"neow_cost":"NONE","seed_source_timestamp":0,"circlet_count":0,"master_deck":["Strike_R","Strike_R","Strike_R","Strike_R","Strike_R","Defend_R","Defend_R","Defend_R+1","Bash","Whirlwind+1","Warcry+1","Reckless Charge+1","Inflame+1","Bludgeon+1","Perfected Strike+1","Battle Trance+1","Intimidate+1","Inflame+1","Clash","Demon Form+1","Immolate+1","Power Through+1","Reaper+1","Heavy Blade+1"],"special_seed":0,"relics":["Burning Blood","Pen Nib","Bag of Preparation","Strawberry","Golden Idol","Sozu","Red Mask","Bag of Marbles","Mercury Hourglass","Orichalcum","Happy Flower","War Paint","Busted Crown","Regal Pillow","Ancient Tea Set","Lantern","Centennial Puzzle","Anchor","Chemical X"],"potions_floor_usage":[16,16,16,39],"damage_taken":[{"damage":1.0,"enemies":"Cultist","floor":1.0,"turns":4.0},{"damage":0.0,"enemies":"Small Slimes","floor":2.0,"turns":2.0},{"damage":6.0,"enemies":"2 Louse","floor":5.0,"turns":3.0},{"damage":4,"enemies":"3 Sentries","floor":6,"turns":2},{"damage":4,"enemies":"Exordium Wildlife","floor":8,"turns":3},{"damage":0,"enemies":"Large Slime","floor":14,"turns":3},{"damage":37,"enemies":"Hexaghost","floor":16,"turns":5},{"damage":22,"enemies":"2 Thieves","floor":18,"turns":4},{"damage":0,"enemies":"Masked Bandits","floor":19,"turns":1},{"damage":3,"enemies":"Shell Parasite","floor":21,"turns":2},{"damage":5,"enemies":"Slavers","floor":24,"turns":2},{"damage":2,"enemies":"Snake Plant","floor":29,"turns":2},{"damage":10,"enemies":"Gremlin Leader","floor":30,"turns":3},{"damage":2,"enemies":"3 Cultists","floor":31,"turns":3},{"damage":32,"enemies":"Collector","floor":33,"turns":6},{"damage":0,"enemies":"Orb Walker","floor":35,"turns":1},{"damage":2,"enemies":"3 Shapes","floor":37,"turns":3},{"damage":15,"enemies":"Maw","floor":38,"turns":5},{"damage":1,"enemies":"Jaw Worm Horde","floor":39,"turns":2},{"damage":16,"enemies":"Reptomancer","floor":40,"turns":3},{"damage":26,"enemies":"Nemesis","floor":45,"turns":5},{"damage":7,"enemies":"Transient","floor":46,"turns":5},{"damage":0,"enemies":"Sphere and 2 Shapes","floor":48,"turns":1},{"damage":56,"enemies":"Time Eater","floor":50,"turns":7}],"seed_played":"-2552732925255110002","potions_obtained":[{"floor":1.0,"key":"FearPotion"},{"floor":6,"key":"SkillPotion"},{"floor":8,"key":"Fire Potion"},{"floor":16,"key":"PowerPotion"}],"is_trial":false,"path_per_floor":["M","M","$","?","M","E","R","M","T","?","R","?","?","M","R","B",null,"M","?","?","M","?","R","E","?","T","$","R","M","E","M","R","B",null,"M","?","M","M","M","E","R","$","T","R","E","M","$","M","R","B",null],"character_chosen":"IRONCLAD","items_purchased":["Reckless Charge","Happy Flower","Lantern","Reaper","Chemical X"],"campfire_rested":0,"item_purchase_floors":[3,27,42,42,47],"current_hp_per_floor":[80,80,80,80,80,80,80,80,87,81,81,65,65,71,71,40,81,65,71,71,74,74,74,75,75,75,75,75,79,75,79,79,53,81,81,81,81,72,77,67,67,67,67,67,47,60,60,66,66,24],"gold":54,"neow_bonus":"RANDOM_COMMON_RELIC","is_prod":false,"is_daily":false,"chose_seed":false,"campfire_upgraded":9,"win_rate":0.0,"timestamp":1561082836,"path_taken":["M","M","?","?","M","E","R","?","T","?","R","?","?","?","R","BOSS","M","?","?","M","?","R","E","?","T","$","R","?","E","M","R","BOSS","M","?","M","M","M","E","R","?","T","R","E","M","$","?","R","BOSS"],"build_version":"2019-01-23","purchased_purges":1,"victory":true,"max_hp_per_floor":[80,80,80,80,80,80,80,80,87,81,81,81,81,81,81,81,81,81,81,81,81,81,81,81,81,81,81,81,81,81,81,81,81,81,81,81,81,81,81,81,81,81,81,81,81,81,81,81,81,81],"card_choices":[{"not_picked":["Rupture","Perfected Strike"],"picked":"Whirlwind","floor":1.0},{"not_picked":["Clash","Spot Weakness"],"picked":"Warcry","floor":2.0},{"not_picked":["Armaments","Shrug It Off"],"picked":"Inflame","floor":5},{"not_picked":["Dual Wield","Body Slam"],"picked":"Bludgeon","floor":6},{"not_picked":["Anger","Shrug It Off"],"picked":"Perfected Strike","floor":8},{"not_picked":["Sentinel","Body Slam","Combust"],"picked":"SKIP","floor":14},{"not_picked":["Demon Form","Dark Embrace"],"picked":"Barricade","floor":16},{"not_picked":["Thunderclap","Twin Strike","Blood for Blood+1"],"picked":"SKIP","floor":18},{"not_picked":["True Grit","Wild Strike"],"picked":"Battle Trance","floor":19},{"not_picked":["Burning Pact","Pommel Strike","Brutality"],"picked":"SKIP","floor":21},{"not_picked":["Thunderclap","Cleave"],"picked":"Inflame","floor":24},{"not_picked":["Dropkick","Battle Trance","Feel No Pain"],"picked":"SKIP","floor":29},{"not_picked":["Anger+1","Clothesline","Pummel"],"picked":"SKIP","floor":30},{"not_picked":["Shrug It Off","Metallicize+1","True Grit+1"],"picked":"SKIP","floor":31},{"not_picked":["Brutality","Offering"],"picked":"Immolate","floor":33},{"not_picked":[],"picked":"Power Through+1","floor":35},{"not_picked":["Flex"],"picked":"SKIP","floor":37},{"not_picked":["Iron Wave"],"picked":"SKIP","floor":38},{"not_picked":["Blood for Blood+1"],"picked":"SKIP","floor":39},{"not_picked":["Sever Soul"],"picked":"SKIP","floor":40},{"not_picked":["Dropkick+1"],"picked":"SKIP","floor":45},{"not_picked":["Feel No Pain"],"picked":"SKIP","floor":46},{"not_picked":[],"picked":"Heavy Blade","floor":48}],"player_experience":83458,"relics_obtained":[{"floor":6,"key":"Bag of Preparation"},{"floor":9,"key":"Strawberry"},{"floor":19,"key":"Red Mask"},{"floor":24,"key":"Mercury Hourglass"},{"floor":26,"key":"Orichalcum"},{"floor":30,"key":"War Paint"},{"floor":40,"key":"Ancient Tea Set"},{"floor":43,"key":"Centennial Puzzle"},{"floor":45,"key":"Anchor"}],"event_choices":[{"damage_healed":0.0,"max_hp_gain":0.0,"max_hp_loss":0.0,"gold_gain":0.0,"event_name":"Upgrade Shrine","player_choice":"Upgraded","floor":4.0,"gold_loss":0.0,"damage_taken":0.0,"cards_upgraded":["Whirlwind"]},{"damage_healed":0,"gold_gain":0,"player_choice":"Lose Max HP","damage_taken":0,"relics_obtained":["Golden Idol"],"max_hp_gain":0,"max_hp_loss":6,"event_name":"Golden Idol","floor":10,"gold_loss":0},{"damage_healed":0,"gold_gain":0,"player_choice":"Entered Light","damage_taken":16,"max_hp_gain":0,"max_hp_loss":0,"event_name":"Shining Light","floor":12,"gold_loss":0,"cards_upgraded":["Defend_R","Reckless Charge"]},{"damage_healed":0,"gold_gain":77,"player_choice":"Gained Gold","damage_taken":0,"max_hp_gain":0,"max_hp_loss":0,"event_name":"Golden Wing","floor":13,"gold_loss":0},{"damage_healed":0,"gold_gain":0,"player_choice":"Fought Bandits","damage_taken":0,"max_hp_gain":0,"max_hp_loss":0,"event_name":"Masked Bandits","floor":19,"gold_loss":0},{"damage_healed":0,"gold_gain":0,"player_choice":"Obtained Relic","damage_taken":0,"relics_obtained":["Bag of Marbles"],"max_hp_gain":0,"max_hp_loss":0,"event_name":"Addict","floor":20,"gold_loss":85},{"damage_healed":0,"gold_gain":0,"player_choice":"Read","damage_taken":0,"max_hp_gain":0,"max_hp_loss":0,"event_name":"The Library","floor":22,"gold_loss":0,"cards_obtained":["Intimidate"]},{"damage_healed":0,"gold_gain":0,"player_choice":"2 cards matched","damage_taken":0,"max_hp_gain":0,"max_hp_loss":0,"event_name":"Match and Keep!","floor":25,"gold_loss":0,"cards_obtained":["Clash","Demon Form"]},{"cards_removed":["Barricade"],"damage_healed":0,"gold_gain":0,"player_choice":"Gave Card","damage_taken":0,"relics_obtained":["Regal Pillow"],"max_hp_gain":0,"max_hp_loss":0,"event_name":"WeMeetAgain","floor":36,"gold_loss":0}],"is_beta":false,"boss_relics":[{"not_picked":["Runic Pyramid","Mark of Pain"],"picked":"Sozu"},{"not_picked":["Runic Dome","Runic Cube"],"picked":"Busted Crown"}],"items_purged_floors":[27],"is_endless":false,"potions_floor_spawned":[1,6,8,16,19,24,29,35,39,40,46],"ascension_level":0}