{"gold_per_floor":[115,115,134,149,99,132,132,144,190,224,287,234,302,317,317,419,419,439,454,454,471,484,484,512,512,581,599,599,599],"floor_reached":29,"playtime":1487,"items_purged":[],"score":336,"play_id":"3a78e2ab-e512-4f04-9841-0dd5d930c80f","local_time":"20190429174951","is_ascension_mode":true,"campfire_choices":[{"data":"Buffer","floor":7,"key":"SMITH"},{"floor":15,"key":"REST"},{"data":"Ball Lightning","floor":23,"key":"SMITH"},{"floor":25,"key":"REST"},{"floor":28,"key":"REST"}],"neow_cost":"NONE","seed_source_timestamp":584077110835737,"circlet_count":0,"master_deck":["Strike_B","Strike_B","Defend_B","Defend_B","Defend_B","Zap+1","Dualcast","Ball Lightning+1","Buffer+1","Melter+1","Sweeping Beam+1","Ball Lightning+1","Thunder Strike+1","Self Repair+1","Core Surge+1"],"relics":["Cracked Core","Molten Egg 2","Pen Nib","DataDisk","Thread and Needle","Empty Cage","Art of War","Ornamental Fan"],"potions_floor_usage":[6,11,24,29,29],"damage_taken":[{"damage":8,"enemies":"Small Slimes","floor":1,"turns":3},{"damage":3,"enemies":"2 Louse","floor":3,"turns":2},{"damage":2,"enemies":"Jaw Worm","floor":4,"turns":2},{"damage":13,"enemies":"Gremlin Nob","floor":6,"turns":4},{"damage":8,"enemies":"Large Slime","floor":8,"turns":5},{"damage":22,"enemies":"3 Sentries","floor":10,"turns":6},{"damage":13,"enemies":"3 Sentries","floor":11,"turns":4},{"damage":0,"enemies":"Blue Slaver","floor":14,"turns":3},{"damage":0,"enemies":"Slime Boss","floor":16,"turns":6},{"damage":0,"enemies":"Spheric Guardian","floor":18,"turns":2},{"damage":10,"enemies":"Shell Parasite","floor":19,"turns":4},{"damage":0,"enemies":"Sentry and Sphere","floor":21,"turns":3},{"damage":20,"enemies":"Snake Plant","floor":22,"turns":2},{"damage":55,"enemies":"Slavers","floor":24,"turns":5},{"damage":20,"enemies":"Chosen and Byrds","floor":27,"turns":4},{"damage":72,"enemies":"Book of Stabbing","floor":29,"turns":6}],"seed_played":"6448253114883453641","potions_obtained":[{"floor":1,"key":"Swift Potion"},{"floor":4,"key":"PowerPotion"},{"floor":6,"key":"FearPotion"},{"floor":10,"key":"Fruit Juice"},{"floor":11,"key":"Explosive Potion"},{"floor":22,"key":"SpeedPotion"},{"floor":24,"key":"Regen Potion"}],"is_trial":false,"path_per_floor":["M","?","M","M","?","E","R","M","T","E","?","$","?","M","R","B",null,"M","M","?","M","M","R","E","R","T","M","R","E"],"character_chosen":"DEFECT","items_purchased":["Ball Lightning+1"],"campfire_rested":3,"item_purchase_floors":[12],"current_hp_per_floor":[67,67,64,62,62,49,49,41,41,19,11,11,11,11,35,35,80,80,70,70,80,60,60,15,39,39,29,53,0],"gold":599,"neow_bonus":"UPGRADE_CARD","is_prod":false,"is_daily":false,"chose_seed":false,"campfire_upgraded":2,"win_rate":0,"timestamp":1556524191,"path_taken":["M","?","M","M","?","E","R","?","T","E","?","$","?","M","R","BOSS","M","M","?","M","?","R","E","R","T","M","R","E"],"build_version":"2019-01-23","purchased_purges":0,"victory":false,"max_hp_per_floor":[75,75,75,75,75,75,75,75,75,75,80,80,80,80,80,80,80,80,80,80,80,80,80,80,80,80,80,80,80],"card_choices":[{"not_picked":["White Noise","Undo"],"picked":"Ball Lightning","floor":1},{"not_picked":["Turbo","Rip and Tear","Stack"],"picked":"SKIP","floor":3},{"not_picked":["Tempest","Go for the Eyes"],"picked":"Buffer","floor":4},{"not_picked":["Go for the Eyes","Barrage","Consume"],"picked":"SKIP","floor":6},{"not_picked":["Rebound+1","Turbo"],"picked":"Melter+1","floor":8},{"not_picked":["Steam","Echo Form"],"picked":"Sweeping Beam+1","floor":10},{"not_picked":["Rip and Tear+1","Fusion","Cold Snap+1"],"picked":"SKIP","floor":14},{"not_picked":["Creative AI","Hyperbeam+1"],"picked":"Thunder Strike+1","floor":16},{"not_picked":["Cold Snap+1","BootSequence+1","Ball Lightning+1"],"picked":"SKIP","floor":18},{"not_picked":["Gash+1","Hologram"],"picked":"Self Repair+1","floor":19},{"not_picked":["Turbo","Hologram+1"],"picked":"Core Surge+1","floor":21},{"not_picked":["Tempest","Stack","Undo"],"picked":"SKIP","floor":22},{"not_picked":["Go for the Eyes+1","Chaos+1","FTL+1"],"picked":"SKIP","floor":24},{"not_picked":["Sweeping Beam+1","Hologram","Genetic Algorithm"],"picked":"SKIP","floor":27}],"player_experience":347055,"relics_obtained":[{"floor":6,"key":"Molten Egg 2"},{"floor":9,"key":"Pen Nib"},{"floor":10,"key":"DataDisk"},{"floor":11,"key":"Thread and Needle"},{"floor":24,"key":"Ornamental Fan"}],"event_choices":[{"damage_healed":0,"gold_gain":0,"player_choice":"Ignored","damage_taken":0,"max_hp_gain":0,"max_hp_loss":0,"event_name":"Liars Game","floor":2,"gold_loss":0},{"cards_removed":["Strike_B"],"damage_healed":0,"gold_gain":0,"player_choice":"Card Removal","damage_taken":0,"max_hp_gain":0,"max_hp_loss":0,"event_name":"The Cleric","floor":5,"gold_loss":50},{"damage_healed":0,"gold_gain":30,"player_choice":"Searched \u00272\u0027 times","damage_taken":0,"max_hp_gain":0,"max_hp_loss":0,"event_name":"Dead Adventurer","floor":11,"gold_loss":0},{"damage_healed":0,"gold_gain":68,"player_choice":"Gained Gold","damage_taken":0,"max_hp_gain":0,"max_hp_loss":0,"event_name":"Golden Wing","floor":13,"gold_loss":0},{"damage_healed":0,"gold_gain":0,"player_choice":"Gave Potion","damage_taken":0,"relics_obtained":["Art of War"],"max_hp_gain":0,"max_hp_loss":0,"event_name":"WeMeetAgain","floor":20,"gold_loss":0}],"is_beta":false,"boss_relics":[{"not_picked":["Coffee Dripper","Lizard Tail"],"picked":"Empty Cage"}],"items_purged_floors":[],"is_endless":false,"potions_floor_spawned":[1,4,6,10,11,19,22,24],"killed_by":"Book of Stabbing","ascension_level":2}