{"gold_per_floor":[118,118,128,148,199,199,127,127,127,159,186,186,186,24,24,126,126,145,145,165,165,165,194,206,206,230,230,262,272,272,289,289,289],"floor_reached":33,"playtime":1378,"items_purged":[],"score":447,"play_id":"cc0cb719-53d2-4595-885f-0b02d44caf28","local_time":"20190622103637","is_ascension_mode":true,"campfire_choices":[{"data":"Bash","floor":6,"key":"SMITH"},{"data":"Spot Weakness","floor":8,"key":"SMITH"},{"data":"Discovery","floor":15,"key":"SMITH"},{"floor":25,"key":"REST"},{"floor":27,"key":"REST"},{"floor":30,"key":"REST"},{"floor":32,"key":"REST"}],"neow_cost":"NONE","seed_source_timestamp":752182985064845,"circlet_count":0,"master_deck":["AscendersBane","Strike_R","Strike_R","Strike_R","Strike_R","Defend_R","Defend_R","Defend_R+1","Defend_R","Bash+1","Panacea+1","Sword Boomerang","Cleave","Feed","Spot Weakness+1","Exhume","Discovery+1","Shockwave","Immolate+1","Battle Trance+1","True Grit","Flame Barrier+1","Whirlwind","Pummel+1","Clothesline+1","Shockwave+1","Rage","Feel No Pain+1","True Grit+1","Iron Wave+1"],"relics":["Burning Blood","Mango","Prayer Wheel","Juzu Bracelet","Black Star","Kunai","Centennial Puzzle","Whetstone","Regal Pillow","Boot","War Paint"],"potions_floor_usage":[23,23,33,33],"damage_taken":[{"damage":4,"enemies":"2 Louse","floor":1,"turns":4},{"damage":10,"enemies":"Cultist","floor":3,"turns":4},{"damage":8,"enemies":"Jaw Worm","floor":4,"turns":4},{"damage":65,"enemies":"Lagavulin","floor":10,"turns":7},{"damage":38,"enemies":"Slime Boss","floor":16,"turns":9},{"damage":32,"enemies":"2 Thieves","floor":18,"turns":4},{"damage":30,"enemies":"3 Byrds","floor":20,"turns":5},{"damage":13,"enemies":"Gremlin Leader","floor":23,"turns":4},{"damage":21,"enemies":"Snake Plant","floor":24,"turns":5},{"damage":85,"enemies":"Book of Stabbing","floor":28,"turns":9},{"damage":18,"enemies":"Snecko","floor":29,"turns":4},{"damage":30,"enemies":"Sentry and Sphere","floor":31,"turns":4},{"damage":90,"enemies":"Champ","floor":33,"turns":12}],"seed_played":"-8581694606129372378","potions_obtained":[{"floor":4,"key":"Ancient Potion"},{"floor":10,"key":"SteroidPotion"},{"floor":16,"key":"Explosive Potion"},{"floor":23,"key":"Strength Potion"},{"floor":28,"key":"EssenceOfSteel"}],"is_trial":false,"path_per_floor":["M","?","M","M","?","R","$","R","T","E","T","?","?","$","R","B",null,"M","?","M","T","?","E","M","R","T","R","E","M","R","M","R","B"],"character_chosen":"IRONCLAD","items_purchased":["Spot Weakness","Discovery","Shockwave"],"campfire_rested":4,"item_purchase_floors":[7,14,14],"current_hp_per_floor":[74,74,70,68,68,68,68,68,82,26,26,97,97,97,97,65,89,63,63,42,42,42,35,20,50,50,95,19,7,52,28,73,0],"gold":289,"neow_bonus":"RANDOM_COLORLESS","is_prod":false,"is_daily":false,"chose_seed":false,"campfire_upgraded":3,"win_rate":0,"timestamp":1561163797,"path_taken":["M","?","M","?","?","R","$","R","T","E","?","?","?","$","R","BOSS","M","?","M","?","?","E","M","R","T","R","E","M","R","M","R","BOSS"],"build_version":"2019-01-23","purchased_purges":0,"victory":false,"max_hp_per_floor":[80,80,80,80,80,80,80,80,94,97,97,97,97,97,97,97,97,97,97,100,100,100,100,100,100,100,100,103,103,103,103,103,103],"card_choices":[{"not_picked":["Flex","Body Slam"],"picked":"Sword Boomerang","floor":1},{"not_picked":["Pommel Strike","Headbutt"],"picked":"Cleave","floor":3},{"not_picked":["Shrug It Off","Havoc"],"picked":"Feed","floor":4},{"not_picked":["Sever Soul","Sword Boomerang"],"picked":"Exhume","floor":10},{"not_picked":["Limit Break","Dark Embrace"],"picked":"Immolate","floor":16},{"not_picked":["Rage","Clash"],"picked":"Battle Trance+1","floor":18},{"not_picked":["Sword Boomerang","Heavy Blade"],"picked":"True Grit","floor":18},{"not_picked":["Rupture+1","Rampage+1"],"picked":"Whirlwind","floor":20},{"not_picked":["Headbutt+1","Wild Strike"],"picked":"Pummel","floor":20},{"not_picked":["Cleave","Dark Embrace"],"picked":"Clothesline+1","floor":23},{"not_picked":["Clothesline","Perfected Strike","Wild Strike"],"picked":"SKIP","floor":24},{"not_picked":["Iron Wave","True Grit","Thunderclap"],"picked":"SKIP","floor":24},{"not_picked":["Havoc","Sword Boomerang"],"picked":"Shockwave+1","floor":28},{"not_picked":["Inflame","Thunderclap"],"picked":"Rage","floor":29},{"not_picked":["Sever Soul+1","Uppercut+1"],"picked":"Feel No Pain+1","floor":29},{"not_picked":["Thunderclap","Pommel Strike"],"picked":"True Grit+1","floor":31},{"not_picked":["Cleave+1","Thunderclap+1"],"picked":"Iron Wave+1","floor":31}],"player_experience":478162,"relics_obtained":[{"floor":9,"key":"Mango"},{"floor":10,"key":"Prayer Wheel"},{"floor":11,"key":"Juzu Bracelet"},{"floor":21,"key":"Kunai"},{"floor":23,"key":"Centennial Puzzle"},{"floor":23,"key":"Whetstone"},{"floor":26,"key":"Regal Pillow"},{"floor":28,"key":"Boot"},{"floor":28,"key":"War Paint"}],"event_choices":[{"damage_healed":0,"gold_gain":0,"player_choice":"Bought 0 Potions","damage_taken":0,"max_hp_gain":0,"max_hp_loss":0,"event_name":"The Woman in Blue","floor":2,"gold_loss":0},{"damage_healed":0,"gold_gain":51,"player_choice":"Gained Gold","damage_taken":0,"max_hp_gain":0,"max_hp_loss":0,"event_name":"Golden Wing","floor":5,"gold_loss":0},{"damage_healed":71,"gold_gain":0,"player_choice":"Full Heal","damage_taken":0,"max_hp_gain":0,"max_hp_loss":0,"event_name":"Wheel of Change","floor":12,"gold_loss":0},{"damage_healed":0,"gold_gain":0,"player_choice":"Grow","damage_taken":0,"max_hp_gain":0,"max_hp_loss":0,"event_name":"Living Wall","floor":13,"gold_loss":0,"cards_upgraded":["Panacea"]},{"damage_healed":0,"gold_gain":0,"player_choice":"Read","damage_taken":0,"max_hp_gain":0,"max_hp_loss":0,"event_name":"The Library","floor":19,"gold_loss":0,"cards_obtained":["Flame Barrier"]},{"cards_removed":["Strike_R"],"damage_healed":0,"gold_gain":0,"player_choice":"Purged","damage_taken":0,"max_hp_gain":0,"max_hp_loss":0,"event_name":"Purifier","floor":22,"gold_loss":0}],"is_beta":false,"boss_relics":[{"not_picked":["Calling Bell","Black Blood"],"picked":"Black Star"}],"items_purged_floors":[],"is_endless":false,"potions_floor_spawned":[4,10,16,23,28,29,31],"killed_by":"Champ","ascension_level":10}