{"gold_per_floor":[111,128,128,143,158,193,203,11,86,99,99,123,5,24,24,129,129,149,149],"floor_reached":19,"playtime":1233,"items_purged":[],"score":171,"play_id":"9e15868f-6abc-473c-8a05-816cf1b7d4c2","local_time":"20190112232201","is_ascension_mode":false,"campfire_choices":[{"floor":11,"key":"REST"},{"floor":15,"key":"REST"}],"neow_cost":"NONE","seed_source_timestamp":186770403606459,"circlet_count":0,"master_deck":["Strike_B","Strike_B","Strike_B","Strike_B","Defend_B","Defend_B","Defend_B","Defend_B","Zap+1","Dualcast","Amplify","Go for the Eyes","Conserve Battery","Coolheaded","Compile Driver","Cold Snap","Lockon","White Noise","Defragment","Sunder","Streamline","Loop","Ball Lightning","Echo Form","Rebound","Capacitor","Storm","Buffer","Defragment","White Noise+1"],"relics":["Cracked Core","Kunai","Darkstone Periapt","Oddly Smooth Stone","Orrery"],"potions_floor_usage":[16,16],"damage_taken":[{"damage":7,"enemies":"2 Louse","floor":1,"turns":3},{"damage":6,"enemies":"Jaw Worm","floor":2,"turns":3},{"damage":0,"enemies":"Small Slimes","floor":4,"turns":3},{"damage":3,"enemies":"Looter","floor":5,"turns":4},{"damage":31,"enemies":"Gremlin Nob","floor":6,"turns":5},{"damage":4,"enemies":"Red Slaver","floor":7,"turns":2},{"damage":9,"enemies":"Blue Slaver","floor":10,"turns":3},{"damage":0,"enemies":"Exordium Wildlife","floor":14,"turns":2},{"damage":21,"enemies":"Hexaghost","floor":16,"turns":9},{"damage":7,"enemies":"Chosen","floor":18,"turns":5},{"damage":61,"enemies":"Colosseum Slavers","floor":19,"turns":5},{"damage":18,"enemies":"Colosseum Nobs","floor":19,"turns":2}],"seed_played":"-9089757998515633551","potions_obtained":[{"floor":2,"key":"FocusPotion"},{"floor":7,"key":"Dexterity Potion"}],"is_trial":false,"path_per_floor":["M","M","?","M","M","E","M","$","T","M","R","T","$","M","R","B",null,"M","?"],"character_chosen":"DEFECT","items_purchased":["White Noise","Defragment","Sunder","Loop","PowerPotion"],"campfire_rested":2,"item_purchase_floors":[8,8,8,13,13],"current_hp_per_floor":[68,62,62,62,59,28,24,24,24,15,37,37,37,37,59,38,75,68,0],"gold":149,"neow_bonus":"ONE_RANDOM_RARE_CARD","is_prod":false,"is_daily":false,"chose_seed":false,"campfire_upgraded":0,"win_rate":0.0,"timestamp":1547295721,"path_taken":["M","M","?","M","M","E","M","$","T","M","R","?","$","M","R","BOSS","M","?"],"build_version":"2019-01-10","purchased_purges":0,"victory":false,"max_hp_per_floor":[75,75,75,75,75,75,75,75,75,75,75,75,75,75,75,75,75,75,75],"card_choices":[{"not_picked":["Streamline","Beam Cell"],"picked":"Go for the Eyes","floor":1},{"not_picked":["Turbo","FTL"],"picked":"Conserve Battery","floor":2},{"not_picked":["Leap","Cold Snap"],"picked":"Coolheaded","floor":4},{"not_picked":["Streamline","Rip and Tear"],"picked":"Compile Driver","floor":5},{"not_picked":["Steam Power","Conserve Battery"],"picked":"Cold Snap","floor":6},{"not_picked":["Conserve Battery","Steam"],"picked":"Lockon","floor":7},{"not_picked":["Aggregate","Coolheaded"],"picked":"Streamline","floor":10},{"not_picked":["Fission","Leap"],"picked":"Ball Lightning","floor":14},{"not_picked":["Thunder Strike","Buffer"],"picked":"Echo Form","floor":16},{"not_picked":["Undo","Stack"],"picked":"Rebound","floor":17},{"not_picked":["Fusion","Compile Driver"],"picked":"Capacitor","floor":17},{"not_picked":["White Noise","Double Energy"],"picked":"Storm","floor":17},{"not_picked":["Conserve Battery","Genetic Algorithm"],"picked":"Buffer","floor":17},{"not_picked":["Blizzard","Cold Snap"],"picked":"Defragment","floor":17},{"not_picked":["Cold Snap","Capacitor"],"picked":"White Noise+1","floor":18}],"player_experience":27728,"relics_obtained":[{"floor":6,"key":"Kunai"},{"floor":9,"key":"Darkstone Periapt"},{"floor":12,"key":"Oddly Smooth Stone"}],"event_choices":[{"damage_healed":0,"gold_gain":0,"player_choice":"Grow","damage_taken":0,"max_hp_gain":0,"max_hp_loss":0,"event_name":"Living Wall","floor":3,"gold_loss":0,"cards_upgraded":["Zap"]},{"damage_healed":0,"gold_gain":0,"player_choice":"Fight","damage_taken":0,"max_hp_gain":0,"max_hp_loss":0,"event_name":"Colosseum","floor":19,"gold_loss":0},{"damage_healed":0,"gold_gain":0,"player_choice":"Fought Nobs","damage_taken":0,"max_hp_gain":0,"max_hp_loss":0,"event_name":"Colosseum","floor":19,"gold_loss":0}],"is_beta":false,"boss_relics":[{"not_picked":["Nuclear Battery","Lizard Tail"],"picked":"Orrery"}],"items_purged_floors":[],"is_endless":false,"potions_floor_spawned":[2,7,14],"killed_by":"Colosseum Nobs","ascension_level":0}