{"gold_per_floor":[110,110,158,121,121,149,149,160,213,213,67,100,111,142,142,242,242,261,261,111,130,142,174,174,203,227,227,258,258,158,169,169,264,264,282,282,282,157,174,174],"floor_reached":40,"playtime":1533,"items_purged":["Regret","Stack","Blizzard"],"score":531,"play_id":"969c285d-fc26-43f1-8213-93085d390f25","local_time":"20190418171146","is_ascension_mode":true,"campfire_choices":[{"data":"Ball Lightning","floor":7,"key":"SMITH"},{"data":"Zap","floor":10,"key":"SMITH"},{"data":"Ball Lightning","floor":15,"key":"SMITH"},{"floor":24,"key":"REST"},{"data":"Creative AI","floor":27,"key":"SMITH"},{"floor":29,"key":"REST"},{"floor":32,"key":"REST"}],"neow_cost":"NONE","seed_source_timestamp":682799497006273,"circlet_count":0,"master_deck":["Zap+1","Dualcast","BootSequence","Static Discharge+1","Ball Lightning+1","Melter","Auto Shields","Ball Lightning+1","Creative AI+1","Loop","Sweeping Beam","Conserve Battery","Stack+1","Conserve Battery+1","Static Discharge","Barrage","Storm","Skim+1","Fission+1","Madness+1","Madness+1"],"relics":["Cracked Core","NeowsBlessing","Mercury Hourglass","DataDisk","Centennial Puzzle","Tiny Chest","Blood Vial","Omamori","Orrery","PreservedInsect","Ginger","Oddly Smooth Stone","War Paint","Toxic Egg 2","Pandora\u0027s Box"],"potions_floor_usage":[33,33],"damage_taken":[{"damage":0,"enemies":"Cultist","floor":1,"turns":1},{"damage":0,"enemies":"Lagavulin","floor":6,"turns":1},{"damage":0,"enemies":"Jaw Worm","floor":8,"turns":1},{"damage":4,"enemies":"3 Sentries","floor":12,"turns":4},{"damage":2,"enemies":"2 Louse","floor":13,"turns":2},{"damage":15,"enemies":"Lagavulin","floor":14,"turns":4},{"damage":27,"enemies":"Hexaghost","floor":16,"turns":5},{"damage":2,"enemies":"3 Byrds","floor":18,"turns":2},{"damage":0,"enemies":"Spheric Guardian","floor":21,"turns":1},{"damage":20,"enemies":"Shelled Parasite and Fungi","floor":22,"turns":3},{"damage":18,"enemies":"Gremlin Leader","floor":23,"turns":4},{"damage":9,"enemies":"Book of Stabbing","floor":25,"turns":3},{"damage":31,"enemies":"Slavers","floor":28,"turns":3},{"damage":8,"enemies":"Snake Plant","floor":31,"turns":3},{"damage":36,"enemies":"Collector","floor":33,"turns":7},{"damage":9,"enemies":"Orb Walker","floor":35,"turns":4},{"damage":41,"enemies":"3 Darklings","floor":39,"turns":3},{"damage":34,"enemies":"Nemesis","floor":40,"turns":2}],"seed_played":"-4830130181858100856","potions_obtained":[{"floor":1,"key":"Ancient Potion"},{"floor":8,"key":"Dexterity Potion"},{"floor":14,"key":"Swift Potion"},{"floor":28,"key":"AttackPotion"}],"is_trial":false,"path_per_floor":["M","?","T","$","?","E","R","M","T","R","$","E","M","E","R","B",null,"M","?","$","M","M","E","R","E","T","R","E","R","$","M","R","B",null,"M","?","?","$","M","E"],"character_chosen":"DEFECT","items_purchased":["Static Discharge","Melter","PreservedInsect"],"campfire_rested":3,"item_purchase_floors":[4,11,20],"current_hp_per_floor":[75,75,75,75,75,75,75,75,75,75,75,71,71,58,58,33,75,73,73,73,75,55,39,61,54,54,54,25,47,47,41,63,29,75,66,66,57,57,18,0],"gold":174,"neow_bonus":"THREE_ENEMY_KILL","is_prod":false,"is_daily":false,"chose_seed":false,"campfire_upgraded":4,"win_rate":0,"timestamp":1555571506,"path_taken":["M","?","?","$","?","E","R","M","T","R","$","E","?","E","R","BOSS","M","?","$","M","M","E","R","E","T","R","E","R","$","M","R","BOSS","M","?","?","$","M","E"],"build_version":"2019-01-23","purchased_purges":3,"victory":false,"max_hp_per_floor":[75,75,75,75,75,75,75,75,75,75,75,75,75,75,75,75,75,75,75,75,75,75,75,75,75,75,75,75,75,75,75,75,75,75,75,75,75,75,75,75],"card_choices":[{"not_picked":["Chill","Capacitor"],"picked":"BootSequence","floor":1},{"not_picked":["Sunder","FTL"],"picked":"Ball Lightning","floor":6},{"not_picked":["Stack","Hologram","Rebound"],"picked":"SKIP","floor":8},{"not_picked":["Steam","FTL","Self Repair"],"picked":"SKIP","floor":12},{"not_picked":["Chaos","Rip and Tear"],"picked":"Auto Shields","floor":13},{"not_picked":["Gash","Conserve Battery"],"picked":"Ball Lightning","floor":14},{"not_picked":["Multi-Cast","Biased Cognition"],"picked":"Creative AI","floor":16},{"not_picked":["Self Repair","Rebound"],"picked":"Loop","floor":17},{"not_picked":["Loop","Skim"],"picked":"Sweeping Beam","floor":17},{"not_picked":["Beam Cell","Leap"],"picked":"Conserve Battery","floor":18},{"not_picked":["Creative AI","Scrape","Undo"],"picked":"SKIP","floor":21},{"not_picked":["Steam+1","Scrape","Ball Lightning"],"picked":"SKIP","floor":22},{"not_picked":["Lockon","Steam+1","Go for the Eyes"],"picked":"SKIP","floor":23},{"not_picked":["Doom and Gloom","Hello World","Hologram"],"picked":"SKIP","floor":25},{"not_picked":["Redo","Go for the Eyes"],"picked":"Conserve Battery","floor":28},{"not_picked":["Rebound+1","Glacier+1","Hologram+1"],"picked":"SKIP","floor":31},{"not_picked":["Turbo+1","Redo+1","Skim+1"],"picked":"SKIP","floor":35},{"not_picked":["Gash+1","Streamline+1","Hologram+1"],"picked":"SKIP","floor":39}],"player_experience":324659,"relics_obtained":[{"floor":3,"key":"DataDisk"},{"floor":6,"key":"Centennial Puzzle"},{"floor":9,"key":"Tiny Chest"},{"floor":12,"key":"Blood Vial"},{"floor":14,"key":"Omamori"},{"floor":23,"key":"Ginger"},{"floor":25,"key":"Oddly Smooth Stone"},{"floor":26,"key":"War Paint"},{"floor":28,"key":"Toxic Egg 2"}],"event_choices":[{"damage_healed":0,"gold_gain":0,"player_choice":"Box","damage_taken":0,"relics_obtained":["Mercury Hourglass"],"max_hp_gain":0,"max_hp_loss":0,"event_name":"Big Fish","floor":2,"gold_loss":0,"cards_obtained":["Regret"]},{"damage_healed":0,"gold_gain":0,"player_choice":"Grow","damage_taken":0,"max_hp_gain":0,"max_hp_loss":0,"event_name":"Living Wall","floor":5,"gold_loss":0,"cards_upgraded":["Static Discharge"]},{"damage_healed":0,"gold_gain":0,"cards_transformed":["Strike_B","Strike_B"],"player_choice":"Became Test Subject","damage_taken":0,"max_hp_gain":0,"max_hp_loss":0,"event_name":"Drug Dealer","floor":19,"gold_loss":0,"cards_obtained":["Stack","Stack"]},{"damage_healed":0,"gold_gain":0,"player_choice":"Ignored","damage_taken":0,"max_hp_gain":0,"max_hp_loss":0,"event_name":"Tomb of Lord Red Mask","floor":36,"gold_loss":0},{"damage_healed":0,"gold_gain":0,"player_choice":"Embrace Madness","damage_taken":9,"max_hp_gain":0,"max_hp_loss":0,"event_name":"Winding Halls","floor":37,"gold_loss":0,"cards_obtained":["Madness","Madness"]}],"is_beta":false,"boss_relics":[{"not_picked":["Philosopher\u0027s Stone","FrozenCore"],"picked":"Orrery"},{"not_picked":["Lizard Tail","Cursed Key"],"picked":"Pandora\u0027s Box"}],"items_purged_floors":[11,30,38],"is_endless":false,"potions_floor_spawned":[1,8,14,18,23,28,31],"killed_by":"Nemesis","ascension_level":2}