{"gold_per_floor":[117,135,135,135,150,175,175,209,209,209,235,235,235,254,254,254],"floor_reached":16,"playtime":1142,"items_purged":[],"score":142,"play_id":"2b9dd835-a948-4b9a-ac31-63b5145360df","local_time":"20190605182514","is_ascension_mode":true,"campfire_choices":[{"floor":7,"key":"REST"},{"data":"Streamline","floor":10,"key":"SMITH"},{"data":"Chaos","floor":12,"key":"SMITH"},{"floor":15,"key":"REST"}],"neow_cost":"NONE","seed_source_timestamp":1550246401360803,"circlet_count":0,"master_deck":["Strike_B","Strike_B","Strike_B","Strike_B","Defend_B","Defend_B","Defend_B","Defend_B","Zap","Dualcast","Cold Snap","Ball Lightning","Streamline+1","Sunder","Conserve Battery","Conserve Battery","Sweeping Beam","Chaos+1","Redo","Machine Learning"],"relics":["Orrery","GremlinMask","Ancient Tea Set","Ginger","Cables","Golden Idol"],"potions_floor_usage":[8,16],"damage_taken":[{"damage":10,"enemies":"Jaw Worm","floor":1,"turns":2},{"damage":0,"enemies":"Cultist","floor":2,"turns":3},{"damage":0,"enemies":"Small Slimes","floor":5,"turns":3},{"damage":25,"enemies":"3 Sentries","floor":6,"turns":6},{"damage":16,"enemies":"Gremlin Nob","floor":8,"turns":4},{"damage":6,"enemies":"3 Sentries","floor":11,"turns":5},{"damage":0,"enemies":"2 Fungi Beasts","floor":14,"turns":2},{"damage":53,"enemies":"Slime Boss","floor":16,"turns":5}],"seed_played":"-8895926025271976754","potions_obtained":[{"floor":1,"key":"AttackPotion"},{"floor":5,"key":"EssenceOfSteel"},{"floor":6,"key":"SpeedPotion"}],"is_trial":false,"path_per_floor":["M","M","?","?","M","E","R","E","T","R","E","R","?","M","R","B"],"character_chosen":"DEFECT","items_purchased":[],"campfire_rested":2,"item_purchase_floors":[],"current_hp_per_floor":[65,65,70,70,70,45,69,53,53,53,47,47,27,27,51,0],"gold":254,"neow_bonus":"BOSS_RELIC","is_prod":false,"is_daily":false,"chose_seed":false,"campfire_upgraded":2,"win_rate":0,"timestamp":1559723114,"path_taken":["M","M","?","?","?","E","R","E","T","R","E","R","?","M","R","BOSS"],"build_version":"2019-01-23","purchased_purges":0,"victory":false,"max_hp_per_floor":[75,75,80,80,80,80,80,80,80,80,80,80,80,80,80,80],"card_choices":[{"not_picked":["Darkness","Gash"],"picked":"Cold Snap","floor":0},{"not_picked":["Coolheaded","Leap"],"picked":"Ball Lightning","floor":0},{"not_picked":["Turbo","Redo"],"picked":"Streamline","floor":0},{"not_picked":["Ball Lightning","Cold Snap"],"picked":"Sunder","floor":0},{"not_picked":["Auto Shields","Multi-Cast"],"picked":"Conserve Battery","floor":1},{"not_picked":["Cold Snap","Streamline"],"picked":"Conserve Battery","floor":2},{"not_picked":["Compile Driver","Conserve Battery"],"picked":"Sweeping Beam","floor":5},{"not_picked":["Self Repair","Creative AI"],"picked":"Chaos","floor":6},{"not_picked":["Capacitor","Stack"],"picked":"Redo","floor":8},{"not_picked":["Streamline","Hyperbeam"],"picked":"Machine Learning","floor":11},{"not_picked":["Gash","Beam Cell","Conserve Battery"],"picked":"SKIP","floor":14}],"player_experience":420522,"relics_obtained":[{"floor":6,"key":"Ancient Tea Set"},{"floor":8,"key":"Ginger"},{"floor":11,"key":"Cables"}],"event_choices":[{"damage_healed":0,"gold_gain":0,"player_choice":"Donut","damage_taken":0,"max_hp_gain":5,"max_hp_loss":0,"event_name":"Big Fish","floor":3,"gold_loss":0},{"damage_healed":0,"gold_gain":0,"player_choice":"Trade","damage_taken":0,"relics_obtained":["GremlinMask"],"max_hp_gain":0,"max_hp_loss":0,"event_name":"FaceTrader","floor":4,"gold_loss":0},{"damage_healed":0,"gold_gain":0,"player_choice":"Take Damage","damage_taken":20,"relics_obtained":["Golden Idol"],"max_hp_gain":0,"max_hp_loss":0,"event_name":"Golden Idol","floor":13,"gold_loss":0}],"is_beta":false,"boss_relics":[],"items_purged_floors":[],"is_endless":false,"potions_floor_spawned":[1,5,6],"killed_by":"Slime Boss","ascension_level":4}