{"gold_per_floor":[217,140,140,140,150,150,162,175,229,245,210,227,247,259,259,357,357,373,226,151,151,165,165,264,280,280,311,325,325,342,358,358,459,459,469,166,177,177,187,287,320,320,402,412,446,466,478,478,478,478],"floor_reached":50,"playtime":7310,"items_purged":[],"score":620,"play_id":"482d8c8b-b0f2-4d71-b2ef-d46777a77684","local_time":"20190319215651","is_ascension_mode":false,"campfire_choices":[{"data":"Infinite Blades","floor":6.0,"key":"SMITH"},{"floor":15.0,"key":"REST"},{"floor":23.0,"key":"REST"},{"floor":32.0,"key":"REST"},{"floor":42.0,"key":"REST"},{"floor":49,"key":"REST"}],"neow_cost":"NONE","seed_source_timestamp":0,"circlet_count":0,"master_deck":["Defend_G","Defend_G","Defend_G","Strike_G","Strike_G","Strike_G","Strike_G","Survivor","Neutralize","Infinite Blades+1","Venomology","Blade Dance","Catalyst","Catalyst","Backflip","Cloak And Dagger","Backflip","After Image","Slice+1","Noxious Fumes+1","Footwork","Blade Dance+1","After Image","Burst","Footwork+1","Dagger Spray+1","Tools of the Trade+1","Backflip+1","Deadly Poison","Bouncing Flask+1","Backstab+1","Caltrops+1","Accuracy"],"special_seed":0,"relics":["Ring of the Snake","Anchor","Fusion Hammer","Lantern","Blood Vial","Singing Bowl","Dream Catcher","Astrolabe","Omamori","Happy Flower","Girya","Smiling Mask","Darkstone Periapt","Oddly Smooth Stone"],"potions_floor_usage":[50,50,50],"damage_taken":[{"damage":2.0,"enemies":"Small Slimes","floor":1.0,"turns":6.0},{"damage":1.0,"enemies":"Jaw Worm","floor":5.0,"turns":5.0},{"damage":7.0,"enemies":"Cultist","floor":7.0,"turns":4.0},{"damage":18.0,"enemies":"3 Louse","floor":8.0,"turns":4.0},{"damage":0.0,"enemies":"Large Slime","floor":10.0,"turns":5.0},{"damage":2.0,"enemies":"2 Fungi Beasts","floor":12.0,"turns":4.0},{"damage":10.0,"enemies":"Gremlin Gang","floor":13.0,"turns":8.0},{"damage":7.0,"enemies":"Exordium Wildlife","floor":14.0,"turns":5.0},{"damage":52.0,"enemies":"The Guardian","floor":16.0,"turns":13.0},{"damage":2.0,"enemies":"3 Byrds","floor":18.0,"turns":9.0},{"damage":9.0,"enemies":"2 Thieves","floor":20.0,"turns":5.0},{"damage":14.0,"enemies":"Snake Plant","floor":22.0,"turns":7.0},{"damage":11.0,"enemies":"Snecko","floor":25.0,"turns":6.0},{"damage":35.0,"enemies":"Gremlin Leader","floor":27.0,"turns":5.0},{"damage":29.0,"enemies":"Cultist and Chosen","floor":28.0,"turns":10.0},{"damage":8.0,"enemies":"Centurion and Healer","floor":30.0,"turns":7.0},{"damage":3.0,"enemies":"3 Cultists","floor":31.0,"turns":5.0},{"damage":1.0,"enemies":"Automaton","floor":33.0,"turns":10.0},{"damage":22.0,"enemies":"3 Shapes","floor":35.0,"turns":6.0},{"damage":9.0,"enemies":"3 Darklings","floor":37.0,"turns":5.0},{"damage":7.0,"enemies":"Sphere and 2 Shapes","floor":39.0,"turns":5.0},{"damage":0.0,"enemies":"Mind Bloom Boss Battle","floor":40.0,"turns":8.0},{"damage":0.0,"enemies":"Nemesis","floor":41.0,"turns":5.0},{"damage":17.0,"enemies":"Jaw Worm Horde","floor":44.0,"turns":3.0},{"damage":24.0,"enemies":"Giant Head","floor":45.0,"turns":8.0},{"damage":7.0,"enemies":"Maw","floor":46.0,"turns":7.0},{"damage":3,"enemies":"Writhing Mass","floor":47,"turns":3},{"damage":74,"enemies":"Awakened One","floor":50,"turns":12}],"seed_played":"-2773919418024739320","potions_obtained":[{"floor":1.0,"key":"Dexterity Potion"},{"floor":10.0,"key":"PowerPotion"},{"floor":13.0,"key":"PowerPotion"},{"floor":16.0,"key":"EntropicBrew"},{"floor":30.0,"key":"GhostInAJar"},{"floor":33.0,"key":"SteroidPotion"},{"floor":35.0,"key":"GhostInAJar"},{"floor":40.0,"key":"Energy Potion"},{"floor":47,"key":"SkillPotion"}],"is_trial":false,"path_per_floor":["M","$","?","?","M","R","M","M","T","M","?","M","M","M","R","B",null,"M","$","M","?","M","R","?","M","T","E","M","?","M","M","R","B",null,"M","$","M","?","M","?","E","R","T","M","E","M","M","?","R","B"],"character_chosen":"THE_SILENT","items_purchased":["Infinite Blades","Lantern","Omamori","Happy Flower"],"campfire_rested":5,"item_purchase_floors":[2,19,36,36],"current_hp_per_floor":[68,68,73,73,72,72,65,47,47,47,65,63,53,46,68,31,75,73,73,64,64,52,74,74,64,64,33,23,23,17,18,44,45,83,61,61,54,54,49,53,57,81,81,66,46,43,42,42,70,0],"gold":478,"neow_bonus":"HUNDRED_GOLD","is_prod":false,"is_daily":false,"chose_seed":false,"campfire_upgraded":1,"win_rate":0,"timestamp":1552993011,"path_taken":["M","$","?","?","M","R","M","?","T","M","?","M","M","M","R","BOSS","M","$","M","?","M","R","?","M","T","E","M","?","?","M","R","BOSS","M","$","M","?","M","?","E","R","T","M","E","M","M","?","R","BOSS"],"build_version":"2019-01-23","purchased_purges":0,"victory":false,"max_hp_per_floor":[70,70,75,75,75,75,75,75,75,75,75,75,75,75,75,75,75,75,75,75,75,75,75,75,75,75,77,79,79,79,81,83,83,83,83,83,83,79,79,81,83,83,83,83,85,87,87,87,89,89],"card_choices":[{"not_picked":["Skewer","Sucker Punch","PiercingWail"],"picked":"SKIP","floor":1.0},{"not_picked":["Dagger Spray","Dash"],"picked":"Blade Dance","floor":5.0},{"not_picked":["Bane","Endless Agony","Underhanded Strike"],"picked":"SKIP","floor":7.0},{"not_picked":["Poisoned Stab","Blur"],"picked":"Catalyst","floor":8.0},{"not_picked":["Sucker Punch","Setup"],"picked":"Catalyst","floor":10.0},{"not_picked":["Outmaneuver","Dagger Spray"],"picked":"Backflip","floor":12.0},{"not_picked":["Predator","Blur"],"picked":"Cloak And Dagger","floor":13.0},{"not_picked":["Outmaneuver","Endless Agony"],"picked":"Backflip","floor":14.0},{"not_picked":["Die Die Die","Wraith Form v2"],"picked":"After Image","floor":16.0},{"not_picked":["Sucker Punch","Quick Slash+1"],"picked":"Slice+1","floor":18.0},{"not_picked":["Poisoned Stab+1","Infinite Blades+1"],"picked":"Noxious Fumes","floor":20.0},{"not_picked":["Quick Slash","Endless Agony"],"picked":"Footwork","floor":22.0},{"not_picked":["Dagger Spray","Poisoned Stab"],"picked":"Blade Dance+1","floor":25.0},{"not_picked":["Calculated Gamble","Endless Agony","PiercingWail"],"picked":"Singing Bowl","floor":27.0},{"not_picked":["PiercingWail","Dodge and Roll","All Out Attack"],"picked":"Singing Bowl","floor":28.0},{"not_picked":["Bane","Terror"],"picked":"After Image","floor":30.0},{"not_picked":["Acrobatics","All Out Attack","Cloak And Dagger"],"picked":"Singing Bowl","floor":31.0},{"not_picked":["Concentrate","Calculated Gamble+1","Sucker Punch"],"picked":"Singing Bowl","floor":32.0},{"not_picked":["Unload","Doppelganger"],"picked":"Burst","floor":33.0},{"not_picked":["Prepared","Underhanded Strike"],"picked":"Backflip+1","floor":35.0},{"not_picked":["Backflip","Outmaneuver+1"],"picked":"Deadly Poison","floor":37.0},{"not_picked":["Bane","Underhanded Strike"],"picked":"Bouncing Flask+1","floor":39.0},{"not_picked":["Expertise","Bane","Well Laid Plans"],"picked":"Singing Bowl","floor":40.0},{"not_picked":["Dodge and Roll","Cloak And Dagger+1","Phantasmal Killer"],"picked":"Singing Bowl","floor":41.0},{"not_picked":["Quick Slash+1","Poisoned Stab+1"],"picked":"Backstab+1","floor":42.0},{"not_picked":["Dodge and Roll+1","Backflip+1"],"picked":"Caltrops+1","floor":44.0},{"not_picked":["Outmaneuver+1","Caltrops","Underhanded Strike+1"],"picked":"Singing Bowl","floor":45.0},{"not_picked":["Distraction","Outmaneuver","Quick Slash+1"],"picked":"Singing Bowl","floor":46.0},{"not_picked":["Well Laid Plans+1","Cloak And Dagger+1"],"picked":"Accuracy","floor":47},{"not_picked":["Sucker Punch+1","Well Laid Plans+1","Bouncing Flask"],"picked":"Singing Bowl","floor":49}],"player_experience":247162,"relics_obtained":[{"floor":9.0,"key":"Anchor"},{"floor":26.0,"key":"Singing Bowl"},{"floor":27.0,"key":"Dream Catcher"},{"floor":40.0,"key":"Girya"},{"floor":41.0,"key":"Smiling Mask"},{"floor":43.0,"key":"Darkstone Periapt"},{"floor":45.0,"key":"Oddly Smooth Stone"}],"event_choices":[{"damage_healed":0.0,"max_hp_gain":5.0,"max_hp_loss":0.0,"gold_gain":0.0,"event_name":"Big Fish","player_choice":"Donut","floor":3.0,"gold_loss":0.0,"damage_taken":0.0},{"damage_healed":0.0,"max_hp_gain":0.0,"max_hp_loss":0.0,"gold_gain":0.0,"event_name":"Match and Keep!","player_choice":"1 cards matched","floor":4.0,"gold_loss":0.0,"damage_taken":0.0,"cards_obtained":["Venomology"]},{"damage_healed":18.0,"max_hp_gain":0.0,"max_hp_loss":0.0,"gold_gain":0.0,"event_name":"The Cleric","player_choice":"Healed","floor":11.0,"gold_loss":35.0,"damage_taken":0.0},{"damage_healed":0.0,"max_hp_gain":0.0,"max_hp_loss":0.0,"gold_gain":0.0,"event_name":"The Mausoleum","player_choice":"Opened","floor":21.0,"gold_loss":0.0,"damage_taken":0.0,"relics_obtained":["Blood Vial"]},{"damage_healed":0.0,"max_hp_gain":0.0,"max_hp_loss":0.0,"gold_gain":99.0,"event_name":"Nest","player_choice":"Stole From Cult","floor":24.0,"gold_loss":0.0,"damage_taken":0.0},{"damage_healed":0.0,"max_hp_gain":0.0,"max_hp_loss":0.0,"gold_gain":0.0,"event_name":"Upgrade Shrine","player_choice":"Upgraded","floor":29.0,"gold_loss":0.0,"damage_taken":0.0,"cards_upgraded":["Noxious Fumes"]},{"damage_healed":0.0,"max_hp_gain":0.0,"max_hp_loss":4.0,"gold_gain":0.0,"event_name":"Winding Halls","player_choice":"Max HP","floor":38.0,"gold_loss":0.0,"damage_taken":0.0},{"damage_healed":0.0,"max_hp_gain":0.0,"max_hp_loss":0.0,"gold_gain":0.0,"event_name":"MindBloom","player_choice":"Fight","floor":40.0,"gold_loss":0.0,"damage_taken":0.0},{"damage_healed":0,"gold_gain":0,"player_choice":"Ignored","damage_taken":0,"max_hp_gain":0,"max_hp_loss":0,"event_name":"Mysterious Sphere","floor":48,"gold_loss":0}],"is_beta":false,"boss_relics":[{"not_picked":["Eternal Feather","Black Star"],"picked":"Fusion Hammer"},{"not_picked":["HoveringKite","Cursed Key"],"picked":"Astrolabe"}],"items_purged_floors":[],"is_endless":false,"potions_floor_spawned":[1,8,10,12,13,16,18,27,28,30,33,35,39,40,47],"killed_by":"Awakened One","ascension_level":0}