{"gold_per_floor":[215,215,390,410,429,429,461,461,461,494,513,478,492,161,161,265,265,284,1,1,16,30,61,61,95,95,128,147,181,197,227,227,325,325,338,13,13,24,124,141,141,141,141,43,68,113,143,154,154,154],"floor_reached":51,"playtime":4849,"items_purged":[],"score":1272,"play_id":"b9ad8b59-1965-4895-a2ed-8f88e4dd0b08","local_time":"20190624031837","is_ascension_mode":true,"campfire_choices":[{"floor":6,"key":"REST"},{"data":"Corruption","floor":15,"key":"SMITH"},{"data":"Bash","floor":24,"key":"SMITH"},{"data":"Fiend Fire","floor":32,"key":"SMITH"},{"floor":49,"key":"REST"}],"neow_cost":"NONE","seed_source_timestamp":95142795048800,"circlet_count":0,"master_deck":["Strike_R","Strike_R","Strike_R","Strike_R","Strike_R","Defend_R","Defend_R","Defend_R","Defend_R","Bash+1","Shockwave","Iron Wave","Corruption+1","Seeing Red","Seeing Red","Battle Trance","Flame Barrier","Master of Strategy","Reaper","Shockwave","Metallicize","Havoc","Impervious","Metallicize","Rampage+1","Seeing Red","Finesse","Metallicize","Exhume","Offering+1","Armaments+1","Shrug It Off+1","Fiend Fire+1","Entrench+1","Uppercut+1","Impervious+1","Armaments+1","True Grit+1","Spot Weakness+1","Spot Weakness+1","Secret Technique+1","Writhe","Panacea+1","Headbutt+1","Sentinel+1"],"relics":["Burning Blood","Dead Branch","Smiling Mask","Shuriken","Ancient Tea Set","Juzu Bracelet","Orrery","Bronze Scales","Frozen Egg 2","Toxic Egg 2","FossilizedHelix","Blue Candle","Red Mask","Meat on the Bone","Fusion Hammer","Paper Frog","Champion Belt","Pear","Omamori","StoneCalendar","Singing Bowl"],"potions_floor_usage":[10,25,29,39,47,48,48],"damage_taken":[{"damage":4,"enemies":"Small Slimes","floor":1,"turns":4},{"damage":13,"enemies":"Jaw Worm","floor":4,"turns":4},{"damage":10,"enemies":"2 Louse","floor":5,"turns":3},{"damage":0,"enemies":"3 Sentries","floor":7,"turns":4},{"damage":33,"enemies":"Gremlin Nob","floor":10,"turns":6},{"damage":5,"enemies":"Blue Slaver","floor":11,"turns":4},{"damage":6,"enemies":"Exordium Wildlife","floor":13,"turns":5},{"damage":6,"enemies":"Slime Boss","floor":16,"turns":6},{"damage":3,"enemies":"Shell Parasite","floor":18,"turns":4},{"damage":5,"enemies":"Spheric Guardian","floor":21,"turns":5},{"damage":9,"enemies":"Chosen and Byrds","floor":22,"turns":8},{"damage":0,"enemies":"Gremlin Leader","floor":23,"turns":4},{"damage":14,"enemies":"Book of Stabbing","floor":25,"turns":6},{"damage":0,"enemies":"Slavers","floor":27,"turns":4},{"damage":10,"enemies":"Centurion and Healer","floor":28,"turns":8},{"damage":5,"enemies":"Masked Bandits","floor":29,"turns":4},{"damage":0,"enemies":"Snecko","floor":30,"turns":5},{"damage":0,"enemies":"Book of Stabbing","floor":31,"turns":1},{"damage":0,"enemies":"Collector","floor":33,"turns":6},{"damage":0,"enemies":"Orb Walker","floor":35,"turns":3},{"damage":0,"enemies":"3 Darklings","floor":38,"turns":3},{"damage":21,"enemies":"Mind Bloom Boss Battle","floor":39,"turns":3},{"damage":0,"enemies":"Spire Growth","floor":40,"turns":2},{"damage":1,"enemies":"Nemesis","floor":45,"turns":5},{"damage":48,"enemies":"2 Orb Walkers","floor":46,"turns":7},{"damage":31,"enemies":"Reptomancer","floor":47,"turns":4},{"damage":22,"enemies":"Jaw Worm Horde","floor":48,"turns":5},{"damage":24,"enemies":"Awakened One","floor":50,"turns":5}],"seed_played":"2025606891740262604","potions_obtained":[{"floor":4,"key":"Weak Potion"},{"floor":5,"key":"GamblersBrew"},{"floor":11,"key":"Dexterity Potion"},{"floor":22,"key":"Fire Potion"},{"floor":27,"key":"AttackPotion"},{"floor":30,"key":"SpeedPotion"},{"floor":39,"key":"FearPotion"},{"floor":45,"key":"Strength Potion"},{"floor":47,"key":"SpeedPotion"}],"is_trial":false,"path_per_floor":["M","?","?","M","M","R","E","?","T","E","M","?","M","$","R","B",null,"M","$","?","M","M","E","R","E","T","E","M","?","M","E","R","B",null,"M","$","?","M","?","M","?","?","T","$","E","?","E","M","R","B",null],"character_chosen":"IRONCLAD","items_purchased":["Juzu Bracelet","Master of Strategy","Bronze Scales","Seeing Red","Finesse","Paper Frog","Armaments+1","True Grit+1","Panacea+1"],"campfire_rested":2,"item_purchase_floors":[14,14,19,19,19,36,36,36,44],"current_hp_per_floor":[80,68,68,61,57,80,80,73,73,46,47,67,67,67,67,67,80,80,80,80,80,77,80,80,72,72,78,74,75,80,80,80,80,80,80,80,80,80,65,71,71,80,90,90,90,60,49,47,75,76],"gold":154,"neow_bonus":"HUNDRED_GOLD","is_prod":false,"is_daily":false,"chose_seed":false,"campfire_upgraded":3,"win_rate":0,"timestamp":1561310317,"path_taken":["M","?","?","M","M","R","E","?","T","E","M","?","M","$","R","BOSS","M","$","?","M","M","E","R","E","T","E","M","?","M","E","R","BOSS","M","$","?","M","?","M","?","?","T","?","E","?","E","M","R","BOSS"],"build_version":"2019-01-23","purchased_purges":0,"victory":true,"max_hp_per_floor":[80,80,80,80,80,80,80,80,80,80,80,80,80,80,80,80,80,80,80,80,80,80,80,80,80,80,80,80,80,80,80,80,80,80,80,80,80,80,80,80,80,80,90,90,90,90,92,94,94,94],"card_choices":[{"not_picked":["Havoc","Body Slam"],"picked":"Shockwave","floor":1},{"not_picked":["Heavy Blade","Pommel Strike"],"picked":"Iron Wave","floor":4},{"not_picked":["Heavy Blade","Reckless Charge"],"picked":"Corruption","floor":5},{"not_picked":["Twin Strike","Clash"],"picked":"Seeing Red","floor":7},{"not_picked":["Heavy Blade","Pommel Strike"],"picked":"Seeing Red","floor":10},{"not_picked":["Inflame","Body Slam"],"picked":"Battle Trance","floor":11},{"not_picked":["Berserk","Reckless Charge"],"picked":"Flame Barrier","floor":13},{"not_picked":["Fiend Fire","Berserk"],"picked":"Reaper","floor":16},{"not_picked":["Corruption","Flex"],"picked":"Shockwave","floor":17},{"not_picked":["Cleave","Perfected Strike"],"picked":"Metallicize","floor":17},{"not_picked":["Bloodletting","Blood for Blood"],"picked":"Havoc","floor":17},{"not_picked":["Shrug It Off","Clothesline"],"picked":"Impervious","floor":17},{"not_picked":["Havoc","Cleave"],"picked":"Metallicize","floor":17},{"not_picked":["Clothesline","Pommel Strike"],"picked":"Rampage+1","floor":18},{"not_picked":["Cleave+1","Twin Strike"],"picked":"Metallicize","floor":21},{"not_picked":["Perfected Strike","Clothesline","Armaments"],"picked":"SKIP","floor":22},{"not_picked":["Clash","Heavy Blade+1"],"picked":"Exhume","floor":23},{"not_picked":["Headbutt","Infernal Blade"],"picked":"Offering","floor":25},{"not_picked":["Bludgeon","Thunderclap"],"picked":"Armaments+1","floor":27},{"not_picked":["Hemokinesis","Headbutt"],"picked":"Shrug It Off+1","floor":28},{"not_picked":["Inflame+1","Hemokinesis"],"picked":"Fiend Fire","floor":29},{"not_picked":["Uppercut","Iron Wave"],"picked":"Entrench+1","floor":30},{"not_picked":["Wild Strike","Shrug It Off+1"],"picked":"Uppercut+1","floor":31},{"not_picked":["Fiend Fire","Juggernaut+1"],"picked":"Impervious+1","floor":33},{"not_picked":["Hemokinesis","Wild Strike+1","Anger+1"],"picked":"SKIP","floor":35},{"not_picked":["Perfected Strike","Iron Wave+1"],"picked":"Spot Weakness+1","floor":38},{"not_picked":["Flex+1","Body Slam"],"picked":"Spot Weakness+1","floor":40},{"not_picked":["Good Instincts+1","Master of Strategy+1"],"picked":"Secret Technique+1","floor":41},{"not_picked":["Twin Strike","Pommel Strike"],"picked":"Headbutt+1","floor":45},{"not_picked":["Armaments+1","Havoc+1"],"picked":"Sentinel+1","floor":46},{"not_picked":["Flex+1","Ghostly Armor+1","Flame Barrier+1"],"picked":"Singing Bowl","floor":47},{"not_picked":["Wild Strike+1","Warcry+1","Fire Breathing+1"],"picked":"Singing Bowl","floor":48}],"player_experience":154593,"relics_obtained":[{"floor":7,"key":"Smiling Mask"},{"floor":9,"key":"Shuriken"},{"floor":10,"key":"Ancient Tea Set"},{"floor":23,"key":"Frozen Egg 2"},{"floor":25,"key":"Toxic Egg 2"},{"floor":26,"key":"FossilizedHelix"},{"floor":27,"key":"Blue Candle"},{"floor":29,"key":"Red Mask"},{"floor":31,"key":"Meat on the Bone"},{"floor":39,"key":"Champion Belt"},{"floor":43,"key":"Pear"},{"floor":45,"key":"Omamori"},{"floor":46,"key":"StoneCalendar"},{"floor":47,"key":"Singing Bowl"}],"event_choices":[{"damage_healed":0,"gold_gain":0,"player_choice":"Success","damage_taken":12,"relics_obtained":["Dead Branch"],"max_hp_gain":0,"max_hp_loss":0,"event_name":"Scrap Ooze","floor":2,"gold_loss":0},{"damage_healed":0,"gold_gain":175,"player_choice":"AGREE","damage_taken":0,"max_hp_gain":0,"max_hp_loss":0,"event_name":"Liars Game","floor":3,"gold_loss":0,"cards_obtained":["Doubt"]},{"cards_removed":["Doubt"],"damage_healed":0,"gold_gain":0,"player_choice":"Card Removal","damage_taken":7,"max_hp_gain":0,"max_hp_loss":0,"event_name":"Golden Wing","floor":8,"gold_loss":0},{"damage_healed":20,"gold_gain":0,"player_choice":"Healed","damage_taken":0,"max_hp_gain":0,"max_hp_loss":0,"event_name":"The Cleric","floor":12,"gold_loss":35},{"damage_healed":0,"gold_gain":0,"player_choice":"Ignored","damage_taken":0,"max_hp_gain":0,"max_hp_loss":0,"event_name":"Beggar","floor":20,"gold_loss":0},{"damage_healed":0,"gold_gain":0,"player_choice":"Fought Bandits","damage_taken":0,"max_hp_gain":0,"max_hp_loss":0,"event_name":"Masked Bandits","floor":29,"gold_loss":0},{"damage_healed":0,"gold_gain":0,"player_choice":"Ignored","damage_taken":0,"max_hp_gain":0,"max_hp_loss":0,"event_name":"SecretPortal","floor":37,"gold_loss":0},{"damage_healed":0,"gold_gain":0,"player_choice":"Fight","damage_taken":0,"max_hp_gain":0,"max_hp_loss":0,"event_name":"MindBloom","floor":39,"gold_loss":0},{"damage_healed":0,"gold_gain":0,"player_choice":"Memory 1","damage_taken":0,"max_hp_gain":0,"max_hp_loss":0,"event_name":"SensoryStone","floor":41,"gold_loss":0},{"damage_healed":20,"gold_gain":0,"player_choice":"Writhe","damage_taken":0,"max_hp_gain":0,"max_hp_loss":0,"event_name":"Winding Halls","floor":42,"gold_loss":0,"cards_obtained":["Writhe"]},{"damage_healed":0,"gold_gain":0,"player_choice":"Fight","damage_taken":0,"max_hp_gain":0,"max_hp_loss":0,"event_name":"Mysterious Sphere","floor":46,"gold_loss":0}],"is_beta":false,"boss_relics":[{"not_picked":["Coffee Dripper","Snecko Eye"],"picked":"Orrery"},{"not_picked":["Cursed Key","Sozu"],"picked":"Fusion Hammer"}],"items_purged_floors":[],"is_endless":false,"potions_floor_spawned":[4,5,11,22,27,28,30,31,33,39,40,45,47],"ascension_level":4}