{"gold_per_floor":[116,127,145,145,160,195,195,238,314,329,504,75,93,168,168,168],"floor_reached":16,"playtime":1004,"items_purged":["Doubt"],"score":129,"play_id":"8e787396-2eec-456b-aaeb-2c147c28735d","local_time":"20190216172250","is_ascension_mode":true,"campfire_choices":[{"floor":7,"key":"REST"},{"floor":15,"key":"REST"}],"neow_cost":"NONE","seed_source_timestamp":14984765277238,"circlet_count":0,"master_deck":["Strike_R","Strike_R","Strike_R","Strike_R","Strike_R","Defend_R","Defend_R","Defend_R","Defend_R","Bash","Iron Wave","Spot Weakness","Uppercut","Body Slam","Cleave"],"relics":["Burning Blood","NeowsBlessing","Golden Idol","Dodecahedron","Gambling Chip","Paper Frog","Sling","Blood Vial"],"potions_floor_usage":[16,16,16],"damage_taken":[{"damage":0,"enemies":"Jaw Worm","floor":1,"turns":1},{"damage":0,"enemies":"Small Slimes","floor":2,"turns":1},{"damage":0,"enemies":"Cultist","floor":3,"turns":1},{"damage":27,"enemies":"Large Slime","floor":5,"turns":5},{"damage":25,"enemies":"3 Sentries","floor":6,"turns":9},{"damage":27,"enemies":"Gremlin Nob","floor":8,"turns":5},{"damage":9,"enemies":"Exordium Thugs","floor":10,"turns":4},{"damage":9,"enemies":"Looter","floor":13,"turns":3},{"damage":50,"enemies":"Slime Boss","floor":16,"turns":7}],"seed_played":"3040213327862480467","potions_obtained":[{"floor":3,"key":"EssenceOfSteel"},{"floor":8,"key":"Ancient Potion"},{"floor":10,"key":"Explosive Potion"}],"is_trial":false,"path_per_floor":["M","M","M","?","M","E","R","E","T","M","?","$","M","?","R","B"],"character_chosen":"IRONCLAD","items_purchased":["Sling","Blood Vial"],"campfire_rested":2,"item_purchase_floors":[12,12],"current_hp_per_floor":[80,80,80,60,39,20,44,23,23,20,20,20,19,8,32,0],"gold":168,"neow_bonus":"THREE_ENEMY_KILL","is_prod":false,"is_daily":false,"chose_seed":false,"campfire_upgraded":0,"win_rate":0,"timestamp":1550298170,"path_taken":["M","M","M","?","M","E","R","E","T","M","?","$","M","?","R","BOSS"],"build_version":"2019-01-23","purchased_purges":1,"victory":false,"max_hp_per_floor":[80,80,80,80,80,80,80,80,80,80,80,80,80,80,80,80],"card_choices":[{"not_picked":["Bloodletting","Headbutt"],"picked":"Iron Wave","floor":1},{"not_picked":["Body Slam","Second Wind"],"picked":"Spot Weakness","floor":2},{"not_picked":["Armaments","Hemokinesis","Thunderclap"],"picked":"SKIP","floor":3},{"not_picked":["Sentinel","Rage","Twin Strike"],"picked":"SKIP","floor":5},{"not_picked":["Armaments","Exhume"],"picked":"Uppercut","floor":6},{"not_picked":["Iron Wave","Clash"],"picked":"Body Slam","floor":8},{"not_picked":["Iron Wave","Clash"],"picked":"Cleave","floor":10},{"not_picked":["Clothesline","Feel No Pain","Combust"],"picked":"SKIP","floor":13}],"player_experience":181276,"relics_obtained":[{"floor":6,"key":"Dodecahedron"},{"floor":8,"key":"Gambling Chip"},{"floor":9,"key":"Paper Frog"}],"event_choices":[{"damage_healed":0,"gold_gain":0,"player_choice":"Take Damage","damage_taken":20,"relics_obtained":["Golden Idol"],"max_hp_gain":0,"max_hp_loss":0,"event_name":"Golden Idol","floor":4,"gold_loss":0},{"damage_healed":0,"gold_gain":175,"player_choice":"AGREE","damage_taken":0,"max_hp_gain":0,"max_hp_loss":0,"event_name":"Liars Game","floor":11,"gold_loss":0,"cards_obtained":["Doubt"]},{"damage_healed":0,"gold_gain":75,"player_choice":"Gather Gold","damage_taken":11,"max_hp_gain":0,"max_hp_loss":0,"event_name":"World of Goop","floor":14,"gold_loss":0}],"is_beta":false,"boss_relics":[],"items_purged_floors":[12],"is_endless":false,"potions_floor_spawned":[3,8,10,13],"killed_by":"Slime Boss","ascension_level":3}