{"gold_per_floor":[109,69,82,82,93,126,126,103,128,156,5,5,25,25,25,25],"floor_reached":16,"playtime":747,"items_purged":["Regret"],"score":113,"play_id":"3cbe79f6-d6c0-489a-8d1f-55e564ccf509","local_time":"20190121224844","is_ascension_mode":true,"campfire_choices":[{"floor":7,"key":"REST"},{"floor":15,"key":"REST"}],"neow_cost":"NONE","seed_source_timestamp":962882516907364,"circlet_count":0,"master_deck":["Strike_B","Strike_B","Strike_B","Strike_B","Defend_B","Defend_B","Defend_B","Defend_B","Zap","Dualcast","Rainbow","White Noise","Leap","Conserve Battery","Cold Snap","Rip and Tear","Storm","Thunder Strike","White Noise"],"relics":["Cracked Core","Dream Catcher","Boot","Regal Pillow","Mummified Hand","Shuriken"],"potions_floor_usage":[6,10],"damage_taken":[{"damage":13,"enemies":"2 Louse","floor":1,"turns":2},{"damage":4,"enemies":"Cultist","floor":3,"turns":3},{"damage":12,"enemies":"Small Slimes","floor":5,"turns":3},{"damage":23,"enemies":"Lagavulin","floor":6,"turns":6},{"damage":31,"enemies":"3 Sentries","floor":10,"turns":8},{"damage":4,"enemies":"2 Fungi Beasts","floor":13,"turns":2},{"damage":50,"enemies":"The Guardian","floor":16,"turns":10}],"seed_played":"2634667373765027646","potions_obtained":[{"floor":2,"key":"FearPotion"},{"floor":2,"key":"PowerPotion"},{"floor":2,"key":"Strength Potion"},{"floor":13,"key":"Energy Potion"}],"is_trial":false,"path_per_floor":["M","?","M","?","M","E","R","?","T","E","$","?","M","T","R","B"],"character_chosen":"DEFECT","items_purchased":["Storm"],"campfire_rested":2,"item_purchase_floors":[11],"current_hp_per_floor":[62,62,58,58,46,23,45,45,45,14,14,14,10,10,47,0],"gold":25,"neow_bonus":"ONE_RANDOM_RARE_CARD","is_prod":false,"is_daily":false,"chose_seed":false,"campfire_upgraded":0,"win_rate":0,"timestamp":1548071324,"path_taken":["M","?","?","?","M","E","R","?","T","E","$","?","M","?","R","BOSS"],"build_version":"2019-01-17v2","purchased_purges":1,"victory":false,"max_hp_per_floor":[75,75,75,75,75,75,75,75,75,75,75,75,75,75,75,75],"card_choices":[{"not_picked":["Streamline","Lockon"],"picked":"White Noise","floor":1},{"not_picked":["Compile Driver","Recycle"],"picked":"Leap","floor":3},{"not_picked":["Redo","Streamline","Consume"],"picked":"SKIP","floor":5},{"not_picked":["Consume","Rebound"],"picked":"Conserve Battery","floor":6},{"not_picked":["Compile Driver","Conserve Battery"],"picked":"Cold Snap","floor":7},{"not_picked":["Skim","Hologram"],"picked":"Rip and Tear","floor":10},{"not_picked":["Cold Snap","White Noise"],"picked":"Thunder Strike","floor":13},{"not_picked":["Sweeping Beam","Skim"],"picked":"White Noise","floor":15}],"player_experience":81010,"relics_obtained":[{"floor":6,"key":"Boot"},{"floor":9,"key":"Regal Pillow"},{"floor":10,"key":"Mummified Hand"},{"floor":14,"key":"Shuriken"}],"event_choices":[{"damage_healed":0,"gold_gain":0,"player_choice":"Bought 3 Potions","damage_taken":0,"max_hp_gain":0,"max_hp_loss":0,"event_name":"The Woman in Blue","floor":2,"gold_loss":0},{"damage_healed":0,"gold_gain":0,"player_choice":"Box","damage_taken":0,"relics_obtained":["Dream Catcher"],"max_hp_gain":0,"max_hp_loss":0,"event_name":"Big Fish","floor":4,"gold_loss":0,"cards_obtained":["Regret"]},{"damage_healed":0,"gold_gain":0,"player_choice":"Left Gold","damage_taken":0,"max_hp_gain":0,"max_hp_loss":0,"event_name":"World of Goop","floor":8,"gold_loss":23},{"damage_healed":0,"gold_gain":0,"player_choice":"Ignored","damage_taken":0,"max_hp_gain":0,"max_hp_loss":0,"event_name":"Liars Game","floor":12,"gold_loss":0}],"is_beta":false,"boss_relics":[],"items_purged_floors":[11],"is_endless":false,"potions_floor_spawned":[3,13],"killed_by":"The Guardian","ascension_level":1}