{"path_per_floor":["M","M","$","M","M","R","M","?","T","T","R","M","$","T","R","B",null,"M","$","?","M","?","R","M","R","T","?","R","M","R","E","R","B",null,"M","M"],"character_chosen":"THE_SILENT","items_purchased":["Blade Dance","Poisoned Stab","Quick Slash","Backflip"],"gold_per_floor":[112,130,50,64,80,80,98,98,123,176,176,191,116,116,116,219,219,230,13,13,32,212,212,231,231,231,231,231,244,244,272,272,367,367,379,399],"floor_reached":37,"campfire_rested":3,"playtime":2254,"current_hp_per_floor":[70,70,70,66,65,65,63,63,63,63,63,63,63,63,63,41,70,64,64,64,60,39,60,54,54,54,54,54,22,43,13,34,3,70,41,32],"items_purged":["Defend_G","Strike_G"],"gold":399,"play_id":"03e7b8a3-35db-4a0b-9f35-6d67b9723f66","is_prod":false,"is_daily":false,"is_ascension_mode":false,"campfire_upgraded":5,"path_taken":["M","M","$","M","M","R","M","?","T","?","R","?","?","?","R","BOSS","M","$","?","M","?","R","M","R","T","?","R","M","R","E","R","BOSS","M","M","M"],"build_version":"2018-02-01-PROD3","purchased_purges":2,"victory":false,"master_deck":["Defend_G","Defend_G","Defend_G","Strike_G","Strike_G","Strike_G","Strike_G","Survivor","Neutralize","Blade Dance+1","Noxious Fumes+1","Blade Dance","Unload","Backflip","Dash+1","Bouncing Flask+1","Unload","Deadly Poison","Poisoned Stab+1","Quick Slash","Backflip","Deadly Poison","Quick Slash","Endless Agony","Flying Knee+1","Glass Knife","Dodge and Roll+1","Deadly Poison"],"max_hp_per_floor":[70,70,70,70,70,70,70,70,70,70,70,70,70,70,70,70,70,70,70,70,70,70,70,70,70,70,70,70,70,70,70,70,70,70,70,70],"relics":["Ring of the Snake","Bag of Marbles","Happy Flower","Lantern","Bronze Scales","Lizard Tail","Pen Nib","Darkstone Periapt","Juzu Bracelet","Question Card"],"card_choices":[{"not_picked":["Malaise","PiercingWail"],"picked":"Blade Dance"},{"not_picked":["Bane","Slice"],"picked":"Noxious Fumes"},{"not_picked":["Malaise","Deflect"],"picked":"Unload"},{"not_picked":["Terror","Prepared"],"picked":"Backflip"},{"not_picked":["Eviscerate","Sucker Punch"],"picked":"Dash"},{"not_picked":["Calculated Gamble","Backflip"],"picked":"Bouncing Flask"},{"not_picked":["Burst","Doppelganger"],"picked":"Unload"},{"not_picked":["Backflip","Deflect"],"picked":"Deadly Poison"},{"not_picked":["Terror","Bane"],"picked":"Deadly Poison"},{"not_picked":["Underhanded Strike","Tactician"],"picked":"Quick Slash"},{"not_picked":["Masterful Stab","Flying Knee"],"picked":"Endless Agony"},{"not_picked":["Masterful Stab","Deadly Poison"],"picked":"Flying Knee"},{"not_picked":["Adrenaline","Burst"],"picked":"Glass Knife"},{"not_picked":["Heel Hook","Infinite Blades","Bane"],"picked":"Dodge and Roll"},{"not_picked":["Heel Hook","Choke","Eviscerate"],"picked":"Deadly Poison"}],"player_experience":53569,"potions_floor_usage":[29,33,33,33],"damage_taken":[{"damage":0.0,"enemies":"Blue Slaver","floor":1.0,"turns":6.0},{"damage":0.0,"enemies":"Cultist","floor":2.0,"turns":4.0},{"damage":4.0,"enemies":"Small Slimes","floor":4.0,"turns":4.0},{"damage":1.0,"enemies":"Exordium Thugs","floor":5.0,"turns":3.0},{"damage":2.0,"enemies":"Red Slaver","floor":7.0,"turns":4.0},{"damage":0.0,"enemies":"Large Slime","floor":12.0,"turns":4.0},{"damage":22.0,"enemies":"Hexaghost","floor":16.0,"turns":7.0},{"damage":6,"enemies":"Shell Parasite","floor":18,"turns":2},{"damage":4,"enemies":"Chosen","floor":21,"turns":5},{"damage":6,"enemies":"Snake Plant","floor":24,"turns":3},{"damage":32,"enemies":"Slaver and Parasite","floor":29,"turns":4},{"damage":30,"enemies":"Book of Stabbing","floor":31,"turns":5},{"damage":73,"enemies":"Collector","floor":33,"turns":7},{"damage":29,"enemies":"3 Darklings","floor":35,"turns":4},{"damage":9,"enemies":"Orb Walker","floor":36,"turns":3},{"damage":41,"enemies":"Sphere and 2 Shapes","floor":37,"turns":3}],"event_choices":[{"event_name":"Purifier","player_choice":"One Purge","floor":8.0,"damage_taken":0.0},{"event_name":"Addict","player_choice":"Ignored","floor":20,"damage_taken":0},{"event_name":"Knowing Skull","player_choice":"GOLD GOLD ","floor":22,"damage_taken":0},{"event_name":"The Mausoleum","player_choice":"Yes","floor":27,"damage_taken":0}],"boss_relics":[{"not_picked":["White Beast Statue","The Specimen"],"picked":"Lizard Tail"},{"not_picked":["Velvet Choker","Snecko Eye"],"picked":"Question Card"}],"potions_floor_spawned":[1,4,5,16,21,29,33,35],"seed_played":"722107575435898353","killed_by":"Sphere and 2 Shapes","ascension_level":0,"is_trial":false}