{"gold_per_floor":[117,117,292,292,310,343,355,398,710,37,48,48,62,73,73,174,174,184,184,84,95,95,122,122,154,154,154,168,168],"floor_reached":29,"playtime":2548,"items_purged":["Doubt","Writhe"],"score":326,"play_id":"a58dc57c-496f-4cd8-b54e-b6c7d569c179","local_time":"20190203173701","is_ascension_mode":true,"campfire_choices":[{"data":"Rampage","floor":7.0,"key":"SMITH"},{"data":"Bash","floor":12.0,"key":"SMITH"},{"floor":15.0,"key":"REST"},{"floor":24,"key":"REST"},{"floor":27,"key":"REST"}],"neow_cost":"NONE","seed_source_timestamp":0,"circlet_count":0,"master_deck":["Strike_R","Strike_R","Strike_R","Strike_R","Strike_R+1","Defend_R","Defend_R","Defend_R+1","Defend_R","Bash+1","Cleave","Rampage+1","Thunderclap","Perfected Strike","Battle Trance"],"special_seed":0,"relics":["Black Blood","NeowsBlessing","Pocketwatch","MawBank","Anchor","Old Coin","StoneCalendar","Calipers","Lantern","Nunchaku","Singing Bowl","Question Card"],"potions_floor_usage":[16,16,23,25,25,28],"damage_taken":[{"damage":0.0,"enemies":"Small Slimes","floor":1.0,"turns":1.0},{"damage":0.0,"enemies":"Jaw Worm","floor":5.0,"turns":1.0},{"damage":0.0,"enemies":"3 Sentries","floor":6.0,"turns":1.0},{"damage":28.0,"enemies":"Gremlin Nob","floor":8.0,"turns":4.0},{"damage":6.0,"enemies":"Cultist","floor":11.0,"turns":3.0},{"damage":0.0,"enemies":"Large Slime","floor":13.0,"turns":3.0},{"damage":1.0,"enemies":"Lots of Slimes","floor":14.0,"turns":3.0},{"damage":50,"enemies":"The Guardian","floor":16,"turns":7},{"damage":2,"enemies":"Chosen","floor":18,"turns":3},{"damage":15,"enemies":"3 Byrds","floor":21,"turns":5},{"damage":46,"enemies":"Slavers","floor":23,"turns":5},{"damage":74,"enemies":"Book of Stabbing","floor":25,"turns":6},{"damage":34,"enemies":"Cultist and Chosen","floor":28,"turns":6},{"damage":27,"enemies":"Centurion and Healer","floor":29,"turns":5}],"seed_played":"8109531736182157571","potions_obtained":[{"floor":5.0,"key":"Block Potion"},{"floor":6.0,"key":"FearPotion"},{"floor":11.0,"key":"FearPotion"},{"floor":14.0,"key":"Strength Potion"},{"floor":21,"key":"FearPotion"},{"floor":22,"key":"SkillPotion"},{"floor":22,"key":"Regen Potion"},{"floor":22,"key":"Explosive Potion"},{"floor":25,"key":"BloodPotion"}],"is_trial":false,"path_per_floor":["M","?","?","?","M","E","R","E","T","$","M","R","M","M","R","B",null,"M","?","$","M","?","E","R","E","T","R","M","M"],"character_chosen":"IRONCLAD","items_purchased":["StoneCalendar","Calipers"],"campfire_rested":3,"item_purchase_floors":[10,10],"current_hp_per_floor":[80,68,68,52,58,64,64,42,42,42,42,42,48,53,77,33,80,80,80,80,75,75,39,63,16,16,40,26,0],"gold":168,"neow_bonus":"THREE_ENEMY_KILL","is_prod":false,"is_daily":false,"chose_seed":false,"campfire_upgraded":2,"win_rate":0,"timestamp":1549175821,"path_taken":["M","?","?","?","?","E","R","E","T","$","M","R","M","M","R","BOSS","M","?","$","M","?","E","R","E","T","R","M","M"],"build_version":"2019-01-23","purchased_purges":2,"victory":false,"max_hp_per_floor":[80,80,80,80,80,80,80,80,80,80,80,80,80,80,80,80,80,80,80,80,80,80,80,80,82,82,82,84,84],"card_choices":[{"not_picked":["Headbutt","Wild Strike","Shrug It Off"],"picked":"SKIP","floor":1.0},{"not_picked":["Ghostly Armor","True Grit"],"picked":"Cleave","floor":5.0},{"not_picked":["Shrug It Off","Clothesline"],"picked":"Rampage","floor":6.0},{"not_picked":["Searing Blow","Power Through","Clothesline"],"picked":"SKIP","floor":8.0},{"not_picked":["Searing Blow","Power Through","Clothesline"],"picked":"SKIP","floor":8.0},{"not_picked":["Battle Trance","Warcry"],"picked":"Thunderclap","floor":11.0},{"not_picked":["Ghostly Armor","Searing Blow"],"picked":"Perfected Strike","floor":13.0},{"not_picked":["Armaments","Heavy Blade","Body Slam"],"picked":"SKIP","floor":14.0},{"not_picked":["Headbutt","Flex"],"picked":"Battle Trance","floor":18},{"not_picked":["Perfected Strike","Flame Barrier","Reckless Charge"],"picked":"SKIP","floor":21},{"not_picked":["True Grit","Thunderclap+1","Shockwave"],"picked":"SKIP","floor":23},{"not_picked":["Anger","Fire Breathing+1","Havoc"],"picked":"Singing Bowl","floor":25},{"not_picked":["Uppercut","Dropkick+1","Flex+1","Warcry"],"picked":"Singing Bowl","floor":28}],"player_experience":130884,"relics_obtained":[{"floor":6.0,"key":"MawBank"},{"floor":8.0,"key":"Anchor"},{"floor":9.0,"key":"Old Coin"},{"floor":23,"key":"Nunchaku"},{"floor":25,"key":"Singing Bowl"},{"floor":26,"key":"Question Card"}],"event_choices":[{"damage_healed":0.0,"max_hp_gain":0.0,"max_hp_loss":0.0,"gold_gain":0.0,"event_name":"Scrap Ooze","player_choice":"Success","floor":2.0,"gold_loss":0.0,"damage_taken":12.0,"relics_obtained":["Pocketwatch"]},{"damage_healed":0.0,"max_hp_gain":0.0,"max_hp_loss":0.0,"gold_gain":175.0,"event_name":"Liars Game","player_choice":"AGREE","floor":3.0,"gold_loss":0.0,"damage_taken":0.0,"cards_obtained":["Doubt"]},{"damage_healed":0.0,"max_hp_gain":0.0,"max_hp_loss":0.0,"gold_gain":0.0,"event_name":"Shining Light","player_choice":"Entered Light","floor":4.0,"gold_loss":0.0,"damage_taken":16.0,"cards_upgraded":["Defend_R","Strike_R"]},{"damage_healed":0,"gold_gain":0,"player_choice":"Opened","damage_taken":0,"relics_obtained":["Lantern"],"max_hp_gain":0,"max_hp_loss":0,"event_name":"The Mausoleum","floor":19,"gold_loss":0,"cards_obtained":["Writhe"]},{"damage_healed":0,"gold_gain":0,"player_choice":"Got Potions","damage_taken":0,"max_hp_gain":0,"max_hp_loss":0,"event_name":"Lab","floor":22,"gold_loss":0}],"is_beta":false,"boss_relics":[{"not_picked":["Tiny House","Runic Dome"],"picked":"Black Blood"}],"items_purged_floors":[10,20],"is_endless":false,"potions_floor_spawned":[5,6,11,14,21,25],"killed_by":"Centurion and Healer","ascension_level":2}