{"gold_per_floor":[114,134,144,157,171,171,171,171,198,198,226,226,270,286,286,416,416,437,437,352,371,43,82,82,105,105,105,144,44,44,68,68,68],"floor_reached":33,"playtime":17355,"items_purged":["Bite","Writhe"],"score":320,"play_id":"a4909251-2cf2-49d8-98fd-7eb77229a35f","local_time":"20190622141337","is_ascension_mode":false,"campfire_choices":[{"data":"Corruption","floor":6.0,"key":"SMITH"},{"data":"Flame Barrier","floor":8.0,"key":"SMITH"},{"data":"Iron Wave","floor":10.0,"key":"SMITH"},{"floor":15.0,"key":"REST"},{"data":"Burning Pact","floor":27,"key":"SMITH"},{"data":"Offering","floor":30,"key":"SMITH"},{"data":"Bite","floor":32,"key":"SMITH"}],"neow_cost":"","seed_source_timestamp":0,"circlet_count":0,"master_deck":["Defend_R","Defend_R","Defend_R","Defend_R","Bash","Iron Wave+1","Flame Barrier+1","Corruption+1","Disarm","Burning Pact+1","Seeing Red","Feel No Pain","Offering+1","Shrug It Off","Bite+1","Bite","Bite","Bite","Bloodletting+1","Fire Breathing+1","Corruption+1","Rupture+1"],"special_seed":0,"relics":["Burning Blood","Bag of Preparation","Ancient Tea Set","Golden Idol","Vajra","Mark of Pain","Gambling Chip","Shuriken","Torii","Red Skull","Dodecahedron","Pear"],"potions_floor_usage":[33],"damage_taken":[{"damage":1.0,"enemies":"Cultist","floor":1.0,"turns":4.0},{"damage":1.0,"enemies":"Jaw Worm","floor":2.0,"turns":5.0},{"damage":0.0,"enemies":"Small Slimes","floor":3.0,"turns":5.0},{"damage":39.0,"enemies":"Exordium Wildlife","floor":4.0,"turns":8.0},{"damage":5.0,"enemies":"2 Fungi Beasts","floor":5.0,"turns":5.0},{"damage":10.0,"enemies":"Lagavulin","floor":11.0,"turns":8.0},{"damage":17.0,"enemies":"3 Sentries","floor":13.0,"turns":8.0},{"damage":6.0,"enemies":"3 Louse","floor":14.0,"turns":4.0},{"damage":44.0,"enemies":"The Guardian","floor":16.0,"turns":13.0},{"damage":6,"enemies":"Chosen","floor":18,"turns":4},{"damage":6,"enemies":"2 Thieves","floor":21,"turns":4},{"damage":19,"enemies":"Slavers","floor":23,"turns":5},{"damage":11,"enemies":"Centurion and Healer","floor":25,"turns":6},{"damage":11,"enemies":"Book of Stabbing","floor":28,"turns":6},{"damage":6,"enemies":"Snake Plant","floor":31,"turns":3},{"damage":95,"enemies":"Champ","floor":33,"turns":10}],"seed_played":"-1457763479230234790","potions_obtained":[{"floor":3.0,"key":"Ancient Potion"},{"floor":4.0,"key":"FearPotion"},{"floor":14.0,"key":"Explosive Potion"},{"floor":16.0,"key":"LiquidBronze"},{"floor":31,"key":"Regen Potion"}],"is_trial":false,"path_per_floor":["M","M","M","M","M","R","?","R","T","R","E","?","E","M","R","B",null,"M","?","?","M","$","E","?","M","T","R","E","$","R","M","R","B"],"character_chosen":"IRONCLAD","items_purchased":["Shuriken"],"campfire_rested":1,"item_purchase_floors":[22],"current_hp_per_floor":[80,80,80,47,48,48,41,41,41,41,37,37,26,26,48,10,74,74,51,51,51,51,51,51,51,51,51,61,61,61,61,61,0],"gold":68,"neow_bonus":"","is_prod":false,"is_daily":false,"chose_seed":false,"campfire_upgraded":6,"win_rate":0.0,"timestamp":1561227217,"path_taken":["M","M","M","?","?","R","?","R","T","R","E","?","E","M","R","BOSS","M","?","?","M","?","E","?","M","T","R","E","$","R","M","R","BOSS"],"build_version":"2019-01-23","purchased_purges":2,"victory":false,"max_hp_per_floor":[80,80,80,80,80,80,80,80,80,80,80,74,74,74,74,74,74,74,51,51,51,51,51,51,51,51,51,61,61,61,61,61,61],"card_choices":[{"not_picked":["Anger","Infernal Blade"],"picked":"Iron Wave","floor":1.0},{"not_picked":["Second Wind","Bloodletting"],"picked":"Flame Barrier","floor":2.0},{"not_picked":["Thunderclap","Perfected Strike"],"picked":"Corruption","floor":3.0},{"not_picked":["Headbutt","Rupture"],"picked":"Disarm","floor":4.0},{"not_picked":["Warcry","Combust"],"picked":"Burning Pact","floor":5.0},{"not_picked":["Dropkick","Clothesline"],"picked":"Seeing Red","floor":11.0},{"not_picked":["Bloodletting","Pommel Strike"],"picked":"Feel No Pain","floor":13.0},{"not_picked":["Pommel Strike","True Grit","Anger"],"picked":"SKIP","floor":14.0},{"not_picked":["Berserk","Barricade"],"picked":"Offering","floor":16.0},{"not_picked":["Clash","Thunderclap"],"picked":"Shrug It Off","floor":18},{"not_picked":["Thunderclap","Anger","Perfected Strike+1"],"picked":"SKIP","floor":21},{"not_picked":["Flex","Armaments"],"picked":"Bloodletting+1","floor":23},{"not_picked":["Combust","Sword Boomerang"],"picked":"Fire Breathing+1","floor":25},{"not_picked":["Twin Strike","Second Wind"],"picked":"Corruption+1","floor":28},{"not_picked":["Rage","Searing Blow"],"picked":"Rupture+1","floor":31}],"player_experience":0,"relics_obtained":[{"floor":9.0,"key":"Bag of Preparation"},{"floor":11.0,"key":"Ancient Tea Set"},{"floor":13.0,"key":"Vajra"},{"floor":23,"key":"Torii"},{"floor":26,"key":"Dodecahedron"},{"floor":28,"key":"Pear"}],"event_choices":[{"cards_removed":["Strike_R"],"damage_healed":0.0,"max_hp_gain":0.0,"max_hp_loss":0.0,"gold_gain":0.0,"event_name":"Golden Wing","player_choice":"Card Removal","floor":7.0,"gold_loss":0.0,"damage_taken":7.0},{"damage_healed":0.0,"max_hp_gain":0.0,"max_hp_loss":6.0,"gold_gain":0.0,"event_name":"Golden Idol","player_choice":"Lose Max HP","floor":12.0,"gold_loss":0.0,"damage_taken":0.0,"relics_obtained":["Golden Idol"]},{"damage_healed":0,"gold_gain":0,"player_choice":"Became a vampire","damage_taken":0,"max_hp_gain":0,"max_hp_loss":23,"event_name":"Vampires","floor":19,"gold_loss":0,"cards_obtained":["Bite","Bite","Bite","Bite","Bite"]},{"damage_healed":0,"gold_gain":0,"player_choice":"Obtained Relic","damage_taken":0,"relics_obtained":["Gambling Chip"],"max_hp_gain":0,"max_hp_loss":0,"event_name":"Addict","floor":20,"gold_loss":85},{"damage_healed":0,"gold_gain":0,"player_choice":"Opened","damage_taken":0,"relics_obtained":["Red Skull"],"max_hp_gain":0,"max_hp_loss":0,"event_name":"The Mausoleum","floor":24,"gold_loss":0,"cards_obtained":["Writhe"]}],"is_beta":false,"boss_relics":[{"not_picked":["White Beast Statue","Orrery"],"picked":"Mark of Pain"}],"items_purged_floors":[22,29],"is_endless":false,"potions_floor_spawned":[3,4,14,16,21,31],"killed_by":"Champ","ascension_level":0}