{"path_per_floor":["M","?","M","$","M","E","R","M","T","R","E","M","?","$","R","B",null,"M","M","$","M","T","R"],"character_chosen":"IRONCLAD","items_purchased":["Fire Breathing"],"gold_per_floor":[117,117,135,60,76,101,101,120,201,201,229,240,190,67,67,171,171,171,96,46,46,46,46],"floor_reached":24,"campfire_rested":1,"playtime":2620,"current_hp_per_floor":[80,80,80,80,80,64,64,70,70,70,66,65,65,65,65,50,80,57,34,34,9,9,33],"items_purged":["Strike_R","Strike_R","Strike_R"],"gold":46,"play_id":"44cdc806-e777-4e7d-80b5-220251004304","is_prod":false,"is_daily":false,"is_ascension_mode":true,"campfire_upgraded":3,"path_taken":["M","?","M","$","M","E","R","M","T","R","E","M","?","$","R","BOSS","M","?","$","?","?","R","E"],"build_version":"2018-02-01-PROD3","purchased_purges":3,"victory":false,"master_deck":["Strike_R","Defend_R","Defend_R","Defend_R","Defend_R","Bash","Pommel Strike+1","Iron Wave","Metallicize+1","Spot Weakness","Barricade+1","Iron Wave","Headbutt","Fire Breathing","Juggernaut","Infernal Blade","Pommel Strike","Shrug It Off","Uppercut"],"max_hp_per_floor":[80,80,80,80,80,80,80,80,80,80,80,80,80,80,80,80,80,80,80,80,80,80,80],"relics":["Burning Blood","Smiling Mask","Gremlin Horn","Dream Catcher","Ectoplasm","Old Coin"],"card_choices":[{"not_picked":["Heavy Blade","Cleave"],"picked":"Pommel Strike"},{"not_picked":["Rage","Combust"],"picked":"Iron Wave"},{"not_picked":["Warcry","Armaments"],"picked":"Metallicize"},{"not_picked":["Heavy Blade","Blood for Blood"],"picked":"Spot Weakness"},{"not_picked":["Sword Boomerang","Fire Breathing"],"picked":"Barricade"},{"not_picked":["Perfected Strike","Second Wind"],"picked":"Iron Wave"},{"not_picked":["Body Slam","Wild Strike"],"picked":"Headbutt"},{"not_picked":["Berserk","Exhume"],"picked":"Juggernaut"},{"not_picked":["Perfected Strike","Cleave"],"picked":"Infernal Blade"},{"not_picked":["Infernal Blade","Twin Strike"],"picked":"Pommel Strike"},{"not_picked":["Clothesline","Pommel Strike"],"picked":"Shrug It Off"},{"not_picked":["Iron Wave","Warcry"],"picked":"Uppercut"}],"player_experience":80116,"potions_floor_usage":[16,16,16,21],"damage_taken":[{"damage":1,"enemies":"Cultist","floor":1,"turns":4},{"damage":0,"enemies":"Jaw Worm","floor":3,"turns":3},{"damage":6,"enemies":"Blue Slaver","floor":5,"turns":4},{"damage":22,"enemies":"Gremlin Nob","floor":6,"turns":4},{"damage":0,"enemies":"Exordium Wildlife","floor":8,"turns":4},{"damage":10,"enemies":"3 Sentries","floor":11,"turns":9},{"damage":7,"enemies":"Looter","floor":12,"turns":3},{"damage":21,"enemies":"Slime Boss","floor":16,"turns":8},{"damage":29,"enemies":"3 Byrds","floor":18,"turns":6},{"damage":29,"enemies":"2 Thieves","floor":19,"turns":4},{"damage":31,"enemies":"3 Cultists","floor":21,"turns":6},{"damage":34,"enemies":"Book of Stabbing","floor":24,"turns":5}],"event_choices":[{"event_name":"Living Wall","player_choice":"Change","floor":2,"damage_taken":0},{"event_name":"The Cleric","player_choice":"Card Removal","floor":13,"damage_taken":0}],"boss_relics":[{"not_picked":["Philosopher\u0027s Stone","Tiny House"],"picked":"Ectoplasm"}],"potions_floor_spawned":[3,5,8,11,19],"seed_played":"-5465244055274109161","killed_by":"Book of Stabbing","ascension_level":2,"is_trial":false}