{"gold_per_floor":[116,291,291,307,307,307,336,41,41,41,52,52,52,64,64,164,164,179,179,194,109,34,34,49,78,378,378,378,37,37,37,37,141,141,155,155,155,165,165,195,195,209,209,84,84,84,84,84,84,84,84,84,84,114,114],"floor_reached":55,"playtime":2812,"items_purged":["Doubt","Aggregate","Decay"],"score":771,"play_id":"829899cb-a9bb-4e86-b0e1-4c8991ad8bb0","local_time":"20190519164813","is_ascension_mode":true,"campfire_choices":[{"floor":6.0,"key":"RECALL"},{"floor":10.0,"key":"REST"},{"floor":13.0,"key":"REST"},{"data":"Ball Lightning","floor":15.0,"key":"SMITH"},{"floor":23.0,"key":"REST"},{"floor":27.0,"key":"REST"},{"floor":28.0,"key":"REST"},{"data":"Creative AI","floor":30.0,"key":"SMITH"},{"data":"Echo Form","floor":32.0,"key":"SMITH"},{"floor":41,"key":"REST"},{"floor":45,"key":"REST"},{"data":"Apotheosis","floor":49,"key":"SMITH"},{"data":"Core Surge","floor":52,"key":"SMITH"}],"neow_cost":"NONE","seed_source_timestamp":0,"circlet_count":0,"master_deck":["Zap","Dualcast","Ball Lightning+1","Core Surge+1","Amplify","Static Discharge","Hologram","Hologram","Capacitor","Double Energy","Auto Shields","Auto Shields+1","Cold Snap","Echo Form+1","Creative AI+1","Panacea","Electrodynamics","Gash+1","Madness","Madness","Conserve Battery","Apotheosis+1"],"special_seed":0,"relics":["Velvet Choker","WarpedTongs","Anchor","Incense Burner","Pear","Mango","Pandora\u0027s Box","Pantograph","WingedGreaves","Old Coin","MutagenicStrength","Lizard Tail","Molten Egg 2","Bird Faced Urn"],"potions_floor_usage":[50],"damage_taken":[{"damage":0.0,"enemies":"2 Louse","floor":1.0,"turns":2.0},{"damage":3.0,"enemies":"Small Slimes","floor":4.0,"turns":3.0},{"damage":57.0,"enemies":"Gremlin Nob","floor":7.0,"turns":7.0},{"damage":8.0,"enemies":"Cultist","floor":11.0,"turns":4.0},{"damage":0.0,"enemies":"2 Fungi Beasts","floor":14.0,"turns":3.0},{"damage":42.0,"enemies":"The Guardian","floor":16.0,"turns":10.0},{"damage":40.0,"enemies":"3 Byrds","floor":18.0,"turns":4.0},{"damage":10.0,"enemies":"Chosen","floor":20.0,"turns":5.0},{"damage":30.0,"enemies":"3 Cultists","floor":24.0,"turns":5.0},{"damage":38.0,"enemies":"Book of Stabbing","floor":25.0,"turns":5.0},{"damage":49.0,"enemies":"Collector","floor":33.0,"turns":9.0},{"damage":1.0,"enemies":"3 Shapes","floor":35.0,"turns":4.0},{"damage":12.0,"enemies":"Orb Walker","floor":38.0,"turns":4.0},{"damage":40,"enemies":"Reptomancer","floor":40,"turns":5},{"damage":12,"enemies":"Sphere and 2 Shapes","floor":42,"turns":3},{"damage":51,"enemies":"Time Eater","floor":50,"turns":11},{"damage":120,"enemies":"Shield and Spear","floor":54,"turns":7},{"damage":71,"enemies":"The Heart","floor":55,"turns":6}],"seed_played":"-5953863854795041070","potions_obtained":[{"floor":4.0,"key":"EssenceOfSteel"},{"floor":16.0,"key":"Explosive Potion"},{"floor":20.0,"key":"SpeedPotion"},{"floor":25.0,"key":"SpeedPotion"},{"floor":38.0,"key":"FocusPotion"}],"is_trial":false,"path_per_floor":["M","?","?","M","?","R","E","$","T","R","M","?","R","M","R","B",null,"M","?","M","?","$","R","M","E","T","R","R","$","R","?","R","B",null,"M","?","?","M","?","E","R","M","T","$","R","?","$","?","R","B",null,"R","$","E","B"],"character_chosen":"DEFECT","items_purchased":["Incense Burner","Creative AI","Panacea"],"campfire_rested":7,"item_purchase_floors":[8,29,29],"current_hp_per_floor":[75,75,75,72,65,65,8,8,18,43,35,46,75,75,75,33,99,59,59,49,49,49,78,48,10,10,39,68,68,68,68,68,44,99,98,98,86,74,74,34,63,51,51,51,80,80,80,80,80,48,99,99,99,36,0],"gold":114,"neow_bonus":"BOSS_RELIC","is_prod":false,"is_daily":false,"chose_seed":false,"campfire_upgraded":5,"win_rate":0,"timestamp":1558248493,"path_taken":["M","?","?","?","?","R","E","$","T","R","M","?","R","M","R","BOSS","M","?","M","?","$","R","M","E","T","R","R","?","R","?","R","BOSS","M","?","?","M","?","E","R","?","T","$","R","?","?","?","R","BOSS","R","$","E","BOSS"],"build_version":"2019-01-23","purchased_purges":3,"victory":false,"max_hp_per_floor":[75,75,75,75,75,75,75,75,85,85,85,99,99,99,99,99,99,99,99,99,99,99,99,99,99,99,99,99,99,99,99,99,99,99,99,99,99,99,99,99,99,99,99,99,99,99,99,99,99,99,99,99,99,99,99],"card_choices":[{"not_picked":["Streamline","Stack","Fusion"],"picked":"SKIP","floor":1.0},{"not_picked":["Compile Driver","Rebound","Leap"],"picked":"SKIP","floor":4.0},{"not_picked":["Multi-Cast","Hologram","Steam Power"],"picked":"SKIP","floor":7.0},{"not_picked":["Chill","Streamline"],"picked":"Ball Lightning","floor":11.0},{"not_picked":["Self Repair","Undo","Barrage"],"picked":"SKIP","floor":14.0},{"not_picked":["Seek","Reboot"],"picked":"Core Surge","floor":16.0},{"not_picked":["Hologram+1","Redo+1"],"picked":"Auto Shields","floor":18.0},{"not_picked":["Hello World","Beam Cell"],"picked":"Auto Shields+1","floor":20.0},{"not_picked":["Rebound","Hologram"],"picked":"Cold Snap","floor":24.0},{"not_picked":["Redo","Turbo"],"picked":"Echo Form","floor":25.0},{"not_picked":["Biased Cognition","Creative AI"],"picked":"Electrodynamics","floor":33.0},{"not_picked":["Go for the Eyes+1","Barrage+1"],"picked":"Gash+1","floor":35.0},{"not_picked":["Rebound","Turbo","Stack"],"picked":"SKIP","floor":38.0},{"not_picked":["Chill","Steam Power","Skim"],"picked":"SKIP","floor":40},{"not_picked":["Hello World+1","Leap+1"],"picked":"Conserve Battery","floor":42},{"not_picked":["Bandage Up","Enlightenment"],"picked":"Apotheosis","floor":46},{"not_picked":["Blizzard+1","Coolheaded","Reprogram+1"],"picked":"SKIP","floor":54}],"player_experience":380748,"relics_obtained":[{"floor":7.0,"key":"Anchor"},{"floor":9.0,"key":"Pear"},{"floor":25.0,"key":"WingedGreaves"},{"floor":26.0,"key":"Old Coin"},{"floor":40,"key":"Molten Egg 2"},{"floor":54,"key":"Bird Faced Urn"}],"event_choices":[{"damage_healed":0.0,"max_hp_gain":0.0,"max_hp_loss":0.0,"gold_gain":175.0,"event_name":"Liars Game","player_choice":"AGREE","floor":2.0,"gold_loss":0.0,"damage_taken":0.0,"cards_obtained":["Doubt"]},{"damage_healed":0.0,"max_hp_gain":0.0,"max_hp_loss":0.0,"gold_gain":0.0,"event_name":"Accursed Blacksmith","player_choice":"Rummage","floor":3.0,"gold_loss":0.0,"damage_taken":0.0,"relics_obtained":["WarpedTongs"],"cards_obtained":["Pain"]},{"cards_removed":["Pain"],"damage_healed":0.0,"max_hp_gain":0.0,"max_hp_loss":0.0,"gold_gain":0.0,"event_name":"Golden Wing","player_choice":"Card Removal","floor":5.0,"gold_loss":0.0,"damage_taken":7.0},{"damage_healed":0.0,"max_hp_gain":0.0,"max_hp_loss":0.0,"gold_gain":0.0,"event_name":"Scrap Ooze","player_choice":"Success","floor":12.0,"gold_loss":0.0,"damage_taken":3.0,"relics_obtained":["Mango"]},{"damage_healed":0.0,"max_hp_gain":0.0,"max_hp_loss":0.0,"gold_gain":0.0,"event_name":"Ghosts","player_choice":"Ignored","floor":19.0,"gold_loss":0.0,"damage_taken":0.0},{"damage_healed":0.0,"max_hp_gain":0.0,"max_hp_loss":0.0,"gold_gain":0.0,"event_name":"Addict","player_choice":"Obtained Relic","floor":21.0,"gold_loss":85.0,"damage_taken":0.0,"relics_obtained":["Pantograph"]},{"damage_healed":0.0,"max_hp_gain":0.0,"max_hp_loss":0.0,"gold_gain":0.0,"event_name":"Drug Dealer","player_choice":"Inject Mutagens","floor":31.0,"gold_loss":0.0,"damage_taken":0.0,"relics_obtained":["MutagenicStrength"]},{"damage_healed":0.0,"max_hp_gain":0.0,"max_hp_loss":0.0,"gold_gain":0.0,"event_name":"Tomb of Lord Red Mask","player_choice":"Ignored","floor":36.0,"gold_loss":0.0,"damage_taken":0.0},{"damage_healed":0.0,"max_hp_gain":0.0,"max_hp_loss":0.0,"gold_gain":0.0,"event_name":"Winding Halls","player_choice":"Embrace Madness","floor":37.0,"gold_loss":0.0,"damage_taken":12.0,"cards_obtained":["Madness","Madness"]},{"damage_healed":0.0,"max_hp_gain":0.0,"max_hp_loss":0.0,"gold_gain":0.0,"event_name":"Wheel of Change","player_choice":"Cursed","floor":39.0,"gold_loss":0.0,"damage_taken":0.0,"cards_obtained":["Decay"]},{"damage_healed":0,"gold_gain":0,"player_choice":"Memory 1","damage_taken":0,"max_hp_gain":0,"max_hp_loss":0,"event_name":"SensoryStone","floor":46,"gold_loss":0},{"cards_removed":["Blizzard"],"damage_healed":0,"gold_gain":0,"player_choice":"Purged","damage_taken":0,"max_hp_gain":0,"max_hp_loss":0,"event_name":"Purifier","floor":48,"gold_loss":0}],"is_beta":false,"boss_relics":[{"not_picked":["Empty Cage","Fusion Hammer"],"picked":"Pandora\u0027s Box"},{"not_picked":["Philosopher\u0027s Stone","Cursed Key"],"picked":"Lizard Tail"}],"items_purged_floors":[22,29,44],"is_endless":false,"potions_floor_spawned":[4,16,20,25,38],"killed_by":"The Heart","ascension_level":2}