{"gold_per_floor":[210,210,222,280,293,321,321,346,369,399,26,86,86,102,102,204,204,221,221,76,86,101,101,101],"floor_reached":24,"playtime":1244,"items_purged":["Decay"],"score":245,"play_id":"e1f70711-5756-40ea-a1c6-46f7785b7fa5","local_time":"20190317094336","is_ascension_mode":true,"campfire_choices":[{"floor":7,"key":"REST"},{"floor":13,"key":"REST"},{"floor":15,"key":"REST"},{"floor":23,"key":"REST"}],"neow_cost":"NONE","seed_source_timestamp":143116114431623,"circlet_count":0,"master_deck":["Strike_B","Strike_B","Strike_B","Strike_B","Defend_B","Defend_B","Defend_B","Defend_B","Zap","Dualcast","Melter","Self Repair","Buffer","Sweeping Beam","Defragment"],"relics":["Cracked Core","Lantern","Bronze Scales","Anchor","Blue Candle","Emotion Chip","Orichalcum","White Beast Statue"],"potions_floor_usage":[10,21,24],"damage_taken":[{"damage":7,"enemies":"Jaw Worm","floor":1,"turns":3},{"damage":8,"enemies":"2 Louse","floor":3,"turns":2},{"damage":7,"enemies":"Small Slimes","floor":5,"turns":3},{"damage":30,"enemies":"Lagavulin","floor":6,"turns":6},{"damage":18,"enemies":"Gremlin Nob","floor":10,"turns":3},{"damage":19,"enemies":"3 Sentries","floor":12,"turns":6},{"damage":0,"enemies":"3 Louse","floor":14,"turns":2},{"damage":50,"enemies":"Slime Boss","floor":16,"turns":9},{"damage":30,"enemies":"2 Thieves","floor":18,"turns":5},{"damage":9,"enemies":"Chosen","floor":21,"turns":4},{"damage":20,"enemies":"Centurion and Healer","floor":22,"turns":7},{"damage":84,"enemies":"Gremlin Leader","floor":24,"turns":6}],"seed_played":"-1188405427695070321","potions_obtained":[{"floor":5,"key":"Strength Potion"},{"floor":6,"key":"SteroidPotion"},{"floor":10,"key":"SmokeBomb"},{"floor":16,"key":"Regen Potion"},{"floor":21,"key":"Weak Potion"},{"floor":22,"key":"Dexterity Potion"}],"is_trial":false,"path_per_floor":["M","?","M","?","M","E","R","T","T","E","$","?","R","M","R","B",null,"M","?","$","M","M","R","E"],"character_chosen":"DEFECT","items_purchased":["Self Repair","Emotion Chip","Defragment"],"campfire_rested":4,"item_purchase_floors":[11,11,20],"current_hp_per_floor":[68,68,60,60,53,23,45,45,45,27,27,15,37,44,66,23,75,52,52,52,62,49,71,0],"gold":101,"neow_bonus":"HUNDRED_GOLD","is_prod":false,"is_daily":false,"chose_seed":false,"campfire_upgraded":0,"win_rate":0,"timestamp":1552776216,"path_taken":["M","?","M","?","M","E","R","?","T","E","$","?","R","M","R","BOSS","M","?","$","M","M","R","E"],"build_version":"2019-01-23","purchased_purges":1,"victory":false,"max_hp_per_floor":[75,75,75,75,75,75,75,75,75,75,75,75,75,75,75,75,75,75,75,75,75,75,75,75],"card_choices":[{"not_picked":["Sweeping Beam","Fusion"],"picked":"Melter","floor":1},{"not_picked":["Rebound","Lockon","Turbo"],"picked":"SKIP","floor":3},{"not_picked":["Tempest","Hologram","Storm"],"picked":"SKIP","floor":5},{"not_picked":["Undo","Turbo","Cold Snap"],"picked":"SKIP","floor":6},{"not_picked":["Undo","Consume","Streamline"],"picked":"SKIP","floor":10},{"not_picked":["Lockon","Steam Power","Thunder Strike"],"picked":"SKIP","floor":14},{"not_picked":["Fission","Core Surge"],"picked":"Buffer","floor":16},{"not_picked":["Cold Snap","Force Field"],"picked":"Sweeping Beam","floor":18},{"not_picked":["Sweeping Beam","Cold Snap","Steam"],"picked":"SKIP","floor":21},{"not_picked":["Chill","Leap+1","Go for the Eyes"],"picked":"SKIP","floor":22}],"player_experience":225009,"relics_obtained":[{"floor":6,"key":"Lantern"},{"floor":8,"key":"Bronze Scales"},{"floor":9,"key":"Anchor"},{"floor":10,"key":"Blue Candle"}],"event_choices":[{"damage_healed":0,"gold_gain":0,"player_choice":"Ignored","damage_taken":0,"max_hp_gain":0,"max_hp_loss":0,"event_name":"Liars Game","floor":2,"gold_loss":0},{"damage_healed":0,"gold_gain":58,"player_choice":"Gained Gold","damage_taken":0,"max_hp_gain":0,"max_hp_loss":0,"event_name":"Golden Wing","floor":4,"gold_loss":0},{"damage_healed":0,"gold_gain":0,"player_choice":"Searched \u00272\u0027 times","damage_taken":0,"relics_obtained":["Orichalcum"],"max_hp_gain":0,"max_hp_loss":0,"event_name":"Dead Adventurer","floor":12,"gold_loss":0},{"damage_healed":0,"gold_gain":0,"player_choice":"Smashed Altar","damage_taken":0,"max_hp_gain":0,"max_hp_loss":0,"event_name":"Forgotten Altar","floor":19,"gold_loss":0,"cards_obtained":["Decay"]}],"is_beta":false,"boss_relics":[{"not_picked":["Empty Cage","Coffee Dripper"],"picked":"White Beast Statue"}],"items_purged_floors":[20],"is_endless":false,"potions_floor_spawned":[5,6,10,16,18,21,22],"killed_by":"Gremlin Leader","ascension_level":4}