{"gold_per_floor":[115,115,115,139,214,257,257,40,40,90,90,154,169,194,194,322,322,342,14,39,39],"floor_reached":21,"playtime":1173,"items_purged":["Injury"],"score":196,"play_id":"d3e8bc96-5b21-4899-88c3-15cbfe337934","local_time":"20190331190055","is_ascension_mode":true,"campfire_choices":[{"floor":7,"key":"REST"},{"floor":11,"key":"REST"},{"floor":15,"key":"REST"}],"neow_cost":"NONE","seed_source_timestamp":864068639969935,"circlet_count":0,"master_deck":["Strike_B","Strike_B","Strike_B","Strike_B","Defend_B","Defend_B","Defend_B","Defend_B","Zap","Dualcast","Ball Lightning","Ball Lightning","Loop","Sweeping Beam","Electrodynamics"],"relics":["Fusion Hammer","Golden Idol","Gremlin Horn","Sling","Juzu Bracelet","Bag of Marbles","Tiny Chest","Orrery","Toxic Egg 2"],"potions_floor_usage":[],"damage_taken":[{"damage":0,"enemies":"Small Slimes","floor":1,"turns":2},{"damage":0,"enemies":"2 Louse","floor":4,"turns":2},{"damage":52,"enemies":"Gremlin Nob","floor":6,"turns":6},{"damage":21,"enemies":"Lagavulin","floor":12,"turns":4},{"damage":0,"enemies":"Cultist","floor":13,"turns":2},{"damage":2,"enemies":"Blue Slaver","floor":14,"turns":3},{"damage":52,"enemies":"Hexaghost","floor":16,"turns":9},{"damage":19,"enemies":"Spheric Guardian","floor":18,"turns":4},{"damage":32,"enemies":"Shell Parasite","floor":20,"turns":4},{"damage":30,"enemies":"Snake Plant","floor":21,"turns":3}],"seed_played":"-8128927320970833754","potions_obtained":[{"floor":1,"key":"GamblersBrew"},{"floor":4,"key":"Poison Potion"}],"is_trial":false,"path_per_floor":["M","?","?","M","?","E","R","$","T","T","R","E","M","M","R","B",null,"M","$","M","M"],"character_chosen":"DEFECT","items_purchased":["Sling","Ball Lightning","Toxic Egg 2"],"campfire_rested":3,"item_purchase_floors":[8,8,19],"current_hp_per_floor":[75,75,75,75,64,12,34,34,34,34,56,35,35,33,55,3,75,56,56,24,0],"gold":39,"neow_bonus":"BOSS_RELIC","is_prod":false,"is_daily":false,"chose_seed":false,"campfire_upgraded":0,"win_rate":0,"timestamp":1554019255,"path_taken":["M","?","?","M","?","E","R","$","T","?","R","E","M","M","R","BOSS","M","$","M","M"],"build_version":"2019-01-23","purchased_purges":1,"victory":false,"max_hp_per_floor":[75,75,75,75,75,75,75,75,75,75,75,75,75,75,75,75,75,75,75,75,75],"card_choices":[{"not_picked":["Blizzard","Stack","Hologram"],"picked":"SKIP","floor":1},{"not_picked":["Rebound","Consume","Hologram"],"picked":"SKIP","floor":4},{"not_picked":["Compile Driver","Conserve Battery"],"picked":"Ball Lightning","floor":6},{"not_picked":["Chill","Scrape","Hologram"],"picked":"SKIP","floor":12},{"not_picked":["Chill","Lockon","Cold Snap"],"picked":"SKIP","floor":13},{"not_picked":["Cold Snap","Gash"],"picked":"Loop","floor":14},{"not_picked":["Go for the Eyes","Genetic Algorithm"],"picked":"Sweeping Beam","floor":17},{"not_picked":["Genetic Algorithm","Sweeping Beam"],"picked":"Electrodynamics","floor":17},{"not_picked":["Redo+1","Beam Cell","Coolheaded"],"picked":"SKIP","floor":18},{"not_picked":["Go for the Eyes+1","Stack+1","Steam+1"],"picked":"SKIP","floor":20}],"player_experience":297134,"relics_obtained":[{"floor":6,"key":"Gremlin Horn"},{"floor":9,"key":"Juzu Bracelet"},{"floor":10,"key":"Bag of Marbles"},{"floor":12,"key":"Tiny Chest"}],"event_choices":[{"damage_healed":0,"gold_gain":0,"player_choice":"Ignored","damage_taken":0,"max_hp_gain":0,"max_hp_loss":0,"event_name":"Liars Game","floor":2,"gold_loss":0},{"damage_healed":0,"gold_gain":0,"player_choice":"Take Wound","damage_taken":0,"relics_obtained":["Golden Idol"],"max_hp_gain":0,"max_hp_loss":0,"event_name":"Golden Idol","floor":3,"gold_loss":0,"cards_obtained":["Injury"]},{"damage_healed":0,"gold_gain":75,"player_choice":"Gather Gold","damage_taken":11,"max_hp_gain":0,"max_hp_loss":0,"event_name":"World of Goop","floor":5,"gold_loss":0}],"is_beta":false,"boss_relics":[{"not_picked":["Eternal Feather","Snecko Eye"],"picked":"Orrery"}],"items_purged_floors":[19],"is_endless":false,"potions_floor_spawned":[1,4],"killed_by":"Snake Plant","ascension_level":1}