{"gold_per_floor":[113,130,147,97,117,145,145,157,235,264,264,264,264,283,283,387,387,397,412,422,435,449,479,490,490,490,502,502,517,517],"floor_reached":30,"playtime":2889,"items_purged":[],"score":293,"play_id":"d8e09418-5050-493e-ac62-e11e898e490a","local_time":"20190623223003","is_ascension_mode":false,"campfire_choices":[{"data":"Defragment","floor":7,"key":"SMITH"},{"floor":11,"key":"REST"},{"floor":15,"key":"REST"},{"data":"Defragment","floor":25,"key":"SMITH"}],"neow_cost":"NONE","seed_source_timestamp":215141139032300,"circlet_count":0,"master_deck":["Strike_B","Defend_B","Defend_B","Defend_B","Defend_B+1","Zap","Dualcast","Reboot","Streamline+1","Defragment+1","Rebound","Gash","Defragment+1","Ball Lightning","Gash","Thunder Strike","Gash","Seek","Steam","FTL","Beam Cell","Ball Lightning+1","Force Field","Streamline+1","Decay","Gash"],"relics":["FrozenCore","Gremlin Horn","Letter Opener","Girya","Potion Belt","Shuriken"],"potions_floor_usage":[8,10,21,23,23,27,29],"damage_taken":[{"damage":8,"enemies":"Small Slimes","floor":1,"turns":3},{"damage":0,"enemies":"2 Louse","floor":2,"turns":1},{"damage":1,"enemies":"Cultist","floor":3,"turns":3},{"damage":12,"enemies":"Blue Slaver","floor":5,"turns":3},{"damage":31,"enemies":"Gremlin Nob","floor":6,"turns":4},{"damage":1,"enemies":"Exordium Wildlife","floor":8,"turns":2},{"damage":21,"enemies":"Lagavulin","floor":10,"turns":5},{"damage":1,"enemies":"2 Fungi Beasts","floor":14,"turns":3},{"damage":24,"enemies":"Hexaghost","floor":16,"turns":6},{"damage":8,"enemies":"Chosen","floor":18,"turns":5},{"damage":8,"enemies":"3 Byrds","floor":19,"turns":4},{"damage":11,"enemies":"Shelled Parasite and Fungi","floor":20,"turns":6},{"damage":19,"enemies":"Snake Plant","floor":21,"turns":5},{"damage":0,"enemies":"3 Cultists","floor":22,"turns":5},{"damage":20,"enemies":"Gremlin Leader","floor":23,"turns":5},{"damage":7,"enemies":"Snecko","floor":24,"turns":5},{"damage":0,"enemies":"Sentry and Sphere","floor":27,"turns":6},{"damage":0,"enemies":"Shelled Parasite and Fungi","floor":29,"turns":4},{"damage":13,"enemies":"Book of Stabbing","floor":30,"turns":2}],"seed_played":"-4278986516154469401","potions_obtained":[{"floor":2,"key":"GamblersBrew"},{"floor":3,"key":"Regen Potion"},{"floor":5,"key":"GamblersBrew"},{"floor":8,"key":"Explosive Potion"},{"floor":19,"key":"Block Potion"},{"floor":20,"key":"AttackPotion"},{"floor":21,"key":"FairyPotion"},{"floor":22,"key":"AttackPotion"},{"floor":24,"key":"SkillPotion"},{"floor":27,"key":"Weak Potion"}],"is_trial":false,"path_per_floor":["M","M","M","?","M","E","R","M","T","E","R","?","?","M","R","B",null,"M","M","M","M","M","E","M","R","T","M","?","M","E"],"character_chosen":"DEFECT","items_purchased":[],"campfire_rested":2,"item_purchase_floors":[],"current_hp_per_floor":[67,67,66,66,54,23,23,27,27,6,28,13,13,12,34,10,75,67,59,48,29,29,9,2,2,2,2,2,2,0],"gold":517,"neow_bonus":"TRANSFORM_CARD","is_prod":false,"is_daily":false,"chose_seed":false,"campfire_upgraded":2,"win_rate":0.0,"timestamp":1561343403,"path_taken":["M","M","M","?","M","E","R","M","T","E","R","?","?","M","R","BOSS","M","M","?","M","M","E","M","R","T","M","?","M","E"],"build_version":"2019-01-23","purchased_purges":0,"victory":false,"max_hp_per_floor":[75,75,75,75,75,75,75,75,75,75,75,75,75,75,75,75,75,75,75,75,75,75,75,75,75,75,75,75,75,75],"card_choices":[{"not_picked":["Compile Driver","Sweeping Beam"],"picked":"Streamline","floor":1},{"not_picked":["Hello World","Tempest"],"picked":"Defragment","floor":2},{"not_picked":["Beam Cell","Loop"],"picked":"Rebound","floor":3},{"not_picked":["Defragment","Loop"],"picked":"Gash","floor":5},{"not_picked":["Barrage","Rainbow"],"picked":"Defragment","floor":6},{"not_picked":["Cold Snap","Chaos"],"picked":"Ball Lightning","floor":8},{"not_picked":["Rebound","Hologram"],"picked":"Gash","floor":10},{"not_picked":["Genetic Algorithm","Loop"],"picked":"Gash","floor":14},{"not_picked":["Thunder Strike","Core Surge"],"picked":"Seek","floor":16},{"not_picked":["Rebound","Darkness","Cold Snap"],"picked":"SKIP","floor":18},{"not_picked":["Gash","Rebound"],"picked":"Steam","floor":19},{"not_picked":["Barrage","Gash"],"picked":"FTL","floor":20},{"not_picked":["Thunder Strike","Compile Driver+1"],"picked":"Beam Cell","floor":21},{"not_picked":["Ball Lightning","Darkness","Coolheaded"],"picked":"SKIP","floor":22},{"not_picked":["Rip and Tear+1","Streamline"],"picked":"Ball Lightning+1","floor":23},{"not_picked":["Conserve Battery","Ball Lightning"],"picked":"Force Field","floor":24},{"not_picked":["Storm","Beam Cell+1"],"picked":"Streamline+1","floor":27},{"not_picked":["Reprogram","Leap"],"picked":"Gash","floor":29}],"player_experience":101356,"relics_obtained":[{"floor":6,"key":"Gremlin Horn"},{"floor":9,"key":"Letter Opener"},{"floor":10,"key":"Girya"},{"floor":23,"key":"Potion Belt"},{"floor":26,"key":"Shuriken"}],"event_choices":[{"cards_removed":["Strike_B"],"damage_healed":0,"gold_gain":0,"player_choice":"Card Removal","damage_taken":0,"max_hp_gain":0,"max_hp_loss":0,"event_name":"The Cleric","floor":4,"gold_loss":50},{"damage_healed":0,"gold_gain":0,"player_choice":"Entered Light","damage_taken":15,"max_hp_gain":0,"max_hp_loss":0,"event_name":"Shining Light","floor":12,"gold_loss":0,"cards_upgraded":["Defend_B","Streamline"]},{"damage_healed":0,"gold_gain":0,"cards_transformed":["Strike_B"],"player_choice":"Transformed","damage_taken":0,"max_hp_gain":0,"max_hp_loss":0,"event_name":"Transmorgrifier","floor":13,"gold_loss":0,"cards_obtained":["Thunder Strike"]},{"damage_healed":0,"gold_gain":0,"player_choice":"Smashed Altar","damage_taken":0,"max_hp_gain":0,"max_hp_loss":0,"event_name":"Forgotten Altar","floor":28,"gold_loss":0,"cards_obtained":["Decay"]}],"is_beta":false,"boss_relics":[{"not_picked":["Runic Pyramid","Tiny House"],"picked":"FrozenCore"}],"items_purged_floors":[],"is_endless":false,"potions_floor_spawned":[2,3,5,8,19,20,21,22,24,27],"killed_by":"Book of Stabbing","ascension_level":0}