{"path_per_floor":["M","?","M","M","M","R","M","R","T","$","M","M","?","?","R","B",null,"M","$","?","M","$"],"character_chosen":"THE_SILENT","items_purchased":["Jack Of All Trades","Dagger Spray","Leg Sweep","Blade Dance"],"gold_per_floor":[214,214,229,246,262,262,281,281,360,61,78,93,93,93,93,189,189,179,79,79,92,52],"floor_reached":23,"campfire_rested":1,"playtime":2948,"current_hp_per_floor":[70,70,68,68,63,63,56,56,56,56,46,42,42,42,63,41,70,44,44,67,43,43],"items_purged":["Defend_G","Strike_G"],"gold":52,"play_id":"0d5b4d40-65e0-4f51-93ea-b32539022706","is_prod":false,"is_daily":false,"is_ascension_mode":false,"campfire_upgraded":2,"path_taken":["M","?","M","?","M","R","M","R","T","?","M","M","?","?","R","BOSS","M","$","?","M","$","E"],"build_version":"2018-02-01-PROD3","purchased_purges":2,"victory":false,"master_deck":["Defend_G","Defend_G","Defend_G","Defend_G","Strike_G","Strike_G","Strike_G","Survivor","Neutralize","Slice","Infinite Blades+1","Dodge and Roll","Deadly Poison+1","Blur","Jack Of All Trades","Dagger Spray","Leg Sweep","Quick Slash","Slice","Decay","Tools of the Trade","Dagger Throw","Predator","Blade Dance","Bouncing Flask","Quick Slash","Poisoned Stab","Blade Dance"],"max_hp_per_floor":[70,70,70,70,70,70,70,70,70,70,70,70,70,70,70,70,70,70,70,70,70,70],"relics":["Ring of the Snake","Meat on the Bone","Orrery"],"card_choices":[{"not_picked":["Flechettes","Choke"],"picked":"Slice"},{"not_picked":["Riddle With Holes","Blade Dance"],"picked":"Infinite Blades"},{"not_picked":["Flechettes","Acrobatics"],"picked":"Dodge and Roll"},{"not_picked":["Acrobatics","Sucker Punch"],"picked":"Deadly Poison"},{"not_picked":["Outmaneuver","Blade Dance"],"picked":"Blur"},{"not_picked":["Cloak And Dagger","Deflect"],"picked":"Quick Slash"},{"not_picked":["Burst","Predator"],"picked":"Slice"},{"not_picked":["Glass Knife","After Image"],"picked":"Tools of the Trade"},{"not_picked":["Underhanded Strike","Prepared"],"picked":"Dagger Throw"},{"not_picked":["Sucker Punch","Blade Dance"],"picked":"Predator"},{"not_picked":["Distraction","Flechettes"],"picked":"Blade Dance"},{"not_picked":["Quick Slash","Backflip"],"picked":"Bouncing Flask"},{"not_picked":["Flechettes","Predator"],"picked":"Quick Slash"},{"not_picked":["Skewer","Prepared"],"picked":"Poisoned Stab"}],"player_experience":88870,"potions_floor_usage":[16,16,16],"damage_taken":[{"damage":0,"enemies":"2 Louse","floor":1,"turns":2},{"damage":2,"enemies":"Blue Slaver","floor":3,"turns":6},{"damage":0,"enemies":"Jaw Worm","floor":4,"turns":4},{"damage":5,"enemies":"Lots of Slimes","floor":5,"turns":8},{"damage":7,"enemies":"3 Louse","floor":7,"turns":5},{"damage":10,"enemies":"Gremlin Gang","floor":11,"turns":7},{"damage":4,"enemies":"Looter","floor":12,"turns":3},{"damage":34,"enemies":"The Guardian","floor":16,"turns":8},{"damage":26,"enemies":"2 Thieves","floor":18,"turns":5},{"damage":24,"enemies":"Spheric Guardian","floor":21,"turns":5},{"damage":49,"enemies":"Slavers","floor":23,"turns":2}],"event_choices":[{"event_name":"Purifier","player_choice":"One Purge","floor":2,"damage_taken":0},{"event_name":"Match and Keep!","player_choice":"0 cards matched","floor":13,"damage_taken":0},{"event_name":"Wheel of Change","player_choice":"Curse","floor":14,"damage_taken":0},{"event_name":"The Library","player_choice":"Heal","floor":20,"damage_taken":0}],"boss_relics":[{"not_picked":["Calling Bell","Philosopher\u0027s Stone"],"picked":"Orrery"}],"potions_floor_spawned":[3,4,5,12,16,21],"seed_played":"2721269465717401776","killed_by":"Slavers","ascension_level":0,"is_trial":false}