{"gold_per_floor":[110,110,110,35,35,76,76,111,161,182,257,257,292,311,311,434,434,455,299,318,318,338,338],"floor_reached":23,"playtime":1823,"items_purged":["Injury"],"score":312,"play_id":"c9772913-e612-42aa-beff-d01e21892ab2","local_time":"20190520181556","is_ascension_mode":true,"campfire_choices":[{"data":"Machine Learning","floor":7,"key":"SMITH"},{"data":"Cold Snap","floor":12,"key":"SMITH"},{"floor":15,"key":"RECALL"}],"neow_cost":"NONE","seed_source_timestamp":166573154154410,"circlet_count":0,"master_deck":["Strike_B","Defend_B","Defend_B","Defend_B","Defend_B","Zap","Dualcast","Cold Snap+1","Machine Learning+1","Gash","Static Discharge","Echo Form","Glacier+1","Consume+1","BootSequence+1","Chaos+1"],"relics":["Cracked Core","NeowsBlessing","Golden Idol","SsserpentHead","Blood Vial","Oddly Smooth Stone","PreservedInsect","Du-Vu Doll","Astrolabe","Lantern"],"potions_floor_usage":[23,23],"damage_taken":[{"damage":0,"enemies":"Small Slimes","floor":1,"turns":1},{"damage":0,"enemies":"Lagavulin","floor":6,"turns":1},{"damage":0,"enemies":"3 Sentries","floor":8,"turns":1},{"damage":8,"enemies":"2 Louse","floor":10,"turns":2},{"damage":4,"enemies":"Cultist","floor":11,"turns":3},{"damage":0,"enemies":"Gremlin Nob","floor":13,"turns":3},{"damage":9,"enemies":"2 Fungi Beasts","floor":14,"turns":4},{"damage":37,"enemies":"Hexaghost","floor":16,"turns":9},{"damage":14,"enemies":"3 Byrds","floor":18,"turns":6},{"damage":8,"enemies":"Spheric Guardian","floor":20,"turns":4},{"damage":49,"enemies":"3 Cultists","floor":22,"turns":8},{"damage":16,"enemies":"Slavers","floor":23,"turns":1}],"seed_played":"8444387663870304931","potions_obtained":[{"floor":10,"key":"FocusPotion"},{"floor":13,"key":"Regen Potion"},{"floor":14,"key":"FocusPotion"}],"is_trial":false,"path_per_floor":["M","?","?","$","?","E","R","E","T","M","M","R","E","M","R","B",null,"M","$","M","$","M","E"],"character_chosen":"DEFECT","items_purchased":["Lantern"],"campfire_rested":0,"item_purchase_floors":[19],"current_hp_per_floor":[75,75,75,75,75,75,75,75,75,67,65,65,67,60,60,25,75,61,61,55,55,8,0],"gold":338,"neow_bonus":"THREE_ENEMY_KILL","is_prod":false,"is_daily":false,"chose_seed":false,"campfire_upgraded":2,"win_rate":0,"timestamp":1558340156,"path_taken":["M","?","?","$","?","E","R","E","T","M","?","R","E","M","R","BOSS","M","$","M","$","M","E"],"build_version":"2019-01-23","purchased_purges":1,"victory":false,"max_hp_per_floor":[75,75,75,75,75,75,75,75,75,75,75,75,75,75,75,75,75,75,75,75,75,75,75],"card_choices":[{"not_picked":["Leap","Capacitor"],"picked":"Cold Snap","floor":1},{"not_picked":["Turbo","Compile Driver"],"picked":"Machine Learning","floor":6},{"not_picked":["Hologram","Streamline","Leap"],"picked":"SKIP","floor":8},{"not_picked":["Compile Driver","Beam Cell"],"picked":"Gash","floor":10},{"not_picked":["Steam Power","Glacier","Cold Snap"],"picked":"SKIP","floor":11},{"not_picked":["Gash","Redo"],"picked":"Static Discharge","floor":13},{"not_picked":["Amplify","Reinforced Body","Beam Cell"],"picked":"SKIP","floor":14},{"not_picked":["Biased Cognition","Hyperbeam"],"picked":"Echo Form","floor":16},{"not_picked":["Defragment","Skim"],"picked":"Chaos+1","floor":18},{"not_picked":["Barrage","Gash","Redo+1"],"picked":"SKIP","floor":20},{"not_picked":["Rebound+1","Redo","Beam Cell"],"picked":"SKIP","floor":22}],"player_experience":383612,"relics_obtained":[{"floor":6,"key":"Blood Vial"},{"floor":8,"key":"Oddly Smooth Stone"},{"floor":9,"key":"PreservedInsect"},{"floor":13,"key":"Du-Vu Doll"}],"event_choices":[{"damage_healed":0,"gold_gain":0,"player_choice":"Ignored","damage_taken":0,"max_hp_gain":0,"max_hp_loss":0,"event_name":"Golden Wing","floor":2,"gold_loss":0},{"damage_healed":0,"gold_gain":0,"player_choice":"Take Wound","damage_taken":0,"relics_obtained":["Golden Idol"],"max_hp_gain":0,"max_hp_loss":0,"event_name":"Golden Idol","floor":3,"gold_loss":0,"cards_obtained":["Injury"]},{"damage_healed":0,"gold_gain":0,"player_choice":"Trade","damage_taken":0,"relics_obtained":["SsserpentHead"],"max_hp_gain":0,"max_hp_loss":0,"event_name":"FaceTrader","floor":5,"gold_loss":0}],"is_beta":false,"boss_relics":[{"not_picked":["FrozenCore","Runic Pyramid"],"picked":"Astrolabe"}],"items_purged_floors":[4],"is_endless":false,"potions_floor_spawned":[10,13,14,16,18,22],"killed_by":"Slavers","ascension_level":2}