{"path_per_floor":["M","M","M","M","?","E","R","E","T","$","R","?","E","M","R","B"],"character_chosen":"IRONCLAD","items_purchased":["Secret Technique","Regen Potion"],"gold_per_floor":[110,123,135,146,321,348,348,380,380,67,67,67,100,111,111,215],"floor_reached":17,"campfire_rested":2,"playtime":1221,"current_hp_per_floor":[72,71,72,66,66,34,34,8,8,8,29,29,10,8,29,18],"items_purged":["Doubt"],"gold":245,"score":201,"play_id":"b6001028-dff5-4a1a-b903-3d11b978fb39","local_time":"20180316135406","is_prod":false,"is_daily":false,"is_ascension_mode":true,"campfire_upgraded":1,"timestamp":1521222846,"path_taken":["M","M","?","M","?","E","R","E","T","$","R","?","E","M","R","BOSS"],"build_version":"2018-03-15","purchased_purges":1,"victory":false,"master_deck":["Strike_R","Strike_R","Strike_R","Strike_R","Defend_R","Defend_R","Defend_R","Defend_R","Bash","Pommel Strike","Armaments+1","Carnage+1","Body Slam","Flex","Secret Technique","Dual Wield","Headbutt","Juggernaut"],"max_hp_per_floor":[72,72,72,72,72,72,72,72,72,72,72,72,72,72,72,72],"relics":["Burning Blood","Du-Vu Doll","Charon\u0027s Ashes","Oddly Smooth Stone","Frozen Eye","Mercury Hourglass","Tiny House"],"card_choices":[{"not_picked":["Rage","Ghostly Armor"],"picked":"Pommel Strike"},{"not_picked":["Burning Pact","Heavy Blade"],"picked":"Armaments"},{"not_picked":["Combust","Fiend Fire"],"picked":"Carnage"},{"not_picked":["Sword Boomerang","Flex"],"picked":"Body Slam"},{"not_picked":["Body Slam","Anger"],"picked":"Flex"},{"not_picked":["Demon Form","Impervious"],"picked":"Dual Wield"},{"not_picked":["Sword Boomerang","Wild Strike"],"picked":"Headbutt"},{"not_picked":["Limit Break","Fiend Fire"],"picked":"Juggernaut"}],"player_experience":205027,"potions_floor_usage":[6,8,13,13,16],"damage_taken":[{"damage":6,"enemies":"Cultist","floor":1,"turns":5},{"damage":7,"enemies":"Small Slimes","floor":2,"turns":3},{"damage":3,"enemies":"2 Louse","floor":3,"turns":3},{"damage":12,"enemies":"Looter","floor":4,"turns":3},{"damage":38,"enemies":"3 Sentries","floor":6,"turns":12},{"damage":32,"enemies":"Gremlin Nob","floor":8,"turns":4},{"damage":40,"enemies":"Lagavulin","floor":13,"turns":8},{"damage":8,"enemies":"Red Slaver","floor":14,"turns":2},{"damage":17,"enemies":"Slime Boss","floor":16,"turns":9}],"event_choices":[{"event_name":"Liars Game","player_choice":"agreed","floor":5,"damage_taken":0},{"event_name":"Bonfire Elementals","player_choice":"BASIC","floor":12,"damage_taken":0}],"boss_relics":[{"not_picked":["Sozu","Runic Cube"],"picked":"Tiny House"}],"potions_floor_spawned":[1,4,6,8],"seed_played":"8604363040305457784","ascension_level":3,"is_trial":false}