{"gold_per_floor":[119,294,65,65,84,84,84,118,118,65,80,96,114,130,130,253,253,278,278,291,291,291],"floor_reached":22,"playtime":1053,"items_purged":["Doubt"],"score":276,"play_id":"ea93160b-e729-42bd-9e1f-9286ae3f424f","local_time":"20190618211516","is_ascension_mode":true,"campfire_choices":[{"data":"Spot Weakness","floor":6,"key":"SMITH"},{"floor":15,"key":"REST"}],"neow_cost":"NONE","seed_source_timestamp":445217645089081,"circlet_count":0,"master_deck":["Strike_R","Strike_R","Strike_R","Strike_R","Strike_R","Defend_R","Defend_R","Defend_R","Defend_R","Bash+1","Feed","Headbutt","Spot Weakness+1","Blood for Blood","Flame Barrier","Seeing Red","Pommel Strike","Thunderclap","Reaper","Fiend Fire","Iron Wave+1","Shrug It Off+1"],"relics":["Black Blood","Golden Idol","Ginger","MutagenicStrength"],"potions_floor_usage":[16],"damage_taken":[{"damage":1,"enemies":"Small Slimes","floor":1,"turns":5},{"damage":5,"enemies":"2 Louse","floor":5,"turns":3},{"damage":33,"enemies":"3 Sentries","floor":8,"turns":8},{"damage":0,"enemies":"Jaw Worm","floor":11,"turns":4},{"damage":23,"enemies":"Exordium Wildlife","floor":12,"turns":4},{"damage":8,"enemies":"Gremlin Gang","floor":13,"turns":3},{"damage":4,"enemies":"Blue Slaver","floor":14,"turns":3},{"damage":18,"enemies":"Slime Boss","floor":16,"turns":6},{"damage":46,"enemies":"3 Byrds","floor":18,"turns":5},{"damage":45,"enemies":"2 Thieves","floor":20,"turns":4},{"damage":55,"enemies":"Centurion and Healer","floor":22,"turns":6}],"seed_played":"-8052072875020737074","potions_obtained":[{"floor":5,"key":"Explosive Potion"},{"floor":8,"key":"PowerPotion"},{"floor":14,"key":"Explosive Potion"},{"floor":16,"key":"Ancient Potion"}],"is_trial":false,"path_per_floor":["M","?","$","?","M","R","?","E","T","$","M","M","M","M","R","B",null,"M","?","M","?","M"],"character_chosen":"IRONCLAD","items_purchased":["Spot Weakness","Blood for Blood","Pommel Strike"],"campfire_rested":1,"item_purchase_floors":[3,3,10],"current_hp_per_floor":[80,80,80,77,80,80,80,56,56,56,62,48,49,54,81,72,89,72,72,53,53,0],"gold":291,"neow_bonus":"ONE_RANDOM_RARE_CARD","is_prod":false,"is_daily":false,"chose_seed":false,"campfire_upgraded":1,"win_rate":0,"timestamp":1560856516,"path_taken":["M","?","$","?","M","R","?","E","T","?","M","M","?","M","R","BOSS","M","?","?","?","M"],"build_version":"2019-01-23","purchased_purges":1,"victory":false,"max_hp_per_floor":[83,83,83,77,80,80,80,83,83,83,83,86,89,92,92,95,95,98,98,98,98,98],"card_choices":[{"not_picked":["Rampage","Clash"],"picked":"Headbutt","floor":1},{"not_picked":["Dropkick","Dual Wield"],"picked":"Flame Barrier","floor":5},{"not_picked":["Sever Soul","Rupture"],"picked":"Seeing Red","floor":8},{"not_picked":["Hemokinesis","Corruption","Perfected Strike"],"picked":"SKIP","floor":11},{"not_picked":["Second Wind","Anger"],"picked":"Thunderclap","floor":12},{"not_picked":["Sever Soul","Body Slam","Fire Breathing"],"picked":"SKIP","floor":13},{"not_picked":["Pommel Strike","Thunderclap"],"picked":"Reaper","floor":14},{"not_picked":["Dark Embrace","Limit Break"],"picked":"Fiend Fire","floor":16},{"not_picked":["Power Through+1","Cleave+1"],"picked":"Iron Wave+1","floor":18},{"not_picked":["Rupture","Fire Breathing"],"picked":"Shrug It Off+1","floor":20}],"player_experience":458842,"relics_obtained":[{"floor":8,"key":"Ginger"}],"event_choices":[{"damage_healed":0,"gold_gain":175,"player_choice":"AGREE","damage_taken":0,"max_hp_gain":0,"max_hp_loss":0,"event_name":"Liars Game","floor":2,"gold_loss":0,"cards_obtained":["Doubt"]},{"damage_healed":0,"gold_gain":0,"player_choice":"Lose Max HP","damage_taken":0,"relics_obtained":["Golden Idol"],"max_hp_gain":0,"max_hp_loss":6,"event_name":"Golden Idol","floor":4,"gold_loss":0},{"damage_healed":0,"gold_gain":0,"player_choice":"Grow","damage_taken":0,"max_hp_gain":0,"max_hp_loss":0,"event_name":"Living Wall","floor":7,"gold_loss":0,"cards_upgraded":["Bash"]},{"damage_healed":0,"gold_gain":0,"player_choice":"Ignored","damage_taken":0,"max_hp_gain":0,"max_hp_loss":0,"event_name":"Purifier","floor":19,"gold_loss":0},{"damage_healed":0,"gold_gain":0,"player_choice":"Inject Mutagens","damage_taken":0,"relics_obtained":["MutagenicStrength"],"max_hp_gain":0,"max_hp_loss":0,"event_name":"Drug Dealer","floor":21,"gold_loss":0}],"is_beta":false,"boss_relics":[{"not_picked":["Empty Cage","Runic Cube"],"picked":"Black Blood"}],"items_purged_floors":[3],"is_endless":false,"potions_floor_spawned":[5,8,14,16],"killed_by":"Centurion and Healer","ascension_level":7}