{"gold_per_floor":[112,112,112,131,147,147,178,178,178,253,97,63,96,106,106,106],"floor_reached":16,"playtime":1058,"items_purged":["Regret"],"score":108,"play_id":"02848af7-fc14-4994-992e-a4666d8c68c8","local_time":"20190619210541","is_ascension_mode":false,"campfire_choices":[{"data":"Perfected Strike","floor":6,"key":"SMITH"},{"data":"Searing Blow","floor":15,"key":"SMITH"}],"neow_cost":"TEN_PERCENT_HP_LOSS","seed_source_timestamp":79708666040300,"circlet_count":0,"master_deck":["Strike_R","Strike_R","Strike_R","Strike_R","Strike_R","Defend_R","Defend_R","Defend_R","Defend_R","Bash","Panacea","Magnetism+1","Entrench+1","Inflame","Perfected Strike+1","Havoc","Rampage","Searing Blow+1","Spot Weakness"],"relics":["Burning Blood","Frozen Egg 2","Vajra","Bag of Marbles","Matryoshka"],"potions_floor_usage":[13,16],"damage_taken":[{"damage":7,"enemies":"Small Slimes","floor":1,"turns":5},{"damage":8,"enemies":"Jaw Worm","floor":4,"turns":4},{"damage":9,"enemies":"Cultist","floor":5,"turns":4},{"damage":22,"enemies":"Gremlin Nob","floor":7,"turns":4},{"damage":18,"enemies":"Lagavulin","floor":13,"turns":5},{"damage":10,"enemies":"Exordium Wildlife","floor":14,"turns":3},{"damage":26,"enemies":"Hexaghost","floor":16,"turns":8}],"seed_played":"-1021112838215496125","potions_obtained":[{"floor":5,"key":"SpeedPotion"},{"floor":13,"key":"Swift Potion"},{"floor":14,"key":"SteroidPotion"}],"is_trial":false,"path_per_floor":["M","?","?","M","M","R","E","?","T","?","$","$","E","M","R","B"],"character_chosen":"IRONCLAD","items_purchased":["Rampage","Searing Blow"],"campfire_rested":0,"item_purchase_floors":[11,12],"current_hp_per_floor":[71,71,71,69,66,66,50,50,50,39,39,39,27,23,23,0],"gold":106,"neow_bonus":"RANDOM_COLORLESS_2","is_prod":false,"is_daily":false,"chose_seed":false,"campfire_upgraded":2,"win_rate":0.0,"timestamp":1560992741,"path_taken":["M","?","?","?","M","R","E","?","T","?","?","$","E","M","R","BOSS"],"build_version":"2019-01-23","purchased_purges":1,"victory":false,"max_hp_per_floor":[72,72,72,72,72,72,72,72,72,72,72,72,72,72,72,72],"card_choices":[{"not_picked":["Uppercut","Sever Soul"],"picked":"Entrench","floor":1},{"not_picked":["Metallicize","Uppercut"],"picked":"Inflame","floor":4},{"not_picked":["Thunderclap","Cleave"],"picked":"Perfected Strike","floor":5},{"not_picked":["Combust","Bludgeon"],"picked":"Havoc","floor":7},{"not_picked":["Power Through","Combust+1"],"picked":"Spot Weakness","floor":13},{"not_picked":["Clash","Thunderclap","Dropkick"],"picked":"SKIP","floor":14}],"player_experience":82400,"relics_obtained":[{"floor":7,"key":"Frozen Egg 2"},{"floor":9,"key":"Bag of Marbles"},{"floor":13,"key":"Matryoshka"}],"event_choices":[{"damage_healed":0,"gold_gain":0,"player_choice":"Grow","damage_taken":0,"max_hp_gain":0,"max_hp_loss":0,"event_name":"Living Wall","floor":2,"gold_loss":0,"cards_upgraded":["Magnetism"]},{"damage_healed":0,"gold_gain":0,"player_choice":"Upgraded","damage_taken":0,"max_hp_gain":0,"max_hp_loss":0,"event_name":"Upgrade Shrine","floor":3,"gold_loss":0,"cards_upgraded":["Entrench"]},{"damage_healed":0,"gold_gain":0,"player_choice":"Box","damage_taken":0,"relics_obtained":["Vajra"],"max_hp_gain":0,"max_hp_loss":0,"event_name":"Big Fish","floor":8,"gold_loss":0,"cards_obtained":["Regret"]},{"damage_healed":0,"gold_gain":75,"player_choice":"Gather Gold","damage_taken":11,"max_hp_gain":0,"max_hp_loss":0,"event_name":"World of Goop","floor":10,"gold_loss":0}],"is_beta":false,"boss_relics":[],"items_purged_floors":[11],"is_endless":false,"potions_floor_spawned":[5,13,14],"killed_by":"Hexaghost","ascension_level":0}