{"path_per_floor":["M","?","M","?","M","R","E","R","T","?","M","$","M","?","R","B",null,"M","M","$","M","?","R","M","R","T","M","M","R","?","M","R","B",null,"M","?","M","M","M","R","M","M","T","E","R","?","$","M","R","B"],"character_chosen":"THE_SILENT","items_purchased":["Noxious Fumes","Backstab","Slice","Good Instincts","Backflip","Letter Opener","Deflect"],"gold_per_floor":[114,114,135,310,333,333,374,374,397,397,385,165,181,281,281,411,411,434,423,121,141,141,141,155,155,155,170,188,188,188,198,198,300,300,316,316,334,353,366,366,381,391,391,419,419,419,7,20,20,20],"floor_reached":51,"campfire_rested":4,"playtime":14659,"current_hp_per_floor":[70,65,61,61,60,60,47,47,47,47,45,45,43,43,43,43,65,63,50,50,39,39,49,23,52,52,30,12,41,41,39,51,45,65,65,65,65,64,10,41,33,33,33,13,46,46,46,33,47,33],"items_purged":["Doubt","Strike_G","Defend_G"],"gold":20,"play_id":"bd2d8c56-c330-4b0c-89b9-8727d5aa640e","is_prod":false,"is_daily":false,"campfire_rituals":0,"campfire_upgraded":6,"is_hardmode":false,"path_taken":["M","?","M","?","M","R","E","R","T","?","M","$","M","?","R","BOSS","M","M","$","M","?","R","M","R","T","M","?","R","?","?","R","BOSS","M","?","M","?","M","R","M","M","T","E","R","?","$","M","R","BOSS"],"build_version":"2018-01-18-PROD4","purchased_purges":3,"victory":true,"master_deck":["Defend_G","Defend_G","Defend_G","Defend_G","Strike_G","Strike_G","Survivor","Neutralize","Deflect","Backflip","Footwork","Flying Knee","Prepared","Noxious Fumes","Dagger Throw","Tools of the Trade","All Out Attack","Backflip","Slice","Good Instincts","Backflip","Escape Plan","Escape Plan","Poisoned Stab","Acrobatics","After Image","Terror","Poisoned Stab","Well Laid Plans","Heel Hook","Endless Agony","Prepared","Calculated Gamble","Burst","Deflect","Sucker Punch"],"max_hp_per_floor":[70,65,65,65,65,65,65,65,65,65,65,65,65,65,65,65,65,65,65,65,65,65,65,65,65,65,65,65,65,65,65,65,65,65,65,65,65,65,65,65,65,65,65,65,65,65,65,65,65,65],"relics":["Ring of the Snake","Bloody Idol","Kunai","Whetstone","Shuriken","Eternal Feather","Pen Nib","Astrolabe","Ice Cream","Mercury Hourglass","Letter Opener"],"campfire_meditates":0,"card_choices":[{"not_picked":["Calculated Gamble","Outmaneuver"],"picked":"Deflect"},{"not_picked":["Outmaneuver","Quick Slash"],"picked":"Backflip"},{"not_picked":["Dagger Throw","Well Laid Plans"],"picked":"Footwork"},{"not_picked":["Bouncing Flask","Poisoned Stab"],"picked":"Flying Knee"},{"not_picked":["Calculated Gamble","Dagger Spray"],"picked":"Prepared"},{"not_picked":["Dagger Spray","Backflip"],"picked":"Dagger Throw"},{"not_picked":["Phantasmal Killer","Envenom"],"picked":"Tools of the Trade"},{"not_picked":["Bouncing Flask","Finisher"],"picked":"All Out Attack"},{"not_picked":["Dagger Spray","Noxious Fumes"],"picked":"Backflip"},{"not_picked":["Quick Slash","Outmaneuver"],"picked":"Escape Plan"},{"not_picked":["Flechettes","Caltrops"],"picked":"Deadly Poison"},{"not_picked":["Terror","Sucker Punch"],"picked":"Escape Plan"},{"not_picked":["Dagger Throw","Deadly Poison"],"picked":"Poisoned Stab"},{"not_picked":["PiercingWail","Noxious Fumes"],"picked":"Acrobatics"},{"not_picked":["Venomology","Unload"],"picked":"After Image"},{"not_picked":["Calculated Gamble","PiercingWail"],"picked":"Well Laid Plans"},{"not_picked":["Malaise","Unload"],"picked":"Heel Hook"},{"not_picked":["Acrobatics","Deflect"],"picked":"Endless Agony"},{"not_picked":["Acrobatics","PiercingWail"],"picked":"Prepared"},{"not_picked":["Dodge and Roll","Riddle With Holes"],"picked":"Calculated Gamble"},{"not_picked":["Predator","Masterful Stab"],"picked":"Sucker Punch"}],"player_experience":2430,"potions_floor_usage":[33,41,50,50],"damage_taken":[{"damage":0.0,"enemies":"Cultist","floor":1.0,"turns":5.0},{"damage":4.0,"enemies":"Blue Slaver","floor":3.0,"turns":6.0},{"damage":1.0,"enemies":"Small Slimes","floor":5.0,"turns":6.0},{"damage":13.0,"enemies":"3 Sentries","floor":7.0,"turns":15.0},{"damage":2.0,"enemies":"Exordium Thugs","floor":11.0,"turns":6.0},{"damage":2.0,"enemies":"Lots of Slimes","floor":13.0,"turns":5.0},{"damage":0.0,"enemies":"Hexaghost","floor":16.0,"turns":11.0},{"damage":2.0,"enemies":"Shell Parasite","floor":18.0,"turns":8.0},{"damage":13.0,"enemies":"2 Thieves","floor":19.0,"turns":4.0},{"damage":11,"enemies":"Centurion and Healer","floor":21,"turns":10},{"damage":31,"enemies":"Slaver and Parasite","floor":24,"turns":9},{"damage":27,"enemies":"3 Cultists","floor":27,"turns":6},{"damage":23,"enemies":"Chosen and Byrds","floor":28,"turns":13},{"damage":7,"enemies":"Snake Plant","floor":31,"turns":5},{"damage":11,"enemies":"Champ","floor":33,"turns":15},{"damage":0,"enemies":"Orb Walker","floor":35,"turns":5},{"damage":5,"enemies":"3 Shapes","floor":37,"turns":6},{"damage":6,"enemies":"Maw","floor":38,"turns":8},{"damage":59,"enemies":"4 Shapes","floor":39,"turns":8},{"damage":22,"enemies":"3 Darklings","floor":41,"turns":7},{"damage":5,"enemies":"Maw","floor":42,"turns":9},{"damage":25,"enemies":"Nemesis","floor":44,"turns":13},{"damage":18,"enemies":"4 Shapes","floor":48,"turns":5},{"damage":14,"enemies":"Awakened One","floor":50,"turns":13}],"event_choices":[{"event_name":"Golden Idol","player_choice":"Lose Max HP","floor":2.0,"damage_taken":0.0},{"event_name":"Liars Game","player_choice":"agreed","floor":4.0,"damage_taken":0.0},{"event_name":"Wheel of Change","player_choice":"Relic","floor":10.0,"damage_taken":0.0},{"event_name":"Golden Shrine","player_choice":"Pray","floor":14.0,"damage_taken":0.0},{"event_name":"Forgotten Altar","player_choice":"Gave Idol","floor":22,"damage_taken":0},{"event_name":"Vampires","player_choice":"Ignored","floor":30,"damage_taken":0},{"event_name":"Transmorgrifier","player_choice":"Transform","floor":46,"damage_taken":0}],"boss_relics":[{"not_picked":["Black Star","Runic Dome"],"picked":"Astrolabe"}],"potions_floor_spawned":[1,13,21,31,33,37,38,39,42,44],"seed_played":"-3042820631743502237","is_trial":false}