{"gold_per_floor":[118,218,237,249,249,282,282,312,394,414,414,387,387,400,400,501,501,513,152,167,67,67],"floor_reached":22,"playtime":820,"items_purged":["Decay","Parasite"],"score":213,"play_id":"4751833e-b175-4471-9c06-386dbf1e0551","local_time":"20190505131550","is_ascension_mode":true,"campfire_choices":[{"floor":7,"key":"REST"},{"floor":13,"key":"REST"},{"floor":15,"key":"REST"}],"neow_cost":"NONE","seed_source_timestamp":1086713469647037,"circlet_count":0,"master_deck":["Strike_B","Strike_B","Strike_B","Strike_B","Defend_B","Defend_B","Defend_B","Defend_B","Zap","Dualcast","Tempest","Defragment","Ball Lightning","Conserve Battery","Ball Lightning","Machine Learning","Injury","Thunder Strike"],"relics":["Cracked Core","NeowsBlessing","Gambling Chip","Vajra","Dodecahedron","Calling Bell","Blood Vial","Matryoshka","Girya","ClockworkSouvenir"],"potions_floor_usage":[8,18,20,20],"damage_taken":[{"damage":0,"enemies":"Small Slimes","floor":1,"turns":1},{"damage":0,"enemies":"Cultist","floor":3,"turns":1},{"damage":0,"enemies":"Jaw Worm","floor":4,"turns":1},{"damage":31,"enemies":"Lagavulin","floor":6,"turns":5},{"damage":30,"enemies":"Gremlin Nob","floor":8,"turns":4},{"damage":5,"enemies":"3 Louse","floor":10,"turns":2},{"damage":13,"enemies":"Exordium Wildlife","floor":14,"turns":3},{"damage":40,"enemies":"Hexaghost","floor":16,"turns":8},{"damage":47,"enemies":"2 Thieves","floor":18,"turns":4},{"damage":21,"enemies":"Chosen","floor":20,"turns":5},{"damage":18,"enemies":"Shelled Parasite and Fungi","floor":22,"turns":1}],"seed_played":"-714503123103425488","potions_obtained":[{"floor":1,"key":"Fruit Juice"},{"floor":3,"key":"EssenceOfSteel"},{"floor":14,"key":"Swift Potion"},{"floor":16,"key":"SteroidPotion"},{"floor":18,"key":"SkillPotion"}],"is_trial":false,"path_per_floor":["M","?","M","M","?","E","R","E","T","M","?","?","R","M","R","B",null,"M","$","M","$","M"],"character_chosen":"DEFECT","items_purchased":["Thunder Strike","ClockworkSouvenir"],"campfire_rested":3,"item_purchase_floors":[19,19],"current_hp_per_floor":[75,75,75,75,63,32,54,29,29,24,24,24,48,35,59,19,80,33,33,14,14,0],"gold":67,"neow_bonus":"THREE_ENEMY_KILL","is_prod":false,"is_daily":false,"chose_seed":false,"campfire_upgraded":0,"win_rate":0,"timestamp":1557026150,"path_taken":["M","?","?","M","?","E","R","E","T","M","?","?","R","?","R","BOSS","M","$","M","$","M"],"build_version":"2019-01-23","purchased_purges":2,"victory":false,"max_hp_per_floor":[75,75,75,75,75,75,75,80,80,80,80,80,80,80,80,80,80,80,80,80,77,77],"card_choices":[{"not_picked":["Leap","Loop"],"picked":"Tempest","floor":1},{"not_picked":["Compile Driver","Double Energy"],"picked":"Defragment","floor":3},{"not_picked":["Tempest","Sunder"],"picked":"Ball Lightning","floor":4},{"not_picked":["Tempest","Rip and Tear","Streamline"],"picked":"SKIP","floor":6},{"not_picked":["Defragment","Darkness"],"picked":"Conserve Battery","floor":8},{"not_picked":["Loop","Heatsinks"],"picked":"Ball Lightning","floor":10},{"not_picked":["Hologram","Steam","Double Energy"],"picked":"SKIP","floor":14},{"not_picked":["All For One","Biased Cognition"],"picked":"Machine Learning","floor":16},{"not_picked":["Streamline","Steam Power","Turbo"],"picked":"SKIP","floor":18},{"not_picked":["Ball Lightning","Turbo","Gash"],"picked":"SKIP","floor":20}],"player_experience":367303,"relics_obtained":[{"floor":6,"key":"Vajra"},{"floor":8,"key":"Dodecahedron"},{"floor":17,"key":"Blood Vial"},{"floor":17,"key":"Matryoshka"},{"floor":17,"key":"Girya"}],"event_choices":[{"damage_healed":0,"gold_gain":100,"player_choice":"Pray","damage_taken":0,"max_hp_gain":0,"max_hp_loss":0,"event_name":"Golden Shrine","floor":2,"gold_loss":0},{"damage_healed":0,"gold_gain":0,"player_choice":"Success","damage_taken":12,"relics_obtained":["Gambling Chip"],"max_hp_gain":0,"max_hp_loss":0,"event_name":"Scrap Ooze","floor":5,"gold_loss":0},{"damage_healed":0,"gold_gain":0,"player_choice":"Ignored","damage_taken":0,"max_hp_gain":0,"max_hp_loss":0,"event_name":"Shining Light","floor":11,"gold_loss":0},{"damage_healed":0,"gold_gain":0,"player_choice":"Left Gold","damage_taken":0,"max_hp_gain":0,"max_hp_loss":0,"event_name":"World of Goop","floor":12,"gold_loss":27}],"is_beta":false,"boss_relics":[{"not_picked":["Lizard Tail","Snecko Eye"],"picked":"Calling Bell"}],"items_purged_floors":[19,21],"is_endless":false,"potions_floor_spawned":[1,3,14,16,18],"killed_by":"Shelled Parasite and Fungi","ascension_level":2}