{"gold_per_floor":[115,290,290,307,317,18,18,38,38,38,88,138,152,202,202,202],"floor_reached":16,"playtime":1261,"items_purged":["Strike_G"],"score":88,"play_id":"052faa8d-dd6d-4cd8-8b1a-d27f0f21ff90","local_time":"20190429141415","is_ascension_mode":false,"campfire_choices":[{"data":"After Image","floor":7,"key":"SMITH"},{"data":"Cloak And Dagger","floor":10,"key":"SMITH"},{"data":"Blur","floor":15,"key":"SMITH"}],"neow_cost":"NONE","seed_source_timestamp":1709241319437,"circlet_count":0,"master_deck":["Defend_G","Defend_G","Defend_G","Defend_G","Defend_G","Strike_G","Strike_G","Strike_G","Strike_G","Survivor","Neutralize","Cloak And Dagger+1","Doubt","PiercingWail","Terror","Blur+1","After Image+1","Slice","Injury","Prepared"],"relics":["Ring of the Snake","Bag of Marbles","SsserpentHead","Meat on the Bone","Golden Idol","Smiling Mask"],"potions_floor_usage":[16,16],"damage_taken":[{"damage":0,"enemies":"Jaw Worm","floor":1,"turns":3},{"damage":0,"enemies":"2 Louse","floor":4,"turns":3},{"damage":0,"enemies":"Cultist","floor":5,"turns":4},{"damage":0,"enemies":"Looter","floor":8,"turns":4},{"damage":2,"enemies":"Large Slime","floor":13,"turns":10},{"damage":78,"enemies":"Hexaghost","floor":16,"turns":21}],"seed_played":"-8713666034626139075","potions_obtained":[{"floor":1,"key":"SteroidPotion"},{"floor":13,"key":"Block Potion"}],"is_trial":false,"path_per_floor":["M","?","?","M","M","$","R","M","T","R","?","?","M","T","R","B"],"character_chosen":"THE_SILENT","items_purchased":["Blur","After Image"],"campfire_rested":0,"item_purchase_floors":[6,6],"current_hp_per_floor":[70,70,70,70,70,70,70,70,70,70,70,70,68,68,68,0],"gold":202,"neow_bonus":"RANDOM_COMMON_RELIC","is_prod":false,"is_daily":false,"chose_seed":false,"campfire_upgraded":3,"win_rate":0.0,"timestamp":1556561655,"path_taken":["M","?","?","M","M","$","R","?","T","R","?","?","M","?","R","BOSS"],"build_version":"2019-01-23","purchased_purges":1,"victory":false,"max_hp_per_floor":[70,70,70,70,70,70,70,70,70,70,70,70,70,70,70,70],"card_choices":[{"not_picked":["Noxious Fumes","Backflip"],"picked":"Cloak And Dagger","floor":1},{"not_picked":["Noxious Fumes","Backflip"],"picked":"PiercingWail","floor":4},{"not_picked":["Infinite Blades","Deadly Poison"],"picked":"Terror","floor":5},{"not_picked":["Bane","Choke"],"picked":"Slice","floor":8},{"not_picked":["Setup","Acrobatics"],"picked":"Prepared","floor":13}],"player_experience":127148,"relics_obtained":[{"floor":9,"key":"Meat on the Bone"},{"floor":14,"key":"Smiling Mask"}],"event_choices":[{"damage_healed":0,"gold_gain":175,"player_choice":"AGREE","damage_taken":0,"max_hp_gain":0,"max_hp_loss":0,"event_name":"Liars Game","floor":2,"gold_loss":0,"cards_obtained":["Doubt"]},{"damage_healed":0,"gold_gain":0,"player_choice":"Trade","damage_taken":0,"relics_obtained":["SsserpentHead"],"max_hp_gain":0,"max_hp_loss":0,"event_name":"FaceTrader","floor":3,"gold_loss":0},{"damage_healed":0,"gold_gain":0,"player_choice":"Ignored","damage_taken":0,"max_hp_gain":0,"max_hp_loss":0,"event_name":"Shining Light","floor":11,"gold_loss":0},{"damage_healed":0,"gold_gain":0,"player_choice":"Take Wound","damage_taken":0,"relics_obtained":["Golden Idol"],"max_hp_gain":0,"max_hp_loss":0,"event_name":"Golden Idol","floor":12,"gold_loss":0,"cards_obtained":["Injury"]}],"is_beta":false,"boss_relics":[],"items_purged_floors":[6],"is_endless":false,"potions_floor_spawned":[1,13],"killed_by":"Hexaghost","ascension_level":0}