{"gold_per_floor":[20,20,30,30,30,30,46,57,57,83,83,95,95,105,105,176,176,194,194,194,213,213],"floor_reached":22,"playtime":517,"items_purged":[],"score":372,"play_id":"c1a07607-fb3a-401d-a545-9239bbbcbc55","local_time":"20190625000610","is_ascension_mode":true,"campfire_choices":[{"data":"Reinforced Body","floor":6,"key":"SMITH"},{"floor":13,"key":"REST"},{"floor":15,"key":"REST"}],"neow_cost":"NO_GOLD","seed_source_timestamp":235272539250800,"circlet_count":0,"master_deck":["AscendersBane","Strike_B","Strike_B","Strike_B","Defend_B+1","Defend_B","Zap","Dualcast+1","Reinforced Body+1","Ball Lightning","Barrage+1","Hologram","Gash","Echo Form","Hologram"],"relics":["Cracked Core","Darkstone Periapt","Question Card","Nuclear Battery"],"potions_floor_usage":[12,12,14,14,16,22],"damage_taken":[{"damage":0,"enemies":"Small Slimes","floor":1,"turns":2},{"damage":2,"enemies":"2 Louse","floor":3,"turns":3},{"damage":0,"enemies":"Cultist","floor":7,"turns":3},{"damage":0,"enemies":"2 Fungi Beasts","floor":8,"turns":3},{"damage":19,"enemies":"Lagavulin","floor":10,"turns":7},{"damage":13,"enemies":"Exordium Thugs","floor":12,"turns":2},{"damage":0,"enemies":"Exordium Wildlife","floor":14,"turns":3},{"damage":36,"enemies":"Slime Boss","floor":16,"turns":7},{"damage":18,"enemies":"Chosen","floor":18,"turns":4},{"damage":29,"enemies":"Shell Parasite","floor":21,"turns":4},{"damage":17,"enemies":"Shelled Parasite and Fungi","floor":22,"turns":2}],"seed_played":"4109920773017492360","potions_obtained":[{"floor":3,"key":"Explosive Potion"},{"floor":10,"key":"Swift Potion"},{"floor":12,"key":"EntropicBrew"},{"floor":21,"key":"Poison Potion"}],"is_trial":false,"path_per_floor":["M","?","M","?","?","R","M","M","T","E","?","M","R","M","R","B",null,"M","?","?","M","M"],"character_chosen":"DEFECT","items_purchased":[],"campfire_rested":2,"item_purchase_floors":[],"current_hp_per_floor":[64,69,67,67,44,44,44,44,44,25,25,12,34,34,56,20,62,44,44,44,15,0],"gold":213,"neow_bonus":"REMOVE_TWO","is_prod":false,"is_daily":false,"chose_seed":false,"campfire_upgraded":1,"win_rate":0,"timestamp":1561392370,"path_taken":["M","?","M","?","?","R","M","M","T","E","?","M","R","?","R","BOSS","M","?","?","?","M"],"build_version":"2019-01-23","purchased_purges":0,"victory":false,"max_hp_per_floor":[71,76,76,76,76,76,76,76,76,76,76,76,76,76,76,76,76,76,76,76,76,76],"card_choices":[{"not_picked":["Redo","Stack","Turbo"],"picked":"SKIP","floor":1},{"not_picked":["Barrage","Steam"],"picked":"Reinforced Body","floor":3},{"not_picked":["Hologram","Double Energy"],"picked":"Ball Lightning","floor":7},{"not_picked":["Leap","Turbo"],"picked":"Barrage","floor":8},{"not_picked":["Go for the Eyes","Compile Driver","BootSequence"],"picked":"SKIP","floor":10},{"not_picked":["Stack","Compile Driver","Storm"],"picked":"Hologram","floor":12},{"not_picked":["Scrape","Ball Lightning","Compile Driver"],"picked":"Gash","floor":14},{"not_picked":["Biased Cognition","Fission","Meteor Strike"],"picked":"Echo Form","floor":16},{"not_picked":["Rebound","Stack","Ball Lightning","BootSequence"],"picked":"SKIP","floor":18},{"not_picked":["Beam Cell+1","Ball Lightning","Barrage"],"picked":"Hologram","floor":21}],"player_experience":730917,"relics_obtained":[{"floor":9,"key":"Darkstone Periapt"},{"floor":10,"key":"Question Card"}],"event_choices":[{"damage_healed":0,"gold_gain":0,"player_choice":"Donut","damage_taken":0,"max_hp_gain":5,"max_hp_loss":0,"event_name":"Big Fish","floor":2,"gold_loss":0},{"damage_healed":0,"gold_gain":0,"player_choice":"Leave","damage_taken":0,"max_hp_gain":0,"max_hp_loss":0,"event_name":"The Cleric","floor":4,"gold_loss":0},{"damage_healed":0,"gold_gain":0,"player_choice":"Entered Light","damage_taken":23,"max_hp_gain":0,"max_hp_loss":0,"event_name":"Shining Light","floor":5,"gold_loss":0,"cards_upgraded":["Defend_B","Dualcast"]},{"damage_healed":0,"gold_gain":0,"player_choice":"Upgraded","damage_taken":0,"max_hp_gain":0,"max_hp_loss":0,"event_name":"Upgrade Shrine","floor":11,"gold_loss":0,"cards_upgraded":["Barrage"]},{"damage_healed":0,"gold_gain":0,"player_choice":"Ignored","damage_taken":0,"max_hp_gain":0,"max_hp_loss":0,"event_name":"Ghosts","floor":19,"gold_loss":0},{"cards_removed":["Defend_B"],"damage_healed":0,"gold_gain":0,"player_choice":"Elegance","damage_taken":0,"max_hp_gain":0,"max_hp_loss":0,"event_name":"Back to Basics","floor":20,"gold_loss":0}],"is_beta":false,"boss_relics":[{"not_picked":["Fusion Hammer","Sozu"],"picked":"Nuclear Battery"}],"items_purged_floors":[],"is_endless":false,"potions_floor_spawned":[3,10,12,21],"killed_by":"Shelled Parasite and Fungi","ascension_level":20}