{"gold_per_floor":[111,111,111,124,124,159,159,175,175,200,102,122,132,147,147,242,242,167,167,185,110,110],"floor_reached":22,"playtime":1008,"items_purged":[],"score":241,"play_id":"c7917607-0f3c-402f-b418-dad885dd040f","local_time":"20190425180201","is_ascension_mode":true,"campfire_choices":[{"floor":15,"key":"REST"}],"neow_cost":"NONE","seed_source_timestamp":239680063324718,"circlet_count":0,"master_deck":["Defend_G","Defend_G","Defend_G","Defend_G","Defend_G","Strike_G","Strike_G","Strike_G","Strike_G","Strike_G","Survivor","Neutralize","Caltrops+1","Leg Sweep","Cloak And Dagger","Terror","Deadly Poison","Backflip","Venomology","Catalyst","Deadly Poison"],"relics":["Ring of the Snake","NeowsBlessing","Question Card","Paper Crane","Omamori","Black Star"],"potions_floor_usage":[13,22],"damage_taken":[{"damage":0,"enemies":"Jaw Worm","floor":1,"turns":1},{"damage":0,"enemies":"Cultist","floor":4,"turns":1},{"damage":0,"enemies":"Lagavulin","floor":6,"turns":1},{"damage":0,"enemies":"Small Slimes","floor":8,"turns":4},{"damage":29,"enemies":"Gremlin Nob","floor":10,"turns":6},{"damage":18,"enemies":"Exordium Wildlife","floor":12,"turns":5},{"damage":15,"enemies":"2 Fungi Beasts","floor":13,"turns":3},{"damage":6,"enemies":"3 Louse","floor":14,"turns":5},{"damage":5,"enemies":"Hexaghost","floor":16,"turns":10},{"damage":32,"enemies":"2 Thieves","floor":18,"turns":5},{"damage":31,"enemies":"Spheric Guardian","floor":20,"turns":8},{"damage":7,"enemies":"Shelled Parasite and Fungi","floor":22,"turns":3}],"seed_played":"-7023601972250514462","potions_obtained":[{"floor":6,"key":"Ancient Potion"},{"floor":12,"key":"Explosive Potion"},{"floor":16,"key":"Weak Potion"}],"is_trial":false,"path_per_floor":["M","$","?","M","$","E","?","M","T","E","$","M","M","M","R","B",null,"M","?","M","?","M"],"character_chosen":"THE_SILENT","items_purchased":["Terror","Deadly Poison"],"campfire_rested":1,"item_purchase_floors":[11,11],"current_hp_per_floor":[70,70,70,70,70,70,70,70,70,41,41,23,8,2,23,18,70,38,38,7,7,0],"gold":110,"neow_bonus":"THREE_ENEMY_KILL","is_prod":false,"is_daily":false,"chose_seed":false,"campfire_upgraded":0,"win_rate":0,"timestamp":1556179321,"path_taken":["M","$","?","?","?","E","?","M","T","E","?","?","M","M","R","BOSS","M","?","M","?","M"],"build_version":"2019-01-23","purchased_purges":0,"victory":false,"max_hp_per_floor":[70,70,70,70,70,70,70,70,70,70,70,70,70,70,70,70,70,70,70,70,70,70],"card_choices":[{"not_picked":["Underhanded Strike","Dodge and Roll"],"picked":"Caltrops","floor":1},{"not_picked":["Crippling Poison","Prepared"],"picked":"Leg Sweep","floor":4},{"not_picked":["Sucker Punch","Prepared"],"picked":"Cloak And Dagger","floor":6},{"not_picked":["Catalyst","Underhanded Strike","Crippling Poison","Sucker Punch"],"picked":"SKIP","floor":8},{"not_picked":["Dagger Throw","All Out Attack","Predator"],"picked":"Accuracy","floor":10},{"not_picked":["Footwork","Predator","Blur","PiercingWail"],"picked":"SKIP","floor":12},{"not_picked":["Backstab","Masterful Stab","Reflex"],"picked":"Backflip","floor":13},{"not_picked":["Outmaneuver","Flying Knee","Caltrops","Prepared"],"picked":"SKIP","floor":14},{"not_picked":["Glass Knife","Grand Finale","Tools of the Trade"],"picked":"Venomology","floor":16},{"not_picked":["Deadly Poison","Distraction+1","Blade Dance"],"picked":"Catalyst","floor":18},{"not_picked":["Deflect","All Out Attack","Masterful Stab"],"picked":"Deadly Poison","floor":20}],"player_experience":335257,"relics_obtained":[{"floor":6,"key":"Question Card"},{"floor":9,"key":"Paper Crane"},{"floor":10,"key":"Omamori"}],"event_choices":[{"damage_healed":0,"gold_gain":0,"player_choice":"Upgraded","damage_taken":0,"max_hp_gain":0,"max_hp_loss":0,"event_name":"Upgrade Shrine","floor":3,"gold_loss":0,"cards_upgraded":["Caltrops"]},{"damage_healed":0,"gold_gain":0,"player_choice":"Ignored","damage_taken":0,"max_hp_gain":0,"max_hp_loss":0,"event_name":"Shining Light","floor":7,"gold_loss":0},{"damage_healed":0,"gold_gain":0,"player_choice":"Smashed Altar","damage_taken":0,"max_hp_gain":0,"max_hp_loss":0,"event_name":"Forgotten Altar","floor":19,"gold_loss":0,"cards_obtained":["Decay"]},{"cards_removed":["Accuracy"],"damage_healed":0,"gold_gain":0,"player_choice":"Gave Gold","damage_taken":0,"max_hp_gain":0,"max_hp_loss":0,"event_name":"Beggar","floor":21,"gold_loss":75}],"is_beta":false,"boss_relics":[{"not_picked":["Runic Pyramid","Coffee Dripper"],"picked":"Black Star"}],"items_purged_floors":[],"is_endless":false,"potions_floor_spawned":[6,12,16,20],"killed_by":"Shelled Parasite and Fungi","ascension_level":2}