{"gold_per_floor":[113,185,196,196,206,238,238,238,238,238,249,249,249,283,283,386,386,405,405,209,221,221,221],"floor_reached":23,"playtime":2120,"items_purged":[],"score":217,"play_id":"52f3e815-0932-4c92-bb8f-a2c19406563e","local_time":"20190529181253","is_ascension_mode":true,"campfire_choices":[{"floor":7,"key":"REST"},{"data":"Panacea","floor":10,"key":"SMITH"},{"data":"Infinite Blades","floor":12,"key":"SMITH"},{"floor":15,"key":"REST"}],"neow_cost":"NONE","seed_source_timestamp":943710818656154,"circlet_count":0,"master_deck":["Defend_G","Defend_G","Defend_G","Defend_G","Defend_G","Strike_G","Strike_G","Strike_G","Strike_G","Strike_G","Survivor","Neutralize","Panacea+1","Noxious Fumes+1","Backflip+1","Catalyst+1","Infinite Blades+1","Blur+1","Envenom","Cloak And Dagger+1","Accuracy"],"relics":["Ring of the Snake","Toxic Egg 2","Blood Vial","Orichalcum","White Beast Statue","Pen Nib","Strawberry"],"potions_floor_usage":[16],"damage_taken":[{"damage":0,"enemies":"Cultist","floor":1,"turns":4},{"damage":8,"enemies":"Jaw Worm","floor":3,"turns":4},{"damage":1,"enemies":"2 Louse","floor":5,"turns":3},{"damage":24,"enemies":"Lagavulin","floor":6,"turns":7},{"damage":6,"enemies":"Exordium Wildlife","floor":11,"turns":6},{"damage":54,"enemies":"Gremlin Nob","floor":14,"turns":6},{"damage":34,"enemies":"Slime Boss","floor":16,"turns":11},{"damage":26,"enemies":"Spheric Guardian","floor":18,"turns":8},{"damage":2,"enemies":"Shell Parasite","floor":21,"turns":7},{"damage":61,"enemies":"Gremlin Leader","floor":23,"turns":3}],"seed_played":"-7189442224863947770","potions_obtained":[{"floor":1,"key":"LiquidBronze"},{"floor":5,"key":"SpeedPotion"},{"floor":14,"key":"AttackPotion"},{"floor":18,"key":"SteroidPotion"}],"is_trial":false,"path_per_floor":["M","T","M","?","M","E","R","$","T","R","M","R","?","E","R","B",null,"M","?","$","M","?","E"],"character_chosen":"THE_SILENT","items_purchased":["Accuracy","Pen Nib"],"campfire_rested":2,"item_purchase_floors":[20,20],"current_hp_per_floor":[70,70,62,62,61,37,58,58,58,58,54,54,70,16,37,5,70,44,44,44,44,51,0],"gold":221,"neow_bonus":"RANDOM_COLORLESS","is_prod":false,"is_daily":false,"chose_seed":false,"campfire_upgraded":2,"win_rate":0,"timestamp":1559117573,"path_taken":["M","?","M","?","M","E","R","$","T","R","M","R","?","E","R","BOSS","M","?","$","M","?","E"],"build_version":"2019-01-23","purchased_purges":0,"victory":false,"max_hp_per_floor":[70,70,70,70,70,70,70,70,70,70,70,70,70,70,70,70,70,70,70,70,70,77,77],"card_choices":[{"not_picked":["Sucker Punch","Backstab"],"picked":"Noxious Fumes","floor":1},{"not_picked":["Outmaneuver+1","Dodge and Roll+1"],"picked":"Backflip+1","floor":3},{"not_picked":["PiercingWail+1","Cloak And Dagger+1"],"picked":"Catalyst+1","floor":5},{"not_picked":["Dagger Throw","Wraith Form v2","Finisher"],"picked":"SKIP","floor":6},{"not_picked":["Escape Plan+1","All Out Attack"],"picked":"Infinite Blades","floor":11},{"not_picked":["Heel Hook","Flechettes"],"picked":"Blur+1","floor":14},{"not_picked":["Tools of the Trade","Malaise+1"],"picked":"Envenom","floor":16},{"not_picked":["Finisher","Blade Dance+1"],"picked":"Cloak And Dagger+1","floor":18},{"not_picked":["Predator","Poisoned Stab","Eviscerate"],"picked":"SKIP","floor":21}],"player_experience":391312,"relics_obtained":[{"floor":2,"key":"Toxic Egg 2"},{"floor":6,"key":"Blood Vial"},{"floor":14,"key":"Orichalcum"}],"event_choices":[{"damage_healed":0,"gold_gain":0,"player_choice":"Grow","damage_taken":0,"max_hp_gain":0,"max_hp_loss":0,"event_name":"Living Wall","floor":4,"gold_loss":0,"cards_upgraded":["Noxious Fumes"]},{"damage_healed":23,"gold_gain":0,"player_choice":"Banana","damage_taken":0,"max_hp_gain":0,"max_hp_loss":0,"event_name":"Big Fish","floor":13,"gold_loss":0},{"damage_healed":0,"gold_gain":0,"player_choice":"Ignored","damage_taken":0,"max_hp_gain":0,"max_hp_loss":0,"event_name":"Ghosts","floor":19,"gold_loss":0},{"damage_healed":0,"gold_gain":0,"player_choice":"Gave Potion","damage_taken":0,"relics_obtained":["Strawberry"],"max_hp_gain":0,"max_hp_loss":0,"event_name":"WeMeetAgain","floor":22,"gold_loss":0}],"is_beta":false,"boss_relics":[{"not_picked":["Sozu","Busted Crown"],"picked":"White Beast Statue"}],"items_purged_floors":[],"is_endless":false,"potions_floor_spawned":[1,5,14,18,21],"killed_by":"Gremlin Leader","ascension_level":2}