{"gold_per_floor":[116,291,291,303,185,185,216,228,228,241,166,166,166,184,184,288,288,299,106,117,117],"floor_reached":21,"playtime":1506,"items_purged":["Strike_R","Strike_R"],"score":179,"play_id":"bcaa8ea8-d34e-45f9-b15c-4e5c017483cb","local_time":"20190623121432","is_ascension_mode":false,"campfire_choices":[{"data":"Uppercut","floor":6,"key":"SMITH"},{"floor":13,"key":"REST"},{"data":"Shockwave","floor":15,"key":"SMITH"}],"neow_cost":"NONE","seed_source_timestamp":3940903228902,"circlet_count":0,"master_deck":["Strike_R","Strike_R","Defend_R","Defend_R","Defend_R","Defend_R","Bash","Shockwave+1","Perfected Strike","Doubt","Clothesline","Uppercut+1","Deep Breath","Bludgeon","Flex","Flex","Carnage","Double Tap","Rampage","Flex","Intimidate"],"relics":["Black Blood","Matryoshka","Dream Catcher","Anchor","Ginger"],"potions_floor_usage":[16,16,21,21,21],"damage_taken":[{"damage":0,"enemies":"2 Louse","floor":1,"turns":3},{"damage":9,"enemies":"Jaw Worm","floor":4,"turns":4},{"damage":41,"enemies":"3 Sentries","floor":7,"turns":12},{"damage":0,"enemies":"Cultist","floor":8,"turns":2},{"damage":0,"enemies":"Looter","floor":10,"turns":2},{"damage":8,"enemies":"Gremlin Gang","floor":14,"turns":5},{"damage":50,"enemies":"Hexaghost","floor":16,"turns":8},{"damage":33,"enemies":"Shell Parasite","floor":18,"turns":7},{"damage":54,"enemies":"Spheric Guardian","floor":20,"turns":6},{"damage":27,"enemies":"3 Cultists","floor":21,"turns":4}],"seed_played":"41567177940709122","potions_obtained":[{"floor":3,"key":"FearPotion"},{"floor":3,"key":"Poison Potion"},{"floor":3,"key":"SmokeBomb"},{"floor":4,"key":"EssenceOfSteel"},{"floor":10,"key":"Explosive Potion"},{"floor":16,"key":"SkillPotion"},{"floor":18,"key":"Energy Potion"},{"floor":20,"key":"BloodPotion"}],"is_trial":false,"path_per_floor":["M","?","?","M","$","R","E","M","T","M","$","?","R","M","R","B",null,"M","$","M","M"],"character_chosen":"IRONCLAD","items_purchased":["Uppercut","Deep Breath","Rampage","Flex"],"campfire_rested":1,"item_purchase_floors":[5,5,19,19],"current_hp_per_floor":[80,80,80,77,77,77,42,48,48,54,54,54,78,76,76,32,80,57,57,13,0],"gold":117,"neow_bonus":"TRANSFORM_CARD","is_prod":false,"is_daily":false,"chose_seed":false,"campfire_upgraded":2,"win_rate":0.0,"timestamp":1561306472,"path_taken":["M","?","?","?","$","R","E","M","T","M","$","?","R","?","R","BOSS","M","$","M","?"],"build_version":"2019-01-23","purchased_purges":2,"victory":false,"max_hp_per_floor":[80,80,80,80,80,80,80,80,80,80,80,80,80,80,80,80,80,80,80,80,80],"card_choices":[{"not_picked":["Havoc","Hemokinesis"],"picked":"Perfected Strike","floor":1},{"not_picked":["Havoc","Entrench"],"picked":"Clothesline","floor":4},{"not_picked":["Evolve","Spot Weakness"],"picked":"Bludgeon","floor":7},{"not_picked":["Infernal Blade","Armaments"],"picked":"Flex","floor":8},{"not_picked":["Evolve","Havoc","Clothesline"],"picked":"SKIP","floor":10},{"not_picked":["Thunderclap","Shrug It Off"],"picked":"Flex","floor":13},{"not_picked":["Bloodletting","Entrench"],"picked":"Carnage","floor":14},{"not_picked":["Juggernaut","Berserk"],"picked":"Double Tap","floor":16},{"not_picked":["Fire Breathing","Second Wind+1","Heavy Blade"],"picked":"SKIP","floor":18},{"not_picked":["Carnage","Pummel"],"picked":"Intimidate","floor":20}],"player_experience":149404,"relics_obtained":[{"floor":7,"key":"Matryoshka"},{"floor":9,"key":"Dream Catcher"},{"floor":9,"key":"Anchor"}],"event_choices":[{"damage_healed":0,"gold_gain":175,"player_choice":"AGREE","damage_taken":0,"max_hp_gain":0,"max_hp_loss":0,"event_name":"Liars Game","floor":2,"gold_loss":0,"cards_obtained":["Doubt"]},{"damage_healed":0,"gold_gain":0,"player_choice":"Got Potions","damage_taken":0,"max_hp_gain":0,"max_hp_loss":0,"event_name":"Lab","floor":3,"gold_loss":0},{"damage_healed":0,"gold_gain":0,"player_choice":"Gave Potion","damage_taken":0,"relics_obtained":["Ginger"],"max_hp_gain":0,"max_hp_loss":0,"event_name":"WeMeetAgain","floor":12,"gold_loss":0}],"is_beta":false,"boss_relics":[{"not_picked":["Fusion Hammer","Runic Cube"],"picked":"Black Blood"}],"items_purged_floors":[11,19],"is_endless":false,"potions_floor_spawned":[4,7,10,16,18,20],"killed_by":"3 Cultists","ascension_level":0}