{"gold_per_floor":[113,38,58,69,82,114,14,14,14,14,47,47,73,73,73,170,170,185,185,103,123,137,172,172,202,227,277,297,327,327,347,347,446,446,463,87,87,100,115,115],"floor_reached":40,"playtime":3083,"items_purged":["Pain","Parasite","Writhe"],"score":649,"play_id":"72b3bdc7-ca67-4f67-bbff-f3eea6bf8ab4","local_time":"20190602103143","is_ascension_mode":true,"campfire_choices":[{"floor":8,"key":"REST"},{"data":"Rainbow","floor":10,"key":"SMITH"},{"data":"Blizzard","floor":15,"key":"SMITH"},{"floor":24,"key":"REST"},{"floor":30,"key":"REST"},{"floor":32,"key":"REST"}],"neow_cost":"NONE","seed_source_timestamp":1260689519040474,"circlet_count":0,"master_deck":["Strike_B","Strike_B","Strike_B","Defend_B","Defend_B","Defend_B","Defend_B+1","Zap+1","Dualcast","Cold Snap","Tempest","Rainbow+1","Blizzard+1","Conserve Battery+1","Cold Snap","Machine Learning","Ball Lightning+1","Panacea+1","White Noise+1","Defragment+1","Force Field+1","Melter+1","Echo Form","Beam Cell","Electrodynamics","Double Energy+1","Reinforced Body+1"],"relics":["Calling Bell","Bag of Preparation","Cables","FossilizedHelix","Toxic Egg 2","Thread and Needle","Incense Burner","Letter Opener","Philosopher\u0027s Stone","Pen Nib","War Paint","StoneCalendar","Lantern","Happy Flower","White Beast Statue","Kunai"],"potions_floor_usage":[11,22,23,29,40,40],"damage_taken":[{"damage":5,"enemies":"Cultist","floor":1,"turns":3},{"damage":0,"enemies":"2 Louse","floor":3,"turns":3},{"damage":5,"enemies":"Jaw Worm","floor":4,"turns":3},{"damage":0,"enemies":"Looter","floor":5,"turns":4},{"damage":27,"enemies":"3 Sentries","floor":6,"turns":10},{"damage":10,"enemies":"Gremlin Nob","floor":11,"turns":6},{"damage":4,"enemies":"3 Sentries","floor":13,"turns":8},{"damage":1,"enemies":"The Guardian","floor":16,"turns":12},{"damage":0,"enemies":"Chosen","floor":18,"turns":5},{"damage":34,"enemies":"3 Byrds","floor":21,"turns":4},{"damage":4,"enemies":"Sentry and Sphere","floor":22,"turns":4},{"damage":0,"enemies":"Book of Stabbing","floor":23,"turns":4},{"damage":0,"enemies":"Gremlin Leader","floor":25,"turns":8},{"damage":9,"enemies":"Snake Plant","floor":28,"turns":4},{"damage":31,"enemies":"Slavers","floor":29,"turns":4},{"damage":0,"enemies":"Centurion and Healer","floor":31,"turns":5},{"damage":45,"enemies":"Automaton","floor":33,"turns":7},{"damage":0,"enemies":"Orb Walker","floor":35,"turns":3},{"damage":27,"enemies":"3 Darklings","floor":38,"turns":3},{"damage":33,"enemies":"Jaw Worm Horde","floor":39,"turns":4},{"damage":42,"enemies":"Nemesis","floor":40,"turns":5}],"seed_played":"-4227835592603942624","potions_obtained":[{"floor":4,"key":"Explosive Potion"},{"floor":5,"key":"AttackPotion"},{"floor":21,"key":"Weak Potion"},{"floor":22,"key":"Strength Potion"},{"floor":29,"key":"FearPotion"},{"floor":35,"key":"Poison Potion"},{"floor":38,"key":"Explosive Potion"}],"is_trial":false,"path_per_floor":["M","$","M","M","M","E","$","R","T","R","E","$","E","?","R","B",null,"M","?","$","M","M","E","R","E","T","?","M","E","R","M","R","B",null,"M","$","?","M","M","E"],"character_chosen":"DEFECT","items_purchased":["Panacea+1","Kunai"],"campfire_rested":4,"item_purchase_floors":[20,36],"current_hp_per_floor":[70,70,70,65,65,38,38,59,59,59,49,49,45,45,45,44,72,72,72,72,38,34,34,55,55,55,55,46,15,36,36,57,12,72,72,72,72,45,12,0],"gold":115,"neow_bonus":"BOSS_RELIC","is_prod":false,"is_daily":false,"chose_seed":false,"campfire_upgraded":2,"win_rate":0,"timestamp":1559435503,"path_taken":["M","$","M","M","?","E","?","R","T","R","E","$","E","?","R","BOSS","M","?","$","M","M","E","R","E","T","?","M","E","R","M","R","BOSS","M","$","?","M","?","E"],"build_version":"2019-01-23","purchased_purges":3,"victory":false,"max_hp_per_floor":[75,75,75,75,75,75,72,72,72,72,72,72,72,72,72,72,72,72,72,72,72,72,72,72,72,72,72,72,72,72,72,72,72,72,72,72,72,72,72,72],"card_choices":[{"not_picked":["Barrage","Self Repair"],"picked":"Cold Snap","floor":1},{"not_picked":["Steam Power","Reinforced Body","Recycle"],"picked":"SKIP","floor":3},{"not_picked":["Auto Shields","Recycle"],"picked":"Tempest","floor":4},{"not_picked":["Stack","Compile Driver"],"picked":"Rainbow","floor":5},{"not_picked":["Darkness","Skim"],"picked":"Blizzard","floor":6},{"not_picked":["Barrage","Stack+1"],"picked":"Conserve Battery+1","floor":11},{"not_picked":["Turbo+1","Static Discharge"],"picked":"Cold Snap","floor":13},{"not_picked":["Amplify+1","Buffer"],"picked":"Machine Learning","floor":16},{"not_picked":["Hologram+1","Turbo+1"],"picked":"Ball Lightning+1","floor":18},{"not_picked":["Cold Snap","Barrage"],"picked":"White Noise+1","floor":21},{"not_picked":["Loop","Self Repair"],"picked":"Defragment+1","floor":22},{"not_picked":["Tempest+1","Go for the Eyes"],"picked":"Force Field+1","floor":23},{"not_picked":["Heatsinks","Compile Driver"],"picked":"Melter+1","floor":25},{"not_picked":["Streamline","Rip and Tear"],"picked":"Echo Form","floor":28},{"not_picked":["Rebound","Hologram+1"],"picked":"Beam Cell","floor":29},{"not_picked":["Defragment","Static Discharge+1","Ball Lightning"],"picked":"SKIP","floor":31},{"not_picked":["Echo Form","Seek+1"],"picked":"Electrodynamics","floor":33},{"not_picked":["Go for the Eyes","Cold Snap+1"],"picked":"Double Energy+1","floor":35},{"not_picked":["Darkness+1","Barrage+1","Doom and Gloom+1"],"picked":"SKIP","floor":38},{"not_picked":["Redo+1","Ball Lightning+1"],"picked":"Reinforced Body+1","floor":39}],"player_experience":397148,"relics_obtained":[{"floor":0,"key":"Bag of Preparation"},{"floor":0,"key":"Cables"},{"floor":0,"key":"FossilizedHelix"},{"floor":6,"key":"Toxic Egg 2"},{"floor":9,"key":"Thread and Needle"},{"floor":11,"key":"Incense Burner"},{"floor":13,"key":"Letter Opener"},{"floor":23,"key":"War Paint"},{"floor":25,"key":"StoneCalendar"},{"floor":26,"key":"Lantern"},{"floor":29,"key":"Happy Flower"}],"event_choices":[{"cards_removed":["Normality"],"damage_healed":0,"gold_gain":0,"player_choice":"Forget","damage_taken":0,"max_hp_gain":0,"max_hp_loss":0,"event_name":"Living Wall","floor":14,"gold_loss":0},{"damage_healed":0,"gold_gain":0,"player_choice":"Opened","damage_taken":0,"relics_obtained":["Pen Nib"],"max_hp_gain":0,"max_hp_loss":0,"event_name":"The Mausoleum","floor":19,"gold_loss":0,"cards_obtained":["Writhe"]},{"damage_healed":0,"gold_gain":100,"player_choice":"Bet on Murderer","damage_taken":0,"max_hp_gain":0,"max_hp_loss":0,"event_name":"The Joust","floor":27,"gold_loss":50},{"cards_removed":["Strike_B"],"damage_healed":0,"gold_gain":0,"player_choice":"Offered Basic","damage_taken":0,"max_hp_gain":0,"max_hp_loss":0,"event_name":"Bonfire Elementals","floor":37,"gold_loss":0}],"is_beta":false,"boss_relics":[{"not_picked":["Busted Crown","Fusion Hammer"],"picked":"Philosopher\u0027s Stone"},{"not_picked":["Lizard Tail","Cursed Key"],"picked":"White Beast Statue"}],"items_purged_floors":[2,7,36],"is_endless":false,"potions_floor_spawned":[4,5,21,22,29,35,38,39],"killed_by":"Nemesis","ascension_level":3}