{"path_per_floor":["M","M","$","M","M","E","M","M","T","M","M","M","E","M","R","B",null],"character_chosen":"IRONCLAD","items_purchased":["Shrug It Off"],"gold_per_floor":[113,123,25,43,57,84,100,117,117,130,146,157,190,203,203,304,304],"floor_reached":18,"campfire_rested":0,"playtime":1909,"current_hp_per_floor":[78,79,79,80,79,71,79,76,76,80,80,80,68,69,69,45,80],"items_purged":["Strike_R"],"gold":304,"play_id":"b163374a-9850-4271-bb03-6361b0cd8efe","is_prod":false,"is_daily":false,"is_ascension_mode":false,"campfire_upgraded":1,"path_taken":["M","M","$","M","M","E","M","M","T","M","M","?","E","M","R","BOSS","M"],"build_version":"2018-02-01-PROD3","purchased_purges":1,"victory":false,"master_deck":["Strike_R","Strike_R","Strike_R","Defend_R","Defend_R","Defend_R","Defend_R","Bash","Rampage","Evolve","Shrug It Off","Cleave","Clash","Pommel Strike","Shrug It Off","Clothesline","Body Slam","Barricade+1","Infernal Blade","Headbutt","Rampage","Offering","Regret","Pain","Doubt"],"max_hp_per_floor":[80,80,80,80,80,80,80,80,80,80,80,80,80,80,80,80,80],"relics":["Burning Blood","Blood Vial","Champion Belt","Ancient Tea Set","Calling Bell","Bag of Marbles","Oddly Smooth Stone","Orichalcum"],"card_choices":[{"not_picked":["Flex","Whirlwind"],"picked":"Rampage"},{"not_picked":["Pommel Strike","Spot Weakness"],"picked":"Evolve"},{"not_picked":["True Grit","Rupture"],"picked":"Cleave"},{"not_picked":["Disarm","Perfected Strike"],"picked":"Clash"},{"not_picked":["Bludgeon","Flex"],"picked":"Pommel Strike"},{"not_picked":["Clash","Anger"],"picked":"Shrug It Off"},{"not_picked":["Sword Boomerang","True Grit"],"picked":"Clothesline"},{"not_picked":["Clash","Second Wind"],"picked":"Body Slam"},{"not_picked":["Blood for Blood","True Grit"],"picked":"Barricade"},{"not_picked":["Anger","Pummel"],"picked":"Infernal Blade"},{"not_picked":["True Grit","Dropkick"],"picked":"Headbutt"},{"not_picked":["Battle Trance","Cleave"],"picked":"Rampage"},{"not_picked":["Fiend Fire","Immolate"],"picked":"Offering"}],"player_experience":164000,"potions_floor_usage":[6,10,13,14,16],"damage_taken":[{"damage":8,"enemies":"Blue Slaver","floor":1,"turns":8},{"damage":5,"enemies":"Jaw Worm","floor":2,"turns":4},{"damage":0,"enemies":"2 Louse","floor":4,"turns":4},{"damage":7,"enemies":"Red Slaver","floor":5,"turns":5},{"damage":14,"enemies":"Gremlin Nob","floor":6,"turns":4},{"damage":0,"enemies":"3 Louse","floor":7,"turns":3},{"damage":10,"enemies":"Large Slime","floor":8,"turns":4},{"damage":1,"enemies":"Red Slaver","floor":10,"turns":4},{"damage":1,"enemies":"Gremlin Gang","floor":11,"turns":3},{"damage":1,"enemies":"2 Fungi Beasts","floor":12,"turns":3},{"damage":18,"enemies":"3 Sentries","floor":13,"turns":8},{"damage":7,"enemies":"Exordium Thugs","floor":14,"turns":5},{"damage":32,"enemies":"Slime Boss","floor":16,"turns":10},{"damage":25,"enemies":"Spheric Guardian","floor":18,"turns":5}],"event_choices":[],"boss_relics":[{"not_picked":["Velvet Choker","Snecko Eye"],"picked":"Calling Bell"}],"potions_floor_spawned":[1,4,5,8,10,13,14],"seed_played":"-696662203140007987","killed_by":"Spheric Guardian","ascension_level":0,"is_trial":false}