{"gold_per_floor":[112,112,112,132,152,152,182,182,182,192,192,192,192,211,211,283,283,299,299,45,58,8,8,25,58,82,96,96,116,129,146,146,218,218,236,249,249,261,261,261,261],"floor_reached":41,"playtime":1451,"items_purged":["Strike_B","Defend_B"],"score":830,"play_id":"d58b45a7-8d6d-42e4-9cb7-e5398ded0e6b","local_time":"20190622030500","is_ascension_mode":true,"campfire_choices":[{"data":"Defragment","floor":6.0,"key":"SMITH"},{"floor":8.0,"key":"REST"},{"floor":15.0,"key":"REST"},{"data":"Undo","floor":23.0,"key":"SMITH"},{"floor":28.0,"key":"REST"},{"floor":32.0,"key":"REST"},{"floor":40,"key":"REST"}],"neow_cost":"TEN_PERCENT_HP_LOSS","seed_source_timestamp":45126000054600,"circlet_count":0,"master_deck":["AscendersBane","Strike_B","Strike_B","Defend_B","Defend_B","Defend_B","Zap","Dualcast","Ball Lightning","Defragment+1","Cold Snap","Electrodynamics","Undo+1","Defragment","Ball Lightning+1","Capacitor","Force Field","Defragment+1","Buffer","Fusion","Reinforced Body"],"special_seed":0,"relics":["Cracked Core","Incense Burner","Singing Bowl","Question Card","Snecko Eye","Membership Card","Omamori","Dream Catcher","Inserter","Shuriken"],"potions_floor_usage":[33,33],"damage_taken":[{"damage":10.0,"enemies":"Small Slimes","floor":1.0,"turns":5.0},{"damage":1.0,"enemies":"Cultist","floor":4.0,"turns":3.0},{"damage":4.0,"enemies":"Jaw Worm","floor":5.0,"turns":3.0},{"damage":31.0,"enemies":"3 Sentries","floor":7.0,"turns":6.0},{"damage":10.0,"enemies":"Exordium Wildlife","floor":10.0,"turns":3.0},{"damage":4.0,"enemies":"Looter","floor":14.0,"turns":2.0},{"damage":26.0,"enemies":"Slime Boss","floor":16.0,"turns":10.0},{"damage":10.0,"enemies":"2 Thieves","floor":18.0,"turns":3.0},{"damage":0.0,"enemies":"3 Byrds","floor":21.0,"turns":2.0},{"damage":17.0,"enemies":"Snake Plant","floor":24.0,"turns":4.0},{"damage":9.0,"enemies":"Slavers","floor":25.0,"turns":3.0},{"damage":2.0,"enemies":"Cultist and Chosen","floor":27.0,"turns":4.0},{"damage":0.0,"enemies":"Snecko","floor":29.0,"turns":4.0},{"damage":0.0,"enemies":"Centurion and Healer","floor":30.0,"turns":5.0},{"damage":1.0,"enemies":"Chosen and Byrds","floor":31.0,"turns":4.0},{"damage":30,"enemies":"Champ","floor":33,"turns":12},{"damage":5,"enemies":"Orb Walker","floor":35,"turns":3},{"damage":21,"enemies":"3 Darklings","floor":36,"turns":4},{"damage":34,"enemies":"Writhing Mass","floor":38,"turns":6},{"damage":35,"enemies":"Nemesis","floor":41,"turns":5}],"seed_played":"1123665067454046087","potions_obtained":[{"floor":4.0,"key":"Weak Potion"},{"floor":10.0,"key":"Poison Potion"},{"floor":18.0,"key":"SteroidPotion"},{"floor":24.0,"key":"SkillPotion"},{"floor":30.0,"key":"Ancient Potion"},{"floor":31.0,"key":"SpeedPotion"},{"floor":36,"key":"FearPotion"}],"is_trial":false,"path_per_floor":["M","?","$","M","M","R","E","R","T","M","?","$","?","M","R","B",null,"M","?","$","M","$","R","M","E","T","M","R","M","M","M","R","B",null,"M","M","T","M","?","R","E"],"character_chosen":"DEFECT","items_purchased":["Membership Card"],"campfire_rested":5,"item_purchase_floors":[20],"current_hp_per_floor":[54,54,54,53,49,49,20,39,39,29,29,29,29,27,47,21,56,48,41,41,41,41,41,24,17,17,15,36,38,38,37,61,31,65,60,41,41,7,7,31,0],"gold":261,"neow_bonus":"ONE_RARE_RELIC","is_prod":false,"is_daily":false,"chose_seed":false,"campfire_upgraded":2,"win_rate":0,"timestamp":1561143900,"path_taken":["M","?","?","M","?","R","E","R","T","M","?","$","?","M","R","BOSS","M","?","$","M","$","R","M","E","T","M","R","M","M","M","R","BOSS","M","M","?","M","?","R","E"],"build_version":"2019-01-23","purchased_purges":2,"victory":false,"max_hp_per_floor":[64,64,64,64,64,64,66,66,66,66,66,66,66,68,68,68,68,70,70,70,70,70,70,70,72,72,72,72,74,74,74,76,76,76,76,78,78,78,74,76,76],"card_choices":[{"not_picked":["Turbo","Rebound"],"picked":"Ball Lightning","floor":1.0},{"not_picked":["Rip and Tear","Storm","Steam"],"picked":"SKIP","floor":4.0},{"not_picked":["Sweeping Beam","Sunder"],"picked":"Defragment","floor":5.0},{"not_picked":["BootSequence","Redo","Reboot"],"picked":"Singing Bowl","floor":7.0},{"not_picked":["Recycle","Blizzard","BootSequence"],"picked":"Cold Snap","floor":10.0},{"not_picked":["Turbo","Stack","Auto Shields","Beam Cell"],"picked":"Singing Bowl","floor":14.0},{"not_picked":["All For One","Reboot","Fission"],"picked":"Electrodynamics","floor":16.0},{"not_picked":["Lockon","Leap","Double Energy","Turbo+1"],"picked":"Singing Bowl","floor":18.0},{"not_picked":["Darkness","FTL","White Noise"],"picked":"Undo","floor":21.0},{"not_picked":["Static Discharge","Reinforced Body","Reprogram"],"picked":"Defragment","floor":24.0},{"not_picked":["Conserve Battery","Turbo","Fission","Beam Cell"],"picked":"Singing Bowl","floor":25.0},{"not_picked":["Consume+1","Streamline","Aggregate"],"picked":"Ball Lightning+1","floor":27.0},{"not_picked":["FTL+1","Beam Cell+1","Reinforced Body"],"picked":"Capacitor","floor":28.0},{"not_picked":["Steam Power","Hello World","Gash","Hologram"],"picked":"Singing Bowl","floor":29.0},{"not_picked":["Cold Snap","Hologram","Sunder"],"picked":"Force Field","floor":30.0},{"not_picked":["Blizzard","Coolheaded","Heatsinks"],"picked":"Defragment+1","floor":31.0},{"not_picked":["Barrage","Conserve Battery","Hello World","Streamline"],"picked":"Singing Bowl","floor":32.0},{"not_picked":["Core Surge","Electrodynamics","Biased Cognition"],"picked":"Buffer","floor":33},{"not_picked":["Leap","Scrape","Rebound"],"picked":"Fusion","floor":35},{"not_picked":["Coolheaded+1","Chill","Compile Driver","Gash"],"picked":"Singing Bowl","floor":36},{"not_picked":["Compile Driver","Capacitor","Barrage+1"],"picked":"Reinforced Body","floor":38},{"not_picked":["Beam Cell","Coolheaded","Go for the Eyes","Sweeping Beam"],"picked":"Singing Bowl","floor":40}],"player_experience":723727,"relics_obtained":[{"floor":7.0,"key":"Singing Bowl"},{"floor":9.0,"key":"Question Card"},{"floor":25.0,"key":"Omamori"},{"floor":26.0,"key":"Dream Catcher"},{"floor":37,"key":"Shuriken"}],"event_choices":[{"damage_healed":0.0,"max_hp_gain":0.0,"max_hp_loss":0.0,"gold_gain":0.0,"event_name":"Match and Keep!","player_choice":"0 cards matched","floor":2.0,"gold_loss":0.0,"damage_taken":0.0,"cards_obtained":[]},{"cards_removed":["Strike_B"],"damage_healed":0.0,"max_hp_gain":0.0,"max_hp_loss":0.0,"gold_gain":0.0,"event_name":"Living Wall","player_choice":"Forget","floor":11.0,"gold_loss":0.0,"damage_taken":0.0},{"damage_healed":0.0,"max_hp_gain":0.0,"max_hp_loss":0.0,"gold_gain":0.0,"event_name":"Lab","player_choice":"Got Potions","floor":13.0,"gold_loss":0.0,"damage_taken":0.0},{"damage_healed":0.0,"max_hp_gain":0.0,"max_hp_loss":0.0,"gold_gain":0.0,"event_name":"Knowing Skull","player_choice":"","floor":19.0,"potions_obtained":[],"gold_loss":0.0,"damage_taken":7.0,"cards_obtained":[]},{"damage_healed":0,"gold_gain":0,"player_choice":"Max HP","damage_taken":0,"max_hp_gain":0,"max_hp_loss":4,"event_name":"Winding Halls","floor":39,"gold_loss":0}],"is_beta":false,"boss_relics":[{"not_picked":["Nuclear Battery","Lizard Tail"],"picked":"Snecko Eye"},{"not_picked":["FrozenCore","Tiny House"],"picked":"Inserter"}],"items_purged_floors":[20,22],"is_endless":false,"potions_floor_spawned":[4,10,14,18,24,30,31,36],"killed_by":"Nemesis","ascension_level":20}