{"gold_per_floor":[212,224,224,18,18,18,53,53,53,72,72,100,111,126,126,231,231,241,241,48,74,86,98,138,150,162,174,205,217],"floor_reached":29,"playtime":1399,"items_purged":[],"score":261,"play_id":"2544719e-e074-4fb6-8c56-d352e3840208","local_time":"20190330113301","is_ascension_mode":true,"campfire_choices":[{"data":"Bash","floor":6,"key":"SMITH"},{"floor":8,"key":"REST"},{"floor":11,"key":"REST"},{"floor":15,"key":"REST"},{"data":"Rampage","floor":23,"key":"SMITH"},{"floor":27,"key":"REST"}],"neow_cost":"NONE","seed_source_timestamp":750562895098397,"circlet_count":0,"master_deck":["Strike_R","Strike_R","Strike_R+1","Strike_R+1","Strike_R","Defend_R","Defend_R","Defend_R","Defend_R","Bash+1","Cleave","Feed","Power Through","Whirlwind"],"relics":["Burning Blood","ClockworkSouvenir","Question Card","Whetstone","Busted Crown","Nloth\u0027s Gift","Membership Card","MawBank","Mummified Hand","Bottled Flame"],"potions_floor_usage":[24,24],"damage_taken":[{"damage":5,"enemies":"2 Louse","floor":1,"turns":3},{"damage":6,"enemies":"Cultist","floor":2,"turns":3},{"damage":52,"enemies":"Lagavulin","floor":7,"turns":7},{"damage":7,"enemies":"Small Slimes","floor":10,"turns":3},{"damage":39,"enemies":"3 Sentries","floor":12,"turns":10},{"damage":23,"enemies":"Exordium Thugs","floor":13,"turns":4},{"damage":0,"enemies":"Large Slime","floor":14,"turns":4},{"damage":30,"enemies":"Slime Boss","floor":16,"turns":9},{"damage":25,"enemies":"3 Byrds","floor":18,"turns":4},{"damage":57,"enemies":"Gremlin Leader","floor":24,"turns":4},{"damage":39,"enemies":"Shell Parasite","floor":28,"turns":6},{"damage":32,"enemies":"Colosseum Slavers","floor":29,"turns":4}],"seed_played":"5391253112354998220","potions_obtained":[{"floor":3,"key":"SmokeBomb"},{"floor":3,"key":"SpeedPotion"},{"floor":3,"key":"SneckoOil"},{"floor":7,"key":"Block Potion"},{"floor":18,"key":"PowerPotion"}],"is_trial":false,"path_per_floor":["M","M","?","$","T","R","E","R","T","M","R","E","M","M","R","B",null,"M","?","$","T","?","R","E","?","T","R","M","?"],"character_chosen":"IRONCLAD","items_purchased":["ClockworkSouvenir","Membership Card"],"campfire_rested":4,"item_purchase_floors":[4,20],"current_hp_per_floor":[80,80,80,80,80,80,34,58,58,57,80,47,30,36,60,36,80,64,64,64,64,83,83,35,35,35,60,27,0],"gold":217,"neow_bonus":"HUNDRED_GOLD","is_prod":false,"is_daily":false,"chose_seed":false,"campfire_upgraded":2,"win_rate":0,"timestamp":1553905981,"path_taken":["M","M","?","$","?","R","E","R","T","M","R","E","M","M","R","BOSS","M","?","$","?","?","R","E","?","T","R","M","?"],"build_version":"2019-01-23","purchased_purges":0,"victory":false,"max_hp_per_floor":[80,80,80,80,80,80,80,80,80,80,80,80,80,80,80,80,80,83,83,83,83,83,83,86,86,86,86,86,89],"card_choices":[{"not_picked":["Sword Boomerang","Body Slam","Anger"],"picked":"SKIP","floor":1},{"not_picked":["Perfected Strike","Disarm","Intimidate"],"picked":"SKIP","floor":2},{"not_picked":["Havoc","Entrench","Warcry"],"picked":"Heavy Blade","floor":7},{"not_picked":["Carnage","Havoc","Anger","Flex"],"picked":"SKIP","floor":10},{"not_picked":["Blood for Blood","Dark Embrace","Sword Boomerang"],"picked":"Rampage","floor":12},{"not_picked":["Warcry","Clothesline","Corruption","Evolve"],"picked":"SKIP","floor":13},{"not_picked":["Bloodletting","Twin Strike","Combust"],"picked":"Cleave","floor":14},{"not_picked":["Fiend Fire","Exhume","Barricade"],"picked":"Feed","floor":16},{"not_picked":["Warcry","Corruption+1"],"picked":"SKIP","floor":18},{"not_picked":["Bludgeon","Fire Breathing+1"],"picked":"SKIP","floor":24},{"not_picked":["Entrench","Clothesline"],"picked":"SKIP","floor":28}],"player_experience":285380,"relics_obtained":[{"floor":5,"key":"Question Card"},{"floor":7,"key":"Whetstone"},{"floor":12,"key":"Mercury Hourglass"},{"floor":21,"key":"MawBank"},{"floor":24,"key":"Mummified Hand"},{"floor":26,"key":"Bottled Flame"}],"event_choices":[{"damage_healed":0,"gold_gain":0,"player_choice":"Got Potions","damage_taken":0,"max_hp_gain":0,"max_hp_loss":0,"event_name":"Lab","floor":3,"gold_loss":0},{"damage_healed":0,"gold_gain":0,"player_choice":"Traded Relic","damage_taken":0,"relics_obtained":["Nloth\u0027s Gift"],"max_hp_gain":0,"max_hp_loss":0,"event_name":"N\u0027loth","floor":19,"relics_lost":["Mercury Hourglass"],"gold_loss":0},{"damage_healed":27,"gold_gain":0,"player_choice":"Heal","damage_taken":0,"max_hp_gain":0,"max_hp_loss":0,"event_name":"The Library","floor":22,"gold_loss":0},{"damage_healed":0,"gold_gain":0,"cards_transformed":["Rampage","Heavy Blade"],"player_choice":"Became Test Subject","damage_taken":0,"max_hp_gain":0,"max_hp_loss":0,"event_name":"Drug Dealer","floor":25,"gold_loss":0,"cards_obtained":["Power Through","Whirlwind"]},{"damage_healed":0,"gold_gain":0,"player_choice":"Fight","damage_taken":0,"max_hp_gain":0,"max_hp_loss":0,"event_name":"Colosseum","floor":29,"gold_loss":0}],"is_beta":false,"boss_relics":[{"not_picked":["Mark of Pain","Runic Dome"],"picked":"Busted Crown"}],"items_purged_floors":[],"is_endless":false,"potions_floor_spawned":[7,12,13,14,16,18],"killed_by":"Colosseum Slavers","ascension_level":1}