{"path_per_floor":["M","?","M","M","M","R","?","R","T","$","M","?","M","M","R","B",null,"M","$","M","?","$","R"],"character_chosen":"THE_SILENT","items_purchased":["Poisoned Stab","Deadly Poison","PiercingWail"],"gold_per_floor":[111,111,122,132,151,151,151,151,151,5,19,19,35,48,48,144,144,156,56,72,72,19,19],"floor_reached":24,"campfire_rested":1,"playtime":2515,"current_hp_per_floor":[70,75,75,66,58,58,58,58,58,58,56,56,55,53,75,36,75,60,60,57,57,57,57],"items_purged":["Strike_G","Strike_G"],"gold":19,"score":188,"play_id":"6300a2aa-22b3-43e7-b2f2-a4d87c448d26","is_prod":false,"is_daily":false,"is_ascension_mode":false,"campfire_upgraded":3,"path_taken":["M","?","M","?","M","R","?","R","T","$","M","?","?","M","R","BOSS","M","$","M","?","$","R","M"],"build_version":"2018-02-08-PROD1","purchased_purges":2,"victory":false,"master_deck":["Defend_G","Defend_G","Defend_G","Strike_G","Survivor","Neutralize","Corpse Explosion","Endless Agony+1","Flying Knee","Cloak And Dagger+1","Flying Knee","Poisoned Stab","Deadly Poison+1","Cloak And Dagger","Blur","Storm of Steel","Noxious Fumes+1","Caltrops+1","A Thousand Cuts+1","Deadly Poison","Deflect","PiercingWail"],"max_hp_per_floor":[70,75,75,75,75,75,75,75,75,75,75,75,75,75,75,75,75,75,75,75,75,75,75],"relics":["Ring of the Snake","Dodecahedron","Astrolabe"],"card_choices":[{"not_picked":["Backflip","Leg Sweep"],"picked":"Endless Agony"},{"not_picked":["Prepared","Skewer"],"picked":"Flying Knee"},{"not_picked":["Flying Knee","Backflip"],"picked":"Cloak And Dagger"},{"not_picked":["Finisher","Dodge and Roll"],"picked":"Flying Knee"},{"not_picked":["Bane","Dodge and Roll"],"picked":"Cloak And Dagger"},{"not_picked":["Riddle With Holes","Sucker Punch"],"picked":"Blur"},{"not_picked":["Reflex","Prepared"],"picked":"Storm of Steel"},{"not_picked":["Outmaneuver","Footwork"],"picked":"Deadly Poison"},{"not_picked":["Cloak And Dagger","Skewer"],"picked":"Deflect"}],"player_experience":98423,"potions_floor_usage":[16,16,16],"damage_taken":[{"damage":0,"enemies":"2 Louse","floor":1,"turns":3},{"damage":0,"enemies":"Jaw Worm","floor":3,"turns":6},{"damage":9,"enemies":"Blue Slaver","floor":4,"turns":5},{"damage":8,"enemies":"Lots of Slimes","floor":5,"turns":6},{"damage":2,"enemies":"Looter","floor":11,"turns":3},{"damage":1,"enemies":"Red Slaver","floor":13,"turns":3},{"damage":2,"enemies":"Large Slime","floor":14,"turns":5},{"damage":39,"enemies":"Hexaghost","floor":16,"turns":10},{"damage":15,"enemies":"Chosen","floor":18,"turns":6},{"damage":3,"enemies":"3 Byrds","floor":20,"turns":5},{"damage":58,"enemies":"Slaver and Parasite","floor":24,"turns":5}],"event_choices":[{"event_name":"Big Fish","player_choice":"Donut","floor":2,"damage_taken":0},{"event_name":"Purifier","player_choice":"One Purge","floor":7,"damage_taken":0},{"event_name":"The Cleric","player_choice":"Leave","floor":12,"damage_taken":0},{"event_name":"Addict","player_choice":"Ignored","floor":21,"damage_taken":0}],"boss_relics":[{"not_picked":["Question Card","Ectoplasm"],"picked":"Astrolabe"}],"potions_floor_spawned":[3,5,13],"seed_played":"-5110463932533059092","killed_by":"Slaver and Parasite","ascension_level":0,"is_trial":false}