{"gold_per_floor":[368,368,388,463,481,507,527,555,582,596,596,771,801,41,41,145,145,156,156,171,71,71,103,103,118,118,143,178,194,211,62,62,158,158,168,268,316,316,330,330,361,361,361,393,393,422,143,170,170,170],"floor_reached":51,"playtime":4132,"items_purged":["Doubt","Strike_R","Strike_R"],"score":884,"play_id":"1bd6add6-1417-4141-98b4-6fbd90986c68","local_time":"20190526023226","is_ascension_mode":true,"campfire_choices":[{"floor":15.0,"key":"REST"},{"data":"Armaments","floor":24.0,"key":"SMITH"},{"floor":32,"key":"REST"},{"data":"Armaments","floor":40,"key":"SMITH"},{"floor":42,"key":"REST"},{"data":"Limit Break","floor":49,"key":"SMITH"}],"neow_cost":"TEN_PERCENT_HP_LOSS","seed_source_timestamp":0,"circlet_count":0,"master_deck":["Strike_R","Strike_R","Defend_R","Defend_R+1","Defend_R","Defend_R+1","Bash","Clothesline","Reckless Charge","Armaments+1","Hemokinesis","Pommel Strike","Juggernaut","Armaments+1","Feed","Anger","Bludgeon","Seeing Red+1","Twin Strike+1","Thunderclap+1","Sword Boomerang+1","Offering","Seeing Red","Shrug It Off+1","Metallicize+1","Offering","Dark Shackles","Purity","Limit Break+1"],"special_seed":0,"relics":["Burning Blood","Gambling Chip","Bronze Scales","Bag of Preparation","War Paint","Red Skull","Ice Cream","HandDrill","Velvet Choker","Pear","Blue Candle","Red Mask","Bottled Flame","Lantern","Runic Pyramid","Ginger","Bird Faced Urn","Strawberry","Mummified Hand","Du-Vu Doll","Nunchaku","Kunai"],"potions_floor_usage":[33,33,50,50,50],"damage_taken":[{"damage":11.0,"enemies":"Jaw Worm","floor":1.0,"turns":5.0},{"damage":0.0,"enemies":"2 Louse","floor":3.0,"turns":2.0},{"damage":0.0,"enemies":"Cultist","floor":5.0,"turns":3.0},{"damage":30.0,"enemies":"Gremlin Nob","floor":6.0,"turns":4.0},{"damage":7.0,"enemies":"Looter","floor":7.0,"turns":3.0},{"damage":32.0,"enemies":"Lagavulin","floor":8.0,"turns":5.0},{"damage":4.0,"enemies":"3 Louse","floor":10.0,"turns":3.0},{"damage":6.0,"enemies":"Gremlin Nob","floor":13.0,"turns":3.0},{"damage":33.0,"enemies":"The Guardian","floor":16.0,"turns":7.0},{"damage":27.0,"enemies":"2 Thieves","floor":18.0,"turns":4.0},{"damage":5.0,"enemies":"Shell Parasite","floor":20.0,"turns":3.0},{"damage":18.0,"enemies":"Book of Stabbing","floor":23.0,"turns":4.0},{"damage":13.0,"enemies":"Shelled Parasite and Fungi","floor":25.0,"turns":3.0},{"damage":3.0,"enemies":"Masked Bandits","floor":27.0,"turns":2.0},{"damage":17.0,"enemies":"Slavers","floor":28.0,"turns":3.0},{"damage":13.0,"enemies":"Sentry and Sphere","floor":29.0,"turns":3.0},{"damage":9.0,"enemies":"Centurion and Healer","floor":30.0,"turns":4.0},{"damage":42,"enemies":"Automaton","floor":33,"turns":8},{"damage":16,"enemies":"3 Shapes","floor":35,"turns":3},{"damage":15,"enemies":"Mind Bloom Boss Battle","floor":36,"turns":5},{"damage":26,"enemies":"2 Orb Walkers","floor":37,"turns":3},{"damage":10,"enemies":"3 Darklings","floor":39,"turns":3},{"damage":22,"enemies":"Nemesis","floor":41,"turns":5},{"damage":24,"enemies":"Giant Head","floor":44,"turns":7},{"damage":16,"enemies":"Nemesis","floor":46,"turns":5},{"damage":15,"enemies":"Giant Head","floor":48,"turns":5},{"damage":43,"enemies":"Awakened One","floor":50,"turns":9}],"seed_played":"-4608178659214419705","potions_obtained":[{"floor":3.0,"key":"SteroidPotion"},{"floor":5.0,"key":"GamblersBrew"},{"floor":13.0,"key":"EssenceOfSteel"},{"floor":18.0,"key":"GamblersBrew"},{"floor":23.0,"key":"BloodPotion"},{"floor":25.0,"key":"AttackPotion"},{"floor":30.0,"key":"Fire Potion"},{"floor":33,"key":"Explosive Potion"},{"floor":35,"key":"Regen Potion"},{"floor":39,"key":"Block Potion"}],"is_trial":false,"path_per_floor":["M","?","M","?","M","E","M","E","T","M","T","?","E","$","R","B",null,"M","?","M","$","?","E","R","M","T","?","E","M","M","$","R","B",null,"M","?","?","?","M","R","E","R","T","E","?","E","$","E","R","B",null],"character_chosen":"IRONCLAD","items_purchased":["Ice Cream","HandDrill","Feed","Anger","Lantern","Limit Break"],"campfire_rested":3,"item_purchase_floors":[14,14,14,14,31,47],"current_hp_per_floor":[67,67,72,61,67,43,42,16,16,18,18,18,18,18,39,12,72,51,44,45,45,45,43,43,36,36,42,34,27,24,24,50,14,88,78,73,53,60,59,59,50,81,81,67,62,56,56,51,51,23],"gold":170,"neow_bonus":"TWO_FIFTY_GOLD","is_prod":false,"is_daily":false,"chose_seed":false,"campfire_upgraded":3,"win_rate":0,"timestamp":1558852346,"path_taken":["M","?","M","?","M","E","M","E","T","M","?","?","E","$","R","BOSS","M","?","M","?","?","E","R","M","T","?","E","M","M","$","R","BOSS","M","?","?","?","?","R","E","R","T","E","?","E","$","E","R","BOSS"],"build_version":"2019-01-23","purchased_purges":3,"victory":true,"max_hp_per_floor":[72,72,72,72,72,72,72,72,72,72,72,72,72,72,72,72,72,72,72,72,72,72,82,82,82,82,85,88,88,88,88,88,88,88,88,92,92,99,102,102,105,105,105,105,105,105,105,105,105,105],"card_choices":[{"not_picked":["Warcry","Fire Breathing"],"picked":"Clothesline","floor":1.0},{"not_picked":["Sword Boomerang","Havoc"],"picked":"Armaments","floor":3.0},{"not_picked":["Armaments","Sword Boomerang"],"picked":"Hemokinesis","floor":5.0},{"not_picked":["Iron Wave","Evolve"],"picked":"Pommel Strike","floor":6.0},{"not_picked":["Reckless Charge","Warcry","Body Slam"],"picked":"SKIP","floor":7.0},{"not_picked":["Anger","Fire Breathing"],"picked":"Juggernaut","floor":8.0},{"not_picked":["Flex","Clash","Burning Pact"],"picked":"SKIP","floor":10.0},{"not_picked":["True Grit","Flex"],"picked":"Armaments","floor":13.0},{"not_picked":["Berserk","Dark Embrace"],"picked":"Bludgeon","floor":16.0},{"not_picked":["Power Through+1","Dual Wield+1","Burning Pact"],"picked":"SKIP","floor":18.0},{"not_picked":["Headbutt","Dropkick"],"picked":"Seeing Red+1","floor":20.0},{"not_picked":["Entrench+1","Rampage","Evolve"],"picked":"SKIP","floor":23.0},{"not_picked":["Twin Strike","Havoc","Berserk"],"picked":"SKIP","floor":25.0},{"not_picked":["Iron Wave","Perfected Strike"],"picked":"Twin Strike+1","floor":27.0},{"not_picked":["Burning Pact","Havoc"],"picked":"Thunderclap+1","floor":28.0},{"not_picked":["Metallicize","Body Slam","Clash+1"],"picked":"SKIP","floor":29.0},{"not_picked":["Heavy Blade+1","Twin Strike+1"],"picked":"Sword Boomerang+1","floor":30.0},{"not_picked":["Impervious","Double Tap"],"picked":"Offering","floor":33},{"not_picked":["Wild Strike+1","Rupture+1"],"picked":"Seeing Red","floor":35},{"not_picked":["Power Through+1","Havoc"],"picked":"Shrug It Off+1","floor":36},{"not_picked":["Cleave+1","Fire Breathing+1"],"picked":"Metallicize+1","floor":39},{"not_picked":["Whirlwind+1","Clash","Sword Boomerang+1"],"picked":"SKIP","floor":41},{"not_picked":["Clothesline","Flex"],"picked":"Offering","floor":44},{"not_picked":["Madness","Impatience"],"picked":"Dark Shackles","floor":45},{"not_picked":["Panacea","Dark Shackles"],"picked":"Purity","floor":45},{"not_picked":["Flex+1","Rage","Thunderclap"],"picked":"SKIP","floor":46},{"not_picked":["Dual Wield","Warcry+1","Thunderclap+1"],"picked":"SKIP","floor":48}],"player_experience":257029,"relics_obtained":[{"floor":6.0,"key":"Gambling Chip"},{"floor":8.0,"key":"Bronze Scales"},{"floor":9.0,"key":"Bag of Preparation"},{"floor":11.0,"key":"War Paint"},{"floor":13.0,"key":"Red Skull"},{"floor":23.0,"key":"Pear"},{"floor":26.0,"key":"Blue Candle"},{"floor":27.0,"key":"Red Mask"},{"floor":28.0,"key":"Bottled Flame"},{"floor":36,"key":"Ginger"},{"floor":37,"key":"Bird Faced Urn"},{"floor":41,"key":"Mummified Hand"},{"floor":44,"key":"Du-Vu Doll"},{"floor":46,"key":"Nunchaku"},{"floor":48,"key":"Kunai"}],"event_choices":[{"damage_healed":0.0,"max_hp_gain":0.0,"max_hp_loss":0.0,"gold_gain":0.0,"cards_transformed":["Strike_R"],"event_name":"Living Wall","player_choice":"Change","floor":2.0,"gold_loss":0.0,"damage_taken":0.0,"cards_obtained":["Reckless Charge"]},{"damage_healed":0.0,"max_hp_gain":0.0,"max_hp_loss":0.0,"gold_gain":75.0,"event_name":"World of Goop","player_choice":"Gather Gold","floor":4.0,"gold_loss":0.0,"damage_taken":11.0},{"damage_healed":0.0,"max_hp_gain":0.0,"max_hp_loss":0.0,"gold_gain":175.0,"event_name":"Liars Game","player_choice":"AGREE","floor":12.0,"gold_loss":0.0,"damage_taken":0.0,"cards_obtained":["Doubt"]},{"damage_healed":0.0,"max_hp_gain":0.0,"max_hp_loss":0.0,"gold_gain":0.0,"event_name":"Knowing Skull","player_choice":"","floor":19.0,"potions_obtained":[],"gold_loss":0.0,"damage_taken":7.0,"cards_obtained":[]},{"damage_healed":0.0,"max_hp_gain":0.0,"max_hp_loss":0.0,"gold_gain":0.0,"event_name":"Vampires","player_choice":"Ignored","floor":22.0,"gold_loss":0.0,"damage_taken":0.0},{"damage_healed":0.0,"max_hp_gain":0.0,"max_hp_loss":0.0,"gold_gain":0.0,"event_name":"Masked Bandits","player_choice":"Fought Bandits","floor":27.0,"gold_loss":0.0,"damage_taken":0.0},{"damage_healed":0,"gold_gain":0,"player_choice":"Fight","damage_taken":0,"max_hp_gain":0,"max_hp_loss":0,"event_name":"MindBloom","floor":36,"gold_loss":0},{"damage_healed":0,"gold_gain":0,"player_choice":"Fight","damage_taken":0,"max_hp_gain":0,"max_hp_loss":0,"event_name":"Mysterious Sphere","floor":37,"gold_loss":0},{"damage_healed":0,"gold_gain":0,"player_choice":"Gave Potion","damage_taken":0,"relics_obtained":["Strawberry"],"max_hp_gain":0,"max_hp_loss":0,"event_name":"WeMeetAgain","floor":38,"gold_loss":0},{"damage_healed":0,"gold_gain":0,"player_choice":"Memory 2","damage_taken":5,"max_hp_gain":0,"max_hp_loss":0,"event_name":"SensoryStone","floor":45,"gold_loss":0}],"is_beta":false,"boss_relics":[{"not_picked":["Pandora\u0027s Box","Philosopher\u0027s Stone"],"picked":"Velvet Choker"},{"not_picked":["Calling Bell","Tiny House"],"picked":"Runic Pyramid"}],"items_purged_floors":[14,21,47],"is_endless":false,"potions_floor_spawned":[3,5,13,18,23,25,30,33,35,39,44,46],"ascension_level":1}