{"gold_per_floor":[111,111,111,186,35,78,78,78,78,109,109,109,153,171,171,291,291,306,324,349,368,368],"floor_reached":22,"playtime":1216,"items_purged":["Regret"],"score":222,"play_id":"226af75a-fcaf-4428-a46c-5a98ff677184","local_time":"20190505121038","is_ascension_mode":true,"campfire_choices":[{"floor":8,"key":"REST"},{"floor":11,"key":"REST"},{"floor":15,"key":"REST"}],"neow_cost":"NONE","seed_source_timestamp":1082404601960043,"circlet_count":0,"master_deck":["Strike_B","Strike_B","Defend_B","Defend_B","Defend_B","Zap+1","Dualcast+1","Echo Form+1","Streamline+1","Recycle+1","Sweeping Beam","Melter","Sunder","Conserve Battery","Rainbow","Gash"],"relics":["Astrolabe","Boot","Golden Idol","Dream Catcher","Mummified Hand","PreservedInsect","War Paint","Sozu"],"potions_floor_usage":[14,16],"damage_taken":[{"damage":8,"enemies":"2 Louse","floor":1,"turns":3},{"damage":36,"enemies":"3 Sentries","floor":6,"turns":7},{"damage":25,"enemies":"Gremlin Nob","floor":10,"turns":4},{"damage":31,"enemies":"3 Sentries","floor":13,"turns":5},{"damage":0,"enemies":"Jaw Worm","floor":14,"turns":2},{"damage":24,"enemies":"The Guardian","floor":16,"turns":8},{"damage":13,"enemies":"Chosen","floor":18,"turns":5},{"damage":28,"enemies":"3 Byrds","floor":19,"turns":4},{"damage":8,"enemies":"Centurion and Healer","floor":20,"turns":5},{"damage":7,"enemies":"Snecko","floor":21,"turns":4},{"damage":19,"enemies":"Snake Plant","floor":22,"turns":1}],"seed_played":"-3925822116787129924","potions_obtained":[{"floor":10,"key":"SkillPotion"},{"floor":14,"key":"Regen Potion"}],"is_trial":false,"path_per_floor":["M","?","?","?","$","E","$","R","T","E","R","?","E","M","R","B",null,"M","M","M","M","M"],"character_chosen":"DEFECT","items_purchased":["Melter"],"campfire_rested":3,"item_purchase_floors":[5],"current_hp_per_floor":[67,67,67,56,56,20,20,42,42,17,39,39,8,8,30,21,75,62,34,26,19,0],"gold":368,"neow_bonus":"BOSS_RELIC","is_prod":false,"is_daily":false,"chose_seed":false,"campfire_upgraded":0,"win_rate":0,"timestamp":1557022238,"path_taken":["M","?","?","?","$","E","?","R","T","E","R","?","E","M","R","BOSS","M","M","M","M","M"],"build_version":"2019-01-23","purchased_purges":1,"victory":false,"max_hp_per_floor":[75,75,75,75,75,75,75,75,75,75,75,75,75,75,75,75,75,75,75,75,75,75],"card_choices":[{"not_picked":["Turbo","Loop"],"picked":"Sweeping Beam","floor":1},{"not_picked":["Reboot","Chill","Blizzard"],"picked":"SKIP","floor":6},{"not_picked":["Coolheaded","Cold Snap"],"picked":"Sunder","floor":8},{"not_picked":["Melter","Sweeping Beam","Turbo"],"picked":"SKIP","floor":10},{"not_picked":["Darkness","Steam","Hologram"],"picked":"SKIP","floor":13},{"not_picked":["Undo","Force Field"],"picked":"Conserve Battery","floor":14},{"not_picked":["Meteor Strike","Seek"],"picked":"Rainbow","floor":16},{"not_picked":["Coolheaded","White Noise"],"picked":"Gash","floor":18},{"not_picked":["Stack","Beam Cell+1","Hologram+1"],"picked":"SKIP","floor":19},{"not_picked":["Cold Snap","Barrage+1","Hologram"],"picked":"SKIP","floor":20},{"not_picked":["Streamline","Cold Snap+1","Genetic Algorithm"],"picked":"SKIP","floor":21}],"player_experience":363215,"relics_obtained":[{"floor":6,"key":"Dream Catcher"},{"floor":9,"key":"Mummified Hand"},{"floor":10,"key":"PreservedInsect"},{"floor":13,"key":"War Paint"}],"event_choices":[{"damage_healed":0,"gold_gain":0,"player_choice":"Box","damage_taken":0,"relics_obtained":["Boot"],"max_hp_gain":0,"max_hp_loss":0,"event_name":"Big Fish","floor":2,"gold_loss":0,"cards_obtained":["Regret"]},{"damage_healed":0,"gold_gain":0,"player_choice":"Take Wound","damage_taken":0,"relics_obtained":["Golden Idol"],"max_hp_gain":0,"max_hp_loss":0,"event_name":"Golden Idol","floor":3,"gold_loss":0,"cards_obtained":["Injury"]},{"damage_healed":0,"gold_gain":75,"player_choice":"Gather Gold","damage_taken":11,"max_hp_gain":0,"max_hp_loss":0,"event_name":"World of Goop","floor":4,"gold_loss":0},{"cards_removed":["Injury"],"damage_healed":0,"gold_gain":0,"player_choice":"Forget","damage_taken":0,"max_hp_gain":0,"max_hp_loss":0,"event_name":"Living Wall","floor":12,"gold_loss":0}],"is_beta":false,"boss_relics":[{"not_picked":["Velvet Choker","Ectoplasm"],"picked":"Sozu"}],"items_purged_floors":[5],"is_endless":false,"potions_floor_spawned":[10,14,18,21],"killed_by":"Snake Plant","ascension_level":2}