{"gold_per_floor":[114,127,127,139,139,139,139,139,165,184,213,178,178,208,208,307,307,317,317,317,328,328,354,354,354,354,369,385,385,419,419],"floor_reached":31,"playtime":1172,"items_purged":[],"score":295,"play_id":"8933c801-07de-4edd-892f-dd11448560a2","local_time":"20190330143526","is_ascension_mode":true,"campfire_choices":[{"data":"Capacitor","floor":6,"key":"SMITH"},{"data":"Cold Snap","floor":8,"key":"SMITH"},{"floor":15,"key":"REST"},{"floor":25,"key":"REST"},{"data":"Defragment","floor":29,"key":"SMITH"}],"neow_cost":"NONE","seed_source_timestamp":761736542971822,"circlet_count":0,"master_deck":["Strike_B","Strike_B+1","Strike_B","Strike_B+1","Defend_B","Defend_B","Defend_B","Defend_B","Zap+1","Dualcast","Cold Snap+1","Capacitor+1","Defragment+1","Electrodynamics","Ball Lightning","Capacitor","Ball Lightning+1","Machine Learning"],"relics":["Cracked Core","NeowsBlessing","Regal Pillow","Bronze Scales","Symbiotic Virus","Boot","Sozu","Gremlin Horn","Whetstone","Omamori","Kunai"],"potions_floor_usage":[],"damage_taken":[{"damage":0,"enemies":"Cultist","floor":1,"turns":1},{"damage":0,"enemies":"Small Slimes","floor":2,"turns":1},{"damage":0,"enemies":"Jaw Worm","floor":4,"turns":1},{"damage":19,"enemies":"Large Slime","floor":10,"turns":6},{"damage":15,"enemies":"3 Sentries","floor":11,"turns":7},{"damage":35,"enemies":"Gremlin Nob","floor":14,"turns":5},{"damage":36,"enemies":"Hexaghost","floor":16,"turns":9},{"damage":6,"enemies":"Shell Parasite","floor":18,"turns":4},{"damage":10,"enemies":"Spheric Guardian","floor":21,"turns":4},{"damage":43,"enemies":"Slavers","floor":23,"turns":4},{"damage":3,"enemies":"3 Cultists","floor":27,"turns":3},{"damage":5,"enemies":"Sentry and Sphere","floor":28,"turns":3},{"damage":50,"enemies":"Book of Stabbing","floor":30,"turns":5},{"damage":20,"enemies":"Snecko","floor":31,"turns":3}],"seed_played":"-4159805276825606448","potions_obtained":[{"floor":10,"key":"Ancient Potion"},{"floor":11,"key":"Dexterity Potion"},{"floor":16,"key":"Explosive Potion"}],"is_trial":false,"path_per_floor":["M","M","?","M","?","R","$","R","T","M","E","?","T","E","R","B",null,"M","?","?","M","$","E","?","R","T","M","M","R","E","M"],"character_chosen":"DEFECT","items_purchased":[],"campfire_rested":2,"item_purchase_floors":[],"current_hp_per_floor":[75,75,75,75,75,75,75,75,75,56,41,59,59,24,61,25,75,69,69,69,59,59,16,41,75,75,72,67,67,17,0],"gold":419,"neow_bonus":"THREE_ENEMY_KILL","is_prod":false,"is_daily":false,"chose_seed":false,"campfire_upgraded":3,"win_rate":0,"timestamp":1553916926,"path_taken":["M","M","?","M","?","R","?","R","T","M","E","?","?","E","R","BOSS","M","?","?","?","$","E","?","R","T","M","M","R","E","M"],"build_version":"2019-01-23","purchased_purges":0,"victory":false,"max_hp_per_floor":[75,75,75,75,75,75,75,75,75,75,75,75,75,75,75,75,75,75,75,75,75,75,75,75,75,75,75,75,75,75,75],"card_choices":[{"not_picked":["Steam","Lockon"],"picked":"Cold Snap","floor":1},{"not_picked":["Redo","White Noise","Barrage"],"picked":"SKIP","floor":2},{"not_picked":["Barrage","Conserve Battery"],"picked":"Capacitor","floor":4},{"not_picked":["Gash","Hologram","Go for the Eyes"],"picked":"SKIP","floor":10},{"not_picked":["FTL","Beam Cell","Compile Driver"],"picked":"SKIP","floor":11},{"not_picked":["Gash","Double Energy"],"picked":"Defragment","floor":14},{"not_picked":["Amplify","Echo Form"],"picked":"Electrodynamics","floor":16},{"not_picked":["Stack","Gash","Cold Snap"],"picked":"SKIP","floor":18},{"not_picked":["Sweeping Beam","Hologram+1"],"picked":"Ball Lightning","floor":21},{"not_picked":["Fusion","Go for the Eyes+1","Recycle"],"picked":"SKIP","floor":23},{"not_picked":["Heatsinks","Lockon"],"picked":"Capacitor","floor":27},{"not_picked":["Steam+1","Cold Snap"],"picked":"Ball Lightning+1","floor":28},{"not_picked":["Seek","Barrage"],"picked":"Machine Learning","floor":30}],"player_experience":287935,"relics_obtained":[{"floor":9,"key":"Regal Pillow"},{"floor":11,"key":"Bronze Scales"},{"floor":13,"key":"Symbiotic Virus"},{"floor":14,"key":"Boot"},{"floor":23,"key":"Whetstone"},{"floor":26,"key":"Omamori"},{"floor":30,"key":"Kunai"}],"event_choices":[{"damage_healed":0,"gold_gain":0,"player_choice":"Ignored","damage_taken":0,"max_hp_gain":0,"max_hp_loss":0,"event_name":"Golden Wing","floor":3,"gold_loss":0},{"damage_healed":0,"gold_gain":0,"player_choice":"Grow","damage_taken":0,"max_hp_gain":0,"max_hp_loss":0,"event_name":"Living Wall","floor":5,"gold_loss":0,"cards_upgraded":["Zap"]},{"damage_healed":18,"gold_gain":0,"player_choice":"Healed","damage_taken":0,"max_hp_gain":0,"max_hp_loss":0,"event_name":"The Cleric","floor":12,"gold_loss":35},{"damage_healed":0,"gold_gain":0,"player_choice":"Ignored","damage_taken":0,"max_hp_gain":0,"max_hp_loss":0,"event_name":"Ghosts","floor":19,"gold_loss":0},{"damage_healed":0,"gold_gain":0,"player_choice":"Gave Potion","damage_taken":0,"relics_obtained":["Gremlin Horn"],"max_hp_gain":0,"max_hp_loss":0,"event_name":"WeMeetAgain","floor":20,"gold_loss":0},{"damage_healed":25,"gold_gain":0,"player_choice":"Heal","damage_taken":0,"max_hp_gain":0,"max_hp_loss":0,"event_name":"The Library","floor":24,"gold_loss":0}],"is_beta":false,"boss_relics":[{"not_picked":["Pandora\u0027s Box","Lizard Tail"],"picked":"Sozu"}],"items_purged_floors":[],"is_endless":false,"potions_floor_spawned":[10,11,16,23,27,30],"killed_by":"Snecko","ascension_level":1}