{"gold_per_floor":[109,123,138,65,76,108,108,138,162,189,189,189,289,302,302,402,402,415,450,549,561,571,571,596,614,686,431,445,478,496,527,527,629,629,649,649,660,672,480,480,480,480,480,480,430,449,449],"floor_reached":47,"playtime":2393,"items_purged":["Amplify+1","Loop"],"score":556,"play_id":"183cd64a-8bd4-401e-8820-b8fa7bd9fb71","local_time":"20190504134039","is_ascension_mode":true,"campfire_choices":[{"data":"Static Discharge","floor":7,"key":"SMITH"},{"floor":12,"key":"REST"},{"floor":15,"key":"REST"},{"floor":23,"key":"REST"},{"floor":32,"key":"REST"},{"floor":40,"key":"RECALL"},{"data":"Mayhem","floor":42,"key":"SMITH"},{"floor":44,"key":"REST"}],"neow_cost":"NONE","seed_source_timestamp":1000225255795664,"circlet_count":0,"master_deck":["Strike_B","Defend_B","Defend_B","Defend_B","Defend_B","Zap","Dualcast","Cold Snap","Gash","Static Discharge+1","Static Discharge","Gash","Ball Lightning","Electrodynamics","Self Repair+1","Defragment","Gash","Sweeping Beam+1","Auto Shields","Melter","Core Surge","Streamline+1","BootSequence+1","Thunder Strike","Flash of Steel","Mayhem+1"],"relics":["Cracked Core","NeowsBlessing","DataDisk","Dream Catcher","Happy Flower","Smiling Mask","Velvet Choker","Red Mask","Orichalcum","Lee\u0027s Waffle","Lantern","Art of War","Astrolabe","Ancient Tea Set"],"potions_floor_usage":[33,33,47],"damage_taken":[{"damage":0,"enemies":"2 Louse","floor":1,"turns":1},{"damage":0,"enemies":"Cultist","floor":2,"turns":1},{"damage":0,"enemies":"Jaw Worm","floor":3,"turns":1},{"damage":5,"enemies":"Blue Slaver","floor":5,"turns":4},{"damage":20,"enemies":"3 Sentries","floor":6,"turns":6},{"damage":24,"enemies":"Gremlin Nob","floor":8,"turns":4},{"damage":20,"enemies":"Lagavulin","floor":10,"turns":4},{"damage":16,"enemies":"Exordium Thugs","floor":14,"turns":3},{"damage":12,"enemies":"Hexaghost","floor":16,"turns":7},{"damage":19,"enemies":"2 Thieves","floor":18,"turns":2},{"damage":7,"enemies":"Masked Bandits","floor":19,"turns":2},{"damage":0,"enemies":"3 Byrds","floor":21,"turns":3},{"damage":14,"enemies":"Snake Plant","floor":22,"turns":2},{"damage":31,"enemies":"Gremlin Leader","floor":24,"turns":5},{"damage":5,"enemies":"Chosen and Byrds","floor":25,"turns":4},{"damage":12,"enemies":"3 Cultists","floor":28,"turns":3},{"damage":26,"enemies":"Book of Stabbing","floor":29,"turns":5},{"damage":39,"enemies":"Shelled Parasite and Fungi","floor":30,"turns":4},{"damage":32,"enemies":"Gremlin Leader","floor":31,"turns":5},{"damage":44,"enemies":"Collector","floor":33,"turns":7},{"damage":0,"enemies":"3 Shapes","floor":35,"turns":3},{"damage":26,"enemies":"Orb Walker","floor":37,"turns":4},{"damage":20,"enemies":"Writhing Mass","floor":38,"turns":4},{"damage":50,"enemies":"Transient","floor":46,"turns":5},{"damage":20,"enemies":"Maw","floor":47,"turns":2}],"seed_played":"-8140243134205543600","potions_obtained":[{"floor":5,"key":"Explosive Potion"},{"floor":6,"key":"FairyPotion"},{"floor":8,"key":"Ancient Potion"},{"floor":19,"key":"PowerPotion"},{"floor":33,"key":"Ancient Potion"},{"floor":36,"key":"EssenceOfSteel"},{"floor":36,"key":"FocusPotion"}],"is_trial":false,"path_per_floor":["M","M","M","$","M","E","R","E","T","E","$","R","?","M","R","B",null,"M","?","?","M","M","R","E","M","T","$","M","E","M","E","R","B",null,"M","?","M","M","$","R","?","R","T","R","$","M","M"],"character_chosen":"DEFECT","items_purchased":["Static Discharge","Gash","Lee\u0027s Waffle","Thunder Strike"],"campfire_rested":5,"item_purchase_floors":[4,27,27,39],"current_hp_per_floor":[75,75,75,75,70,50,50,26,26,6,6,28,28,12,34,22,75,56,49,49,49,35,57,36,41,41,82,80,64,35,13,37,18,82,82,82,56,46,46,46,36,36,36,60,60,20,0],"gold":449,"neow_bonus":"THREE_ENEMY_KILL","is_prod":false,"is_daily":false,"chose_seed":false,"campfire_upgraded":2,"win_rate":0,"timestamp":1556941239,"path_taken":["M","M","M","$","M","E","R","E","T","E","$","R","?","?","R","BOSS","M","?","?","M","M","R","E","M","T","?","?","E","M","E","R","BOSS","M","?","?","M","$","R","?","R","T","R","?","M","M"],"build_version":"2019-01-23","purchased_purges":2,"victory":false,"max_hp_per_floor":[75,75,75,75,75,75,75,75,75,75,75,75,75,75,75,75,75,75,75,75,75,75,75,75,75,75,82,82,82,82,82,82,82,82,82,82,82,82,82,82,82,82,82,82,82,82,82],"card_choices":[{"not_picked":["Compile Driver","Force Field"],"picked":"Cold Snap","floor":1},{"not_picked":["Capacitor","Genetic Algorithm"],"picked":"Gash","floor":2},{"not_picked":["Steam Power","Heatsinks"],"picked":"Loop","floor":3},{"not_picked":["Capacitor","Sweeping Beam"],"picked":"Static Discharge","floor":5},{"not_picked":["Go for the Eyes","Sweeping Beam","Steam Power"],"picked":"SKIP","floor":6},{"not_picked":["Stack","Redo","Skim"],"picked":"SKIP","floor":8},{"not_picked":["Sweeping Beam","Conserve Battery"],"picked":"Gash","floor":10},{"not_picked":["Sweeping Beam","Conserve Battery"],"picked":"Ball Lightning","floor":12},{"not_picked":["Self Repair","Storm","Hologram"],"picked":"SKIP","floor":14},{"not_picked":["Meteor Strike","Seek"],"picked":"Electrodynamics","floor":16},{"not_picked":["Sweeping Beam","Stack+1","Darkness"],"picked":"SKIP","floor":18},{"not_picked":["Coolheaded","Doom and Gloom"],"picked":"Self Repair+1","floor":21},{"not_picked":["Hologram","Skim","Darkness"],"picked":"SKIP","floor":22},{"not_picked":["Fission","Darkness","Hologram+1"],"picked":"SKIP","floor":24},{"not_picked":["Conserve Battery","Compile Driver"],"picked":"Defragment","floor":25},{"not_picked":["Hologram+1","Blizzard"],"picked":"Sweeping Beam+1","floor":28},{"not_picked":["FTL+1","Rebound"],"picked":"Auto Shields","floor":29},{"not_picked":["FTL","Doom and Gloom","Aggregate+1"],"picked":"SKIP","floor":30},{"not_picked":["Fusion+1","Coolheaded","Leap"],"picked":"SKIP","floor":31},{"not_picked":["Gash","Stack"],"picked":"Melter","floor":32},{"not_picked":["Meteor Strike","Rainbow"],"picked":"Core Surge","floor":33},{"not_picked":["Coolheaded","Rebound","Streamline+1"],"picked":"SKIP","floor":35},{"not_picked":["Steam","Rebound+1","Barrage+1"],"picked":"SKIP","floor":37},{"not_picked":["Steam","Redo+1","Leap"],"picked":"SKIP","floor":38},{"not_picked":["Mind Blast","Finesse"],"picked":"Flash of Steel","floor":41},{"not_picked":["Dramatic Entrance","Panacea"],"picked":"Mayhem","floor":41},{"not_picked":["Ball Lightning+1","Rebound+1","Fusion"],"picked":"SKIP","floor":46}],"player_experience":357994,"relics_obtained":[{"floor":6,"key":"DataDisk"},{"floor":8,"key":"Dream Catcher"},{"floor":9,"key":"Happy Flower"},{"floor":10,"key":"Smiling Mask"},{"floor":19,"key":"Red Mask"},{"floor":24,"key":"Orichalcum"},{"floor":29,"key":"Lantern"},{"floor":31,"key":"Art of War"},{"floor":43,"key":"Ancient Tea Set"}],"event_choices":[{"damage_healed":0,"gold_gain":100,"player_choice":"Pray","damage_taken":0,"max_hp_gain":0,"max_hp_loss":0,"event_name":"Golden Shrine","floor":13,"gold_loss":0},{"damage_healed":0,"gold_gain":0,"player_choice":"Fought Bandits","damage_taken":0,"max_hp_gain":0,"max_hp_loss":0,"event_name":"Masked Bandits","floor":19,"gold_loss":0},{"damage_healed":0,"gold_gain":99,"player_choice":"Stole From Cult","damage_taken":0,"max_hp_gain":0,"max_hp_loss":0,"event_name":"Nest","floor":20,"gold_loss":0},{"damage_healed":0,"gold_gain":0,"player_choice":"Got Potions","damage_taken":0,"max_hp_gain":0,"max_hp_loss":0,"event_name":"Lab","floor":36,"gold_loss":0},{"damage_healed":0,"gold_gain":0,"player_choice":"Memory 3","damage_taken":10,"max_hp_gain":0,"max_hp_loss":0,"event_name":"SensoryStone","floor":41,"gold_loss":0}],"is_beta":false,"boss_relics":[{"not_picked":["Runic Dome","Runic Pyramid"],"picked":"Velvet Choker"},{"not_picked":["Empty Cage","Orrery"],"picked":"Astrolabe"}],"items_purged_floors":[39,45],"is_endless":false,"potions_floor_spawned":[5,6,8,14,16,19,21,22,29,33,37],"killed_by":"Maw","ascension_level":2}