{"gold_per_floor":[110,185,185,200,80,80,80,91,138,138,138,172,185,196,196,294,294,311,311,138,237,248,248,266,266,291,310,326,326,343,368,368,468,468,486,486,486,500,517,517,83,83,108,108,34,34,34,53,53,53],"floor_reached":51,"playtime":3055,"items_purged":["Strike_B","Defend_B","Defend_B"],"score":640,"play_id":"69f14f3a-b3aa-4d19-835a-e5011c9f01b6","local_time":"20190623180322","is_ascension_mode":false,"campfire_choices":[{"floor":6,"key":"REST"},{"floor":11,"key":"REST"},{"floor":15,"key":"REST"},{"floor":25,"key":"REST"},{"floor":29,"key":"REST"},{"floor":32,"key":"REST"},{"floor":40,"key":"REST"},{"data":"Biased Cognition","floor":42,"key":"SMITH"},{"data":"Chrysalis","floor":47,"key":"SMITH"},{"floor":49,"key":"REST"}],"neow_cost":"PERCENT_DAMAGE","seed_source_timestamp":23296903273491,"circlet_count":0,"master_deck":["Strike_B","Strike_B","Defend_B","Zap+1","Dualcast+1","Ball Lightning","Loop","Conserve Battery","Cold Snap","Leap","Barrage","Go for the Eyes","Biased Cognition+1","Doubt","Doubt","Writhe","Consume","Self Repair","Capacitor+1","Melter+1","Barrage+1","Loop","Amplify","Hologram+1","Ball Lightning+1","Undo+1","Lockon","Chrysalis+1"],"relics":["Cracked Core","Gambling Chip","Bag of Preparation","Ginger","Blood Vial","Strawberry","Calling Bell","Orichalcum","Letter Opener","Du-Vu Doll","Ornamental Fan","Art of War","Bottled Lightning","Nuclear Battery","Happy Flower","War Paint","Ancient Tea Set"],"potions_floor_usage":[14,16,33,33,33,50,50,50],"damage_taken":[{"damage":0,"enemies":"2 Louse","floor":1,"turns":2},{"damage":1,"enemies":"Cultist","floor":4,"turns":3},{"damage":4,"enemies":"Jaw Worm","floor":8,"turns":3},{"damage":17,"enemies":"Lagavulin","floor":12,"turns":6},{"damage":2,"enemies":"Exordium Thugs","floor":13,"turns":5},{"damage":0,"enemies":"Large Slime","floor":14,"turns":4},{"damage":66,"enemies":"The Guardian","floor":16,"turns":11},{"damage":24,"enemies":"2 Thieves","floor":18,"turns":4},{"damage":0,"enemies":"Shell Parasite","floor":22,"turns":6},{"damage":26,"enemies":"Snake Plant","floor":24,"turns":5},{"damage":27,"enemies":"Centurion and Healer","floor":27,"turns":13},{"damage":12,"enemies":"Cultist and Chosen","floor":28,"turns":5},{"damage":2,"enemies":"Snecko","floor":30,"turns":4},{"damage":41,"enemies":"Book of Stabbing","floor":31,"turns":6},{"damage":44,"enemies":"Automaton","floor":33,"turns":9},{"damage":12,"enemies":"Orb Walker","floor":35,"turns":3},{"damage":24,"enemies":"3 Shapes","floor":38,"turns":4},{"damage":29,"enemies":"Spire Growth","floor":39,"turns":5},{"damage":15,"enemies":"Writhing Mass","floor":48,"turns":5},{"damage":56,"enemies":"Time Eater","floor":50,"turns":11}],"seed_played":"-1604884867863460986","potions_obtained":[{"floor":1,"key":"Poison Potion"},{"floor":8,"key":"AttackPotion"},{"floor":13,"key":"AttackPotion"},{"floor":27,"key":"Dexterity Potion"},{"floor":28,"key":"AttackPotion"},{"floor":30,"key":"EssenceOfSteel"},{"floor":35,"key":"Weak Potion"},{"floor":37,"key":"FearPotion"},{"floor":37,"key":"SteroidPotion"}],"is_trial":false,"path_per_floor":["M","?","?","M","$","R","?","M","T","?","R","E","M","M","R","B",null,"M","?","$","?","M","?","M","R","T","M","M","R","M","E","R","B",null,"M","?","?","M","M","R","$","R","T","?","$","?","R","M","R","B",null],"character_chosen":"DEFECT","items_purchased":["Conserve Battery","Self Repair","Happy Flower","War Paint","Lockon"],"campfire_rested":8,"item_purchase_floors":[5,20,41,41,45],"current_hp_per_floor":[54,43,25,24,24,46,46,42,42,42,64,56,56,58,82,16,82,58,58,58,58,67,51,34,60,60,42,39,65,72,40,66,31,87,82,82,82,67,54,80,80,80,80,80,80,80,80,74,87,38],"gold":53,"neow_bonus":"ONE_RARE_RELIC","is_prod":false,"is_daily":false,"chose_seed":false,"campfire_upgraded":2,"win_rate":0.0,"timestamp":1561327402,"path_taken":["M","?","?","M","$","R","?","?","T","?","R","E","M","M","R","BOSS","M","?","$","?","M","?","M","R","T","M","M","R","M","E","R","BOSS","M","?","?","?","M","R","$","R","T","?","?","?","R","M","R","BOSS"],"build_version":"2019-01-23","purchased_purges":3,"victory":true,"max_hp_per_floor":[75,75,75,75,75,75,75,75,75,75,75,82,82,82,82,82,82,82,82,82,82,82,87,87,87,87,87,87,87,87,87,87,87,87,87,87,87,87,87,87,87,87,87,87,87,87,87,87,87,87],"card_choices":[{"not_picked":["Conserve Battery","Hello World"],"picked":"Ball Lightning","floor":1},{"not_picked":["Barrage","Aggregate"],"picked":"Loop","floor":4},{"not_picked":["Barrage","Redo"],"picked":"Cold Snap","floor":8},{"not_picked":["Stack","Reboot"],"picked":"Leap","floor":12},{"not_picked":["Compile Driver","Sweeping Beam"],"picked":"Barrage","floor":13},{"not_picked":["Static Discharge","Stack"],"picked":"Go for the Eyes","floor":14},{"not_picked":["Reboot","Rainbow"],"picked":"Biased Cognition","floor":16},{"not_picked":["Leap+1","Steam"],"picked":"Consume","floor":18},{"not_picked":["Gash","Chill+1"],"picked":"Capacitor+1","floor":22},{"not_picked":["Aggregate","Leap","Hello World"],"picked":"SKIP","floor":24},{"not_picked":["Consume","Leap"],"picked":"Melter+1","floor":27},{"not_picked":["Rebound","Streamline"],"picked":"Barrage+1","floor":28},{"not_picked":["Rebound","Compile Driver"],"picked":"Loop","floor":30},{"not_picked":["Streamline+1","Ball Lightning","Cold Snap"],"picked":"SKIP","floor":31},{"not_picked":["Multi-Cast","All For One"],"picked":"Amplify","floor":33},{"not_picked":["Beam Cell","Glacier"],"picked":"Hologram+1","floor":35},{"not_picked":["Rip and Tear","Hologram"],"picked":"Ball Lightning+1","floor":38},{"not_picked":["Conserve Battery+1","Sweeping Beam"],"picked":"Undo+1","floor":39},{"not_picked":["Master of Strategy","Panacea"],"picked":"Chrysalis","floor":46},{"not_picked":["Rebound+1","Melter+1","Genetic Algorithm+1"],"picked":"SKIP","floor":48}],"player_experience":162155,"relics_obtained":[{"floor":9,"key":"Blood Vial"},{"floor":12,"key":"Strawberry"},{"floor":17,"key":"Orichalcum"},{"floor":17,"key":"Letter Opener"},{"floor":17,"key":"Du-Vu Doll"},{"floor":19,"key":"Ornamental Fan"},{"floor":26,"key":"Art of War"},{"floor":31,"key":"Bottled Lightning"},{"floor":43,"key":"Ancient Tea Set"}],"event_choices":[{"damage_healed":0,"gold_gain":75,"player_choice":"Gather Gold","damage_taken":11,"max_hp_gain":0,"max_hp_loss":0,"event_name":"World of Goop","floor":2,"gold_loss":0},{"damage_healed":0,"gold_gain":0,"player_choice":"Success","damage_taken":18,"relics_obtained":["Bag of Preparation"],"max_hp_gain":0,"max_hp_loss":0,"event_name":"Scrap Ooze","floor":3,"gold_loss":0},{"damage_healed":0,"gold_gain":0,"player_choice":"Gave Potion","damage_taken":0,"relics_obtained":["Ginger"],"max_hp_gain":0,"max_hp_loss":0,"event_name":"WeMeetAgain","floor":7,"gold_loss":0},{"cards_removed":["Strike_B"],"damage_healed":0,"gold_gain":0,"player_choice":"Offered Basic","damage_taken":0,"max_hp_gain":0,"max_hp_loss":0,"event_name":"Bonfire Elementals","floor":10,"gold_loss":0},{"damage_healed":0,"gold_gain":0,"player_choice":"Relic","damage_taken":0,"max_hp_gain":0,"max_hp_loss":0,"event_name":"Wheel of Change","floor":19,"gold_loss":0},{"damage_healed":0,"gold_gain":99,"player_choice":"Stole From Cult","damage_taken":0,"max_hp_gain":0,"max_hp_loss":0,"event_name":"Nest","floor":21,"gold_loss":0},{"damage_healed":0,"gold_gain":0,"player_choice":"Shed Blood","damage_taken":21,"max_hp_gain":5,"max_hp_loss":0,"event_name":"Forgotten Altar","floor":23,"gold_loss":0},{"cards_removed":["Defend_B"],"damage_healed":0,"gold_gain":0,"player_choice":"Removed Skill","damage_taken":0,"max_hp_gain":0,"max_hp_loss":0,"event_name":"Falling","floor":36,"gold_loss":0},{"damage_healed":0,"gold_gain":0,"player_choice":"Got Potions","damage_taken":0,"max_hp_gain":0,"max_hp_loss":0,"event_name":"Lab","floor":37,"gold_loss":0},{"damage_healed":0,"gold_gain":0,"player_choice":"Ignored","damage_taken":0,"max_hp_gain":0,"max_hp_loss":0,"event_name":"Mysterious Sphere","floor":44,"gold_loss":0},{"damage_healed":0,"gold_gain":0,"player_choice":"Memory 1","damage_taken":0,"max_hp_gain":0,"max_hp_loss":0,"event_name":"SensoryStone","floor":46,"gold_loss":0}],"is_beta":false,"boss_relics":[{"not_picked":["Philosopher\u0027s Stone","Coffee Dripper"],"picked":"Calling Bell"},{"not_picked":["FrozenCore","Orrery"],"picked":"Nuclear Battery"}],"items_purged_floors":[5,20,41],"is_endless":false,"potions_floor_spawned":[1,8,13,27,28,30,35],"ascension_level":0}