{"path_per_floor":["M","M","?","$","M","E","?","E","T","R","M","M","M","$","R","B",null,"M","M","?","M","M"],"character_chosen":"IRONCLAD","items_purchased":["Letter Opener","Armaments","Juzu Bracelet"],"gold_per_floor":[363,379,379,62,79,104,104,131,158,158,178,195,212,18,18,123,123,139,150,150,162,175],"floor_reached":23,"campfire_rested":1,"playtime":2786,"current_hp_per_floor":[46,52,52,52,54,37,63,22,22,46,49,51,35,35,35,23,80,66,62,62,63,45],"items_purged":["Strike_R"],"gold":175,"play_id":"3a695d77-5d01-48fd-8c3b-99c7342ffd31","is_prod":false,"is_daily":false,"is_ascension_mode":false,"campfire_upgraded":1,"path_taken":["M","M","?","?","M","E","?","E","T","R","M","?","M","$","R","BOSS","M","M","?","M","M","E"],"build_version":"2018-02-01-PROD3","purchased_purges":1,"victory":false,"master_deck":["Strike_R","Strike_R","Defend_R","Defend_R","Defend_R","Defend_R","Bash","Rage","Fire Breathing","Metallicize","Offering","Uppercut","Cleave","Spot Weakness","Headbutt","Reaper","Armaments+1","Dark Embrace","Metallicize+1","Shockwave","Shrug It Off","Fiend Fire","Pommel Strike"],"max_hp_per_floor":[80,80,80,80,80,80,80,80,80,80,80,80,80,80,80,80,80,80,80,80,80,80],"relics":["Burning Blood","Letter Opener","Prayer Wheel","Ancient Tea Set","Bag of Marbles","Juzu Bracelet","White Beast Statue"],"card_choices":[{"not_picked":["Burning Pact","Heavy Blade"],"picked":"Rage"},{"not_picked":["Thunderclap","Sever Soul"],"picked":"Fire Breathing"},{"not_picked":["Sword Boomerang","True Grit"],"picked":"Metallicize"},{"not_picked":["Perfected Strike","Cleave"],"picked":"Offering"},{"not_picked":["Intimidate","Headbutt"],"picked":"Uppercut"},{"not_picked":["Sentinel","Thunderclap"],"picked":"Cleave"},{"not_picked":["Wild Strike","Clothesline"],"picked":"Spot Weakness"},{"not_picked":["Pummel","Dual Wield"],"picked":"Headbutt"},{"not_picked":["Warcry","Flex"],"picked":"Reaper"},{"not_picked":["Juggernaut","Double Tap"],"picked":"Dark Embrace"},{"not_picked":["Pommel Strike","Bloodletting"],"picked":"Metallicize"},{"not_picked":["Cleave","Wild Strike"],"picked":"Shockwave"},{"not_picked":["Warcry","Sentinel"],"picked":"Fiend Fire"},{"not_picked":["Armaments","Warcry"],"picked":"Pommel Strike"}],"player_experience":109365,"potions_floor_usage":[6,6,16,21,22,23],"damage_taken":[{"damage":0,"enemies":"2 Louse","floor":1,"turns":4},{"damage":0,"enemies":"Cultist","floor":2,"turns":3},{"damage":4,"enemies":"Blue Slaver","floor":5,"turns":7},{"damage":23,"enemies":"Gremlin Nob","floor":6,"turns":6},{"damage":47,"enemies":"Lagavulin","floor":8,"turns":13},{"damage":3,"enemies":"2 Fungi Beasts","floor":11,"turns":3},{"damage":4,"enemies":"3 Louse","floor":12,"turns":1},{"damage":22,"enemies":"Exordium Wildlife","floor":13,"turns":6},{"damage":24,"enemies":"Hexaghost","floor":16,"turns":12},{"damage":20,"enemies":"Spheric Guardian","floor":18,"turns":7},{"damage":16,"enemies":"Chosen","floor":19,"turns":8},{"damage":17,"enemies":"Snake Plant","floor":21,"turns":5},{"damage":43,"enemies":"Chosen and Byrds","floor":22,"turns":11},{"damage":33,"enemies":"Book of Stabbing","floor":23,"turns":4}],"event_choices":[{"event_name":"Living Wall","player_choice":"Forget","floor":3,"damage_taken":0},{"event_name":"Big Fish","player_choice":"Banana","floor":7,"damage_taken":0},{"event_name":"Transmorgrifier","player_choice":"Transform","floor":20,"damage_taken":0}],"boss_relics":[{"not_picked":["Orrery","Philosopher\u0027s Stone"],"picked":"White Beast Statue"}],"potions_floor_spawned":[2,5,12,18,19,21,22],"seed_played":"1288825005827972794","killed_by":"Book of Stabbing","ascension_level":0,"is_trial":false}