{"path_per_floor":["M","M","M","M","?","R","E","R","T","?","?","$","M","M","R","B",null,"M","M","M","$"],"character_chosen":"IRONCLAD","items_purchased":["Purity","Deep Breath"],"gold_per_floor":[113,130,143,156,106,106,132,132,132,132,307,130,141,153,153,250,250,261,274,284,194],"floor_reached":22,"campfire_rested":1,"playtime":3227,"current_hp_per_floor":[72,72,72,72,72,72,48,48,48,48,48,48,43,43,64,27,72,46,39,30,30],"items_purged":["Doubt"],"gold":194,"play_id":"b81dcf20-f34b-4784-b1ea-5c8207108a8b","is_prod":false,"is_daily":false,"is_ascension_mode":false,"campfire_upgraded":2,"path_taken":["M","M","M","M","?","R","E","R","T","?","?","$","M","M","R","BOSS","M","M","M","$","M"],"build_version":"2018-02-01-PROD3","purchased_purges":2,"victory":false,"master_deck":["Bash","Shrug It Off","Cleave","Flex+1","Headbutt+1","Body Slam","Purity","Clash","Heavy Blade","Impervious","Flex","Anger","Twin Strike","Flex","Twin Strike","Headbutt","Uppercut+1","Warcry","Deep Breath"],"max_hp_per_floor":[72,72,72,72,72,72,72,72,72,72,72,72,72,72,72,72,72,72,72,72,72],"relics":["Burning Blood","Oddly Smooth Stone","Juzu Bracelet","Pandora\u0027s Box"],"card_choices":[{"not_picked":["Disarm","Body Slam"],"picked":"Shrug It Off"},{"not_picked":["Thunderclap","Reckless Charge"],"picked":"Cleave"},{"not_picked":["Twin Strike","Headbutt"],"picked":"Flex"},{"not_picked":["Bloodletting","Rage"],"picked":"Headbutt"},{"not_picked":["True Grit","Brutality"],"picked":"Body Slam"},{"not_picked":["Armaments","Twin Strike"],"picked":"Clash"},{"not_picked":["Hemokinesis","Body Slam"],"picked":"Heavy Blade"},{"not_picked":["Brutality","Juggernaut"],"picked":"Impervious"},{"not_picked":["Twin Strike","Spot Weakness"],"picked":"Headbutt"},{"not_picked":["Body Slam","Feel No Pain"],"picked":"Uppercut"},{"not_picked":["Cleave","Iron Wave"],"picked":"Warcry"}],"player_experience":91818,"potions_floor_usage":[16],"damage_taken":[{"damage":3,"enemies":"Cultist","floor":1,"turns":5},{"damage":3,"enemies":"2 Louse","floor":2,"turns":4},{"damage":4,"enemies":"Blue Slaver","floor":3,"turns":6},{"damage":4,"enemies":"Large Slime","floor":4,"turns":5},{"damage":30,"enemies":"Lagavulin","floor":7,"turns":8},{"damage":11,"enemies":"Exordium Thugs","floor":13,"turns":4},{"damage":6,"enemies":"3 Louse","floor":14,"turns":3},{"damage":43,"enemies":"The Guardian","floor":16,"turns":9},{"damage":32,"enemies":"Shell Parasite","floor":18,"turns":4},{"damage":13,"enemies":"3 Byrds","floor":19,"turns":5},{"damage":15,"enemies":"Centurion and Healer","floor":20,"turns":5},{"damage":35,"enemies":"Snake Plant","floor":22,"turns":3}],"event_choices":[{"event_name":"The Cleric","player_choice":"Card Removal","floor":5,"damage_taken":0},{"event_name":"Living Wall","player_choice":"Forget","floor":10,"damage_taken":0},{"event_name":"Liars Game","player_choice":"agreed","floor":11,"damage_taken":0}],"boss_relics":[{"not_picked":["Cursed Key","Astrolabe"],"picked":"Pandora\u0027s Box"}],"potions_floor_spawned":[1,7,13,14,20],"seed_played":"-5053189540753552082","killed_by":"Snake Plant","ascension_level":0,"is_trial":false}