{"gold_per_floor":[118,293,293,312,326,326,353,365,392,417,37,37,50,80,80,184,184,195,213,123,23,41,41,76,76,76,76,107,107,107,118,118,218,218,235,1234,1234,1252,303,316,336,336,384,384,384,384,384,404,404,404],"floor_reached":50,"playtime":2821,"items_purged":["Doubt","Strike_R","Strike_R"],"score":548,"play_id":"662afb99-4bc3-4ecf-9bc0-ab18118bc90f","local_time":"20190623130145","is_ascension_mode":false,"campfire_choices":[{"data":"Anger","floor":6,"key":"SMITH"},{"floor":12,"key":"REST"},{"floor":15,"key":"REST"},{"floor":23,"key":"REST"},{"floor":25,"key":"REST"},{"floor":27,"key":"REST"},{"floor":30,"key":"REST"},{"floor":32,"key":"REST"},{"data":"Flex","floor":42,"key":"SMITH"},{"data":"Metamorphosis","floor":44,"key":"SMITH"},{"floor":46,"key":"REST"},{"floor":49,"key":"REST"}],"neow_cost":"NONE","seed_source_timestamp":5457814760240,"circlet_count":0,"master_deck":["Strike_R+1","Strike_R","Defend_R","Defend_R","Defend_R","Defend_R","Bash","Anger+1","Clothesline","Cleave","Shockwave","Intimidate","Metamorphosis+1","Enlightenment","Anger","Reaper","Power Through","Anger+1","Wild Strike+1","Twin Strike+1","Bludgeon+1","Anger+1","Normality","Flex+1","Anger+1","Bandage Up","Body Slam+1","Twin Strike+1","Madness","Madness"],"relics":["Black Blood","Strawberry","Bag of Marbles","Red Skull","Happy Flower","Omamori","Gremlin Horn","Philosopher\u0027s Stone","Bronze Scales","Molten Egg 2","Paper Frog","Regal Pillow","Shuriken","Kunai","TheAbacus","Potion Belt"],"potions_floor_usage":[16,16,22,33,33,50,50],"damage_taken":[{"damage":8,"enemies":"Jaw Worm","floor":1,"turns":4},{"damage":7,"enemies":"Small Slimes","floor":4,"turns":4},{"damage":0,"enemies":"Cultist","floor":5,"turns":4},{"damage":34,"enemies":"Lagavulin","floor":7,"turns":8},{"damage":3,"enemies":"Exordium Wildlife","floor":8,"turns":4},{"damage":18,"enemies":"Gremlin Nob","floor":10,"turns":4},{"damage":10,"enemies":"Blue Slaver","floor":13,"turns":3},{"damage":21,"enemies":"Lagavulin","floor":14,"turns":5},{"damage":55,"enemies":"The Guardian","floor":16,"turns":9},{"damage":26,"enemies":"Chosen","floor":18,"turns":5},{"damage":17,"enemies":"Spheric Guardian","floor":19,"turns":4},{"damage":29,"enemies":"3 Cultists","floor":22,"turns":5},{"damage":52,"enemies":"Slavers","floor":24,"turns":6},{"damage":52,"enemies":"Gremlin Leader","floor":28,"turns":5},{"damage":36,"enemies":"Shelled Parasite and Fungi","floor":31,"turns":4},{"damage":87,"enemies":"Champ","floor":33,"turns":11},{"damage":37,"enemies":"3 Darklings","floor":35,"turns":4},{"damage":9,"enemies":"Orb Walker","floor":38,"turns":3},{"damage":36,"enemies":"4 Shapes","floor":40,"turns":4},{"damage":38,"enemies":"Jaw Worm Horde","floor":41,"turns":3},{"damage":22,"enemies":"Spire Growth","floor":48,"turns":4},{"damage":123,"enemies":"Awakened One","floor":50,"turns":9}],"seed_played":"5643413292414514440","potions_obtained":[{"floor":4,"key":"Dexterity Potion"},{"floor":5,"key":"PowerPotion"},{"floor":7,"key":"BloodPotion"},{"floor":19,"key":"SteroidPotion"},{"floor":22,"key":"Weak Potion"},{"floor":35,"key":"EssenceOfSteel"},{"floor":38,"key":"Energy Potion"},{"floor":41,"key":"Regen Potion"}],"is_trial":false,"path_per_floor":["M","?","?","M","M","R","E","M","T","E","$","R","M","E","R","B",null,"M","M","?","$","M","R","E","R","T","R","E","?","R","M","R","B",null,"M","?","?","M","$","M","M","R","T","R","?","R","?","M","R","B"],"character_chosen":"IRONCLAD","items_purchased":["Flex","Metamorphosis","Enlightenment","Shuriken","Kunai","TheAbacus","Anger+1","Bandage Up"],"campfire_rested":9,"item_purchase_floors":[11,11,11,39,39,39,39,39],"current_hp_per_floor":[85,85,78,77,83,83,55,58,58,46,46,72,68,53,79,30,87,67,56,56,56,53,79,33,59,59,85,43,43,84,54,87,11,87,65,65,65,73,73,77,77,77,77,77,66,87,87,75,87,0],"gold":404,"neow_bonus":"RANDOM_COMMON_RELIC","is_prod":false,"is_daily":false,"chose_seed":false,"campfire_upgraded":3,"win_rate":0.0,"timestamp":1561309305,"path_taken":["M","?","?","M","M","R","E","M","T","E","$","R","M","E","R","BOSS","M","M","?","$","?","R","E","R","T","R","E","?","R","M","R","BOSS","M","?","?","M","$","M","M","R","T","R","?","R","?","M","R","BOSS"],"build_version":"2019-01-23","purchased_purges":3,"victory":false,"max_hp_per_floor":[87,87,87,87,87,87,87,87,87,87,87,87,87,87,87,87,87,87,87,87,87,87,87,87,87,87,87,87,87,87,87,87,87,87,87,87,87,87,87,87,87,87,87,87,87,87,87,87,87,87],"card_choices":[{"not_picked":["Twin Strike","Rage"],"picked":"Anger","floor":1},{"not_picked":["Hemokinesis","Fire Breathing"],"picked":"Clothesline","floor":4},{"not_picked":["Entrench","Havoc"],"picked":"Cleave","floor":5},{"not_picked":["True Grit","Heavy Blade"],"picked":"Shockwave","floor":7},{"not_picked":["Thunderclap","Evolve","Clash"],"picked":"SKIP","floor":8},{"not_picked":["Thunderclap","Perfected Strike"],"picked":"Intimidate","floor":10},{"not_picked":["Shrug It Off","Cleave","Blood for Blood"],"picked":"SKIP","floor":13},{"not_picked":["Warcry","Twin Strike"],"picked":"Anger","floor":14},{"not_picked":["Offering","Double Tap"],"picked":"Reaper","floor":16},{"not_picked":["Sword Boomerang","Pommel Strike","True Grit"],"picked":"SKIP","floor":18},{"not_picked":["Dual Wield","True Grit"],"picked":"Power Through","floor":19},{"not_picked":["Rage","Cleave"],"picked":"Anger+1","floor":22},{"not_picked":["Evolve","Dual Wield"],"picked":"Wild Strike+1","floor":24},{"not_picked":["Limit Break","Blood for Blood+1","Sentinel"],"picked":"SKIP","floor":28},{"not_picked":["Warcry+1","Intimidate"],"picked":"Twin Strike+1","floor":31},{"not_picked":["Feed+1","Dark Embrace"],"picked":"Bludgeon+1","floor":33},{"not_picked":["Thunderclap+1","Wild Strike+1"],"picked":"Anger+1","floor":35},{"not_picked":["Ghostly Armor+1","Pommel Strike+1"],"picked":"Flex+1","floor":38},{"not_picked":["Perfected Strike+1","Thunderclap+1"],"picked":"Body Slam+1","floor":40},{"not_picked":["Evolve+1","Iron Wave+1"],"picked":"Twin Strike+1","floor":41},{"not_picked":["Power Through+1","Burning Pact","Metallicize+1"],"picked":"SKIP","floor":48}],"player_experience":150910,"relics_obtained":[{"floor":7,"key":"Red Skull"},{"floor":9,"key":"Happy Flower"},{"floor":10,"key":"Omamori"},{"floor":14,"key":"Gremlin Horn"},{"floor":24,"key":"Bronze Scales"},{"floor":26,"key":"Molten Egg 2"},{"floor":28,"key":"Paper Frog"},{"floor":43,"key":"Potion Belt"}],"event_choices":[{"damage_healed":0,"gold_gain":175,"player_choice":"AGREE","damage_taken":0,"max_hp_gain":0,"max_hp_loss":0,"event_name":"Liars Game","floor":2,"gold_loss":0,"cards_obtained":["Doubt"]},{"damage_healed":0,"gold_gain":0,"player_choice":"Success","damage_taken":7,"relics_obtained":["Bag of Marbles"],"max_hp_gain":0,"max_hp_loss":0,"event_name":"Scrap Ooze","floor":3,"gold_loss":0},{"cards_removed":["Strike_R"],"damage_healed":0,"gold_gain":0,"player_choice":"Upgrade and Remove","damage_taken":0,"max_hp_gain":0,"max_hp_loss":0,"event_name":"Designer","floor":20,"gold_loss":90,"cards_upgraded":["Strike_R"]},{"damage_healed":0,"gold_gain":0,"player_choice":"Stole Relic","damage_taken":0,"relics_obtained":["Regal Pillow"],"max_hp_gain":0,"max_hp_loss":0,"event_name":"Addict","floor":29,"gold_loss":0,"cards_obtained":["Shame"]},{"damage_healed":0,"gold_gain":999,"player_choice":"Gold","damage_taken":0,"max_hp_gain":0,"max_hp_loss":0,"event_name":"MindBloom","floor":36,"gold_loss":0,"cards_obtained":["Normality","Normality"]},{"damage_healed":0,"gold_gain":0,"player_choice":"Ignored","damage_taken":0,"max_hp_gain":0,"max_hp_loss":0,"event_name":"Mysterious Sphere","floor":37,"gold_loss":0},{"damage_healed":0,"gold_gain":0,"player_choice":"Embrace Madness","damage_taken":11,"max_hp_gain":0,"max_hp_loss":0,"event_name":"Winding Halls","floor":45,"gold_loss":0,"cards_obtained":["Madness","Madness"]},{"cards_removed":["Flex"],"damage_healed":0,"gold_gain":0,"player_choice":"Removed Skill","damage_taken":0,"max_hp_gain":0,"max_hp_loss":0,"event_name":"Falling","floor":47,"gold_loss":0}],"is_beta":false,"boss_relics":[{"not_picked":["Orrery","Ectoplasm"],"picked":"Philosopher\u0027s Stone"},{"not_picked":["Eternal Feather","Runic Cube"],"picked":"Black Blood"}],"items_purged_floors":[11,21,39],"is_endless":false,"potions_floor_spawned":[4,5,7,13,19,22,35,38,41],"killed_by":"Awakened One","ascension_level":0}