{"gold_per_floor":[110,110,110,121,132,132,166,166,166,22,22,39,39,49,49,49],"floor_reached":16,"playtime":899,"items_purged":[],"score":115,"play_id":"295b14f5-eb84-481e-8fc3-170913844661","local_time":"20190313181630","is_ascension_mode":true,"campfire_choices":[{"data":"Pummel","floor":6,"key":"SMITH"},{"floor":8,"key":"REST"},{"floor":13,"key":"REST"},{"data":"Cleave","floor":15,"key":"SMITH"}],"neow_cost":"NONE","seed_source_timestamp":1021810507832102,"circlet_count":0,"master_deck":["Strike_R","Strike_R","Strike_R","Strike_R","Strike_R","Defend_R+1","Defend_R+1","Defend_R","Defend_R","Bash+1","Cleave+1","Pummel+1"],"relics":["Burning Blood","Mummified Hand","Kunai","War Paint","Omamori"],"potions_floor_usage":[16],"damage_taken":[{"damage":2,"enemies":"2 Louse","floor":1,"turns":2},{"damage":2,"enemies":"Jaw Worm","floor":4,"turns":3},{"damage":0,"enemies":"Small Slimes","floor":5,"turns":3},{"damage":50,"enemies":"Lagavulin","floor":7,"turns":7},{"damage":7,"enemies":"3 Louse","floor":12,"turns":3},{"damage":5,"enemies":"Blue Slaver","floor":14,"turns":4},{"damage":66,"enemies":"Slime Boss","floor":16,"turns":11}],"seed_played":"-7308910087181223979","potions_obtained":[{"floor":4,"key":"Dexterity Potion"},{"floor":5,"key":"GamblersBrew"},{"floor":12,"key":"Block Potion"}],"is_trial":false,"path_per_floor":["M","?","?","M","M","R","E","R","T","$","?","M","R","M","R","B"],"character_chosen":"IRONCLAD","items_purchased":["Omamori"],"campfire_rested":2,"item_purchase_floors":[10],"current_hp_per_floor":[80,47,47,51,57,57,13,37,37,37,37,36,60,61,61,0],"gold":49,"neow_bonus":"THREE_CARDS","is_prod":false,"is_daily":false,"chose_seed":false,"campfire_upgraded":2,"win_rate":0,"timestamp":1552461390,"path_taken":["M","?","?","M","M","R","E","R","T","?","?","M","R","M","R","BOSS"],"build_version":"2019-01-23","purchased_purges":0,"victory":false,"max_hp_per_floor":[80,80,80,80,80,80,80,80,80,80,80,80,80,80,80,80],"card_choices":[{"not_picked":["Havoc","Armaments"],"picked":"Cleave","floor":0},{"not_picked":["Shrug It Off","Havoc"],"picked":"Pummel","floor":1},{"not_picked":["Corruption","Disarm","Havoc"],"picked":"SKIP","floor":4},{"not_picked":["Sever Soul","Headbutt","Iron Wave"],"picked":"SKIP","floor":5},{"not_picked":["Heavy Blade","Second Wind","Sentinel"],"picked":"SKIP","floor":7},{"not_picked":["Warcry","Clash","Iron Wave"],"picked":"SKIP","floor":12},{"not_picked":["Bludgeon","Heavy Blade","Thunderclap"],"picked":"SKIP","floor":14}],"player_experience":221554,"relics_obtained":[{"floor":7,"key":"Kunai"},{"floor":9,"key":"War Paint"}],"event_choices":[{"damage_healed":0,"gold_gain":0,"player_choice":"Success","damage_taken":33,"relics_obtained":["Mummified Hand"],"max_hp_gain":0,"max_hp_loss":0,"event_name":"Scrap Ooze","floor":2,"gold_loss":0},{"damage_healed":0,"gold_gain":0,"player_choice":"Grow","damage_taken":0,"max_hp_gain":0,"max_hp_loss":0,"event_name":"Living Wall","floor":3,"gold_loss":0,"cards_upgraded":["Bash"]},{"damage_healed":0,"gold_gain":0,"player_choice":"Leave","damage_taken":0,"max_hp_gain":0,"max_hp_loss":0,"event_name":"The Cleric","floor":11,"gold_loss":0}],"is_beta":false,"boss_relics":[],"items_purged_floors":[],"is_endless":false,"potions_floor_spawned":[4,5,12],"killed_by":"Slime Boss","ascension_level":3}