{"path_per_floor":["M","M","?","M","M","E","?","M","T","?","R","$","E","M","R"],"character_chosen":"IRONCLAD","items_purchased":["Shrug It Off"],"gold_per_floor":[112,124,124,142,158,187,187,210,210,210,210,109,140,154,154],"floor_reached":16,"campfire_rested":2,"playtime":1754,"current_hp_per_floor":[80,80,80,80,70,63,43,38,38,38,62,62,45,48,72],"items_purged":["Strike_R"],"gold":154,"play_id":"17ee77dc-477e-4f5e-854a-a41f0960354e","is_prod":false,"is_daily":false,"campfire_rituals":0,"campfire_upgraded":0,"is_hardmode":false,"path_taken":["M","M","?","M","M","E","?","M","T","?","R","$","E","?","R","BOSS"],"build_version":"2018-01-18-PROD4","purchased_purges":1,"victory":false,"master_deck":["Strike_R","Strike_R","Strike_R","Defend_R","Defend_R","Defend_R","Defend_R","Bash","Uppercut","Seeing Red","Bash","Armaments","Shrug It Off","Bloodletting","Spot Weakness","Shrug It Off","Metallicize","Inflame"],"max_hp_per_floor":[80,80,80,80,80,80,80,80,80,80,80,80,80,80,80],"relics":["Burning Blood","Toxic Egg","Golden Idol","Unceasing Top","Bottled Lightning"],"campfire_meditates":0,"card_choices":[{"not_picked":["Infernal Blade","Inflame"],"picked":"Uppercut"},{"not_picked":["Headbutt","True Grit"],"picked":"Seeing Red"},{"not_picked":["Flex","Dual Wield"],"picked":"Armaments"},{"not_picked":["Thunderclap","Corruption"],"picked":"Shrug It Off"},{"not_picked":["Pommel Strike","Shockwave"],"picked":"Bloodletting"},{"not_picked":["True Grit","Headbutt"],"picked":"Spot Weakness"},{"not_picked":["Disarm","Bludgeon"],"picked":"Metallicize"},{"not_picked":["Warcry","Pummel"],"picked":"Inflame"}],"player_experience":44450,"potions_floor_usage":[6],"damage_taken":[{"damage":2,"enemies":"2 Louse","floor":1,"turns":4},{"damage":6,"enemies":"Blue Slaver","floor":2,"turns":5},{"damage":1,"enemies":"Jaw Worm","floor":4,"turns":3},{"damage":16,"enemies":"Exordium Thugs","floor":5,"turns":6},{"damage":13,"enemies":"Lagavulin","floor":6,"turns":8},{"damage":11,"enemies":"Red Slaver","floor":8,"turns":5},{"damage":23,"enemies":"3 Sentries","floor":13,"turns":9},{"damage":3,"enemies":"2 Fungi Beasts","floor":14,"turns":6},{"damage":82,"enemies":"Slime Boss","floor":16,"turns":13}],"event_choices":[{"event_name":"Match and Keep!","player_choice":"1 cards matched","floor":3,"damage_taken":0},{"event_name":"Golden Idol","player_choice":"Take Damage","floor":7,"damage_taken":0},{"event_name":"Living Wall","player_choice":"Forget","floor":10,"damage_taken":0}],"boss_relics":[],"potions_floor_spawned":[1,5,14],"seed_played":"-1822927277742871551","killed_by":"Slime Boss","is_trial":false}