{"path_per_floor":["M","?","?","?","$","R","M","$","T","M","M","E","M","M","R","B",null,"M","?","$","M","?","R","$","M","T","M","?","?","M","M","R","B",null,"M","?","$","?","M","R","M","M","T","M","$","R"],"character_chosen":"THE_SILENT","items_purchased":["Dagger Throw","Slice","Flash of Steel","Dagger Spray","Skewer","Noxious Fumes"],"gold_per_floor":[117,117,117,117,16,16,40,40,40,63,79,115,140,153,153,283,283,304,229,20,33,33,33,33,48,48,61,61,61,82,103,103,226,226,249,249,20,20,43,43,66,84,84,97,20,20],"floor_reached":47,"campfire_rested":4,"playtime":5671,"current_hp_per_floor":[68,61,61,61,61,61,61,61,61,61,59,42,42,42,63,59,70,68,68,68,63,63,63,63,36,36,13,13,13,13,13,34,11,70,61,61,61,70,47,68,36,28,28,5,5,26],"items_purged":["Injury","Strike_G","Defend_G"],"gold":20,"play_id":"9ca65551-5eee-40d4-a1e0-1fcb9fda4515","is_prod":false,"is_daily":false,"is_ascension_mode":false,"campfire_upgraded":2,"path_taken":["M","?","?","?","?","R","M","$","T","M","M","E","M","M","R","BOSS","M","?","$","M","?","R","$","M","T","?","?","?","?","M","R","BOSS","M","?","$","?","M","R","M","?","T","M","$","R","E"],"build_version":"2018-02-01-PROD3","purchased_purges":3,"victory":false,"master_deck":["Defend_G","Strike_G","Strike_G","Strike_G","Survivor+1","Neutralize","Dagger Throw","Dagger Spray+1","Dagger Throw","Acrobatics","Backflip","Leg Sweep","Noxious Fumes+1","Infinite Blades","Blur","Dodge and Roll+1","Slice","Flash of Steel","Catalyst","Backflip+1","Deflect","Blur+1","Sucker Punch+1","Envenom","Noxious Fumes","Dagger Spray","Skewer","Writhe","Predator+1","Outmaneuver","Deadly Poison+1","Deflect","Noxious Fumes"],"max_hp_per_floor":[70,70,70,70,70,70,70,70,70,70,70,70,70,70,70,70,70,70,70,70,70,70,70,70,70,70,70,70,70,70,70,70,70,70,70,70,70,70,70,70,70,70,70,70,70,70],"relics":["Ring of the Snake","Golden Idol","Gambling Chip","Ornamental Fan","Nloth\u0027s Gift","Ninja Scroll","Velvet Choker","Oddly Smooth Stone"],"card_choices":[{"not_picked":["Bane","Underhanded Strike"],"picked":"Dagger Spray"},{"not_picked":["Skewer","Underhanded Strike"],"picked":"Acrobatics"},{"not_picked":["PiercingWail","Riddle With Holes"],"picked":"Backflip"},{"not_picked":["Bane","Terror"],"picked":"Leg Sweep"},{"not_picked":["Outmaneuver","Slice"],"picked":"Noxious Fumes"},{"not_picked":["Deadly Poison","Dodge and Roll"],"picked":"Infinite Blades"},{"not_picked":["Catalyst","Bane"],"picked":"Blur"},{"not_picked":["Backflip","Underhanded Strike"],"picked":"Dodge and Roll"},{"not_picked":["All Out Attack","Well Laid Plans"],"picked":"Catalyst"},{"not_picked":["All Out Attack","Flying Knee"],"picked":"Backflip"},{"not_picked":["Bane","Terror"],"picked":"Deflect"},{"not_picked":["Dagger Throw","Bane"],"picked":"Blur"},{"not_picked":["Malaise","Night Terror"],"picked":"Sucker Punch"},{"not_picked":["Burst","A Thousand Cuts"],"picked":"Envenom"},{"not_picked":["Eviscerate","Well Laid Plans"],"picked":"Noxious Fumes"},{"not_picked":["Sucker Punch","Reflex"],"picked":"Predator"},{"not_picked":["Deflect","Finisher"],"picked":"Outmaneuver"},{"not_picked":["PiercingWail","Sucker Punch"],"picked":"Deadly Poison"},{"not_picked":["Bullet Time","Flying Knee"],"picked":"Deflect"}],"player_experience":47898,"potions_floor_usage":[16,16,16,33,33,33],"damage_taken":[{"damage":2,"enemies":"Blue Slaver","floor":1,"turns":5},{"damage":0,"enemies":"Small Slimes","floor":7,"turns":1},{"damage":0,"enemies":"2 Louse","floor":10,"turns":1},{"damage":2,"enemies":"Looter","floor":11,"turns":3},{"damage":17,"enemies":"3 Sentries","floor":12,"turns":9},{"damage":0,"enemies":"Red Slaver","floor":13,"turns":5},{"damage":0,"enemies":"Large Slime","floor":14,"turns":5},{"damage":19,"enemies":"The Guardian","floor":16,"turns":10},{"damage":2,"enemies":"3 Byrds","floor":18,"turns":5},{"damage":5,"enemies":"Chosen","floor":21,"turns":5},{"damage":27,"enemies":"Snecko","floor":25,"turns":7},{"damage":23,"enemies":"Snake Plant","floor":27,"turns":9},{"damage":0,"enemies":"Cultist and Chosen","floor":30,"turns":6},{"damage":0,"enemies":"Chosen and Byrds","floor":31,"turns":6},{"damage":23,"enemies":"Automaton","floor":33,"turns":11},{"damage":9,"enemies":"3 Shapes","floor":35,"turns":6},{"damage":23,"enemies":"3 Darklings","floor":39,"turns":6},{"damage":32,"enemies":"4 Shapes","floor":41,"turns":5},{"damage":8,"enemies":"Maw","floor":42,"turns":8},{"damage":23,"enemies":"3 Darklings","floor":44,"turns":5},{"damage":32,"enemies":"Nemesis","floor":47,"turns":9}],"event_choices":[{"event_name":"Golden Wing","player_choice":"Card Removal","floor":2,"damage_taken":0},{"event_name":"Upgrade Shrine","player_choice":"Upgraded","floor":3,"damage_taken":0},{"event_name":"Golden Idol","player_choice":"Take Wound","floor":4,"damage_taken":0},{"event_name":"Beggar","player_choice":"Gave Gold","floor":19,"damage_taken":0},{"event_name":"N\u0027loth","player_choice":"Traded a The Specimen","floor":22,"damage_taken":0},{"event_name":"Back to Basics","player_choice":"Elegance","floor":28,"damage_taken":0},{"event_name":"Drug Dealer","player_choice":"Ignored","floor":29,"damage_taken":0},{"event_name":"Mysterious Sphere","player_choice":"Ignore","floor":36,"damage_taken":0},{"event_name":"Winding Halls","player_choice":"Writhe","floor":38,"damage_taken":0}],"boss_relics":[{"not_picked":["Black Star","Ectoplasm"],"picked":"The Specimen"},{"not_picked":["Cursed Key","Runic Pyramid"],"picked":"Velvet Choker"}],"potions_floor_spawned":[1,10,14,18,27,31,41,42,44],"seed_played":"-8114398146559113002","killed_by":"Nemesis","ascension_level":0,"is_trial":false}