{"path_per_floor":["M","?","?","M","$","R","M","M","T","M","R","M","R","M","R","B",null,"M","M","?","$","?","R","$","M","T","M","R","M"],"character_chosen":"THE_SILENT","items_purchased":["Good Instincts","Distraction","Quick Slash","Dagger Spray","Outmaneuver"],"gold_per_floor":[218,218,218,242,25,25,40,65,119,132,132,150,150,173,173,292,292,317,337,252,29,29,29,29,47,73,96,96,112],"floor_reached":30,"campfire_rested":2,"playtime":2897,"current_hp_per_floor":[70,70,70,68,68,68,68,67,67,67,67,67,67,67,67,20,70,48,21,28,28,28,51,51,23,23,15,38,25],"items_purged":["Injury","Defend_G"],"gold":112,"play_id":"1649468a-73ba-4cf7-bcc7-856c1f244772","is_prod":false,"is_daily":false,"is_ascension_mode":false,"campfire_upgraded":4,"path_taken":["M","?","?","M","$","R","M","M","T","M","R","M","R","M","R","BOSS","M","M","?","$","?","R","$","?","T","M","R","M","M"],"build_version":"2018-02-01-PROD3","purchased_purges":2,"victory":false,"master_deck":["Defend_G","Defend_G","Defend_G","Strike_G","Strike_G","Strike_G","Survivor","Neutralize","Backflip","Flying Knee+1","Good Instincts+1","Distraction","Footwork","Quick Slash+1","Dodge and Roll","Heel Hook+1","Bullet Time","Burst+1","Dodge and Roll+1","Finisher+1","Endless Agony+1","Cloak And Dagger","Quick Slash","Dagger Spray","Outmaneuver","Finisher+1","Slice","Cloak And Dagger"],"max_hp_per_floor":[70,70,70,70,70,70,70,70,70,70,70,70,70,70,70,70,70,70,70,77,77,77,77,77,77,77,77,77,77],"relics":["Ring of the Snake","Pantograph","Golden Idol","Ancient Tea Set","Astrolabe","Strawberry","Oddly Smooth Stone"],"card_choices":[{"not_picked":["Slice","Caltrops"],"picked":"Backflip"},{"not_picked":["Storm of Steel","Quick Slash"],"picked":"Flying Knee"},{"not_picked":["Prepared","Flying Knee"],"picked":"Footwork"},{"not_picked":["Storm of Steel","PiercingWail"],"picked":"Quick Slash"},{"not_picked":["Poisoned Stab","Caltrops"],"picked":"Dodge and Roll"},{"not_picked":["Accuracy","Dodge and Roll"],"picked":"Heel Hook"},{"not_picked":["Night Terror","Adrenaline"],"picked":"Bullet Time"},{"not_picked":["Sucker Punch","Dagger Spray"],"picked":"Endless Agony"},{"not_picked":["Acrobatics","Deadly Poison"],"picked":"Cloak And Dagger"},{"not_picked":["Bane","Poisoned Stab"],"picked":"Finisher"},{"not_picked":["Prepared","Dodge and Roll"],"picked":"Slice"},{"not_picked":["Leg Sweep","Infinite Blades"],"picked":"Cloak And Dagger"}],"player_experience":80492,"potions_floor_usage":[16,16,27,30],"damage_taken":[{"damage":0.0,"enemies":"Small Slimes","floor":1.0,"turns":4.0},{"damage":2.0,"enemies":"Cultist","floor":4.0,"turns":6.0},{"damage":0.0,"enemies":"2 Louse","floor":7.0,"turns":2.0},{"damage":1.0,"enemies":"Large Slime","floor":8.0,"turns":11.0},{"damage":0,"enemies":"Exordium Thugs","floor":10,"turns":6},{"damage":0,"enemies":"3 Louse","floor":12,"turns":4},{"damage":0,"enemies":"Red Slaver","floor":14,"turns":4},{"damage":50,"enemies":"Hexaghost","floor":16,"turns":16},{"damage":22,"enemies":"Spheric Guardian","floor":18,"turns":8},{"damage":27,"enemies":"Chosen","floor":19,"turns":12},{"damage":28,"enemies":"Snecko","floor":25,"turns":9},{"damage":8,"enemies":"Snake Plant","floor":27,"turns":5},{"damage":13,"enemies":"Centurion and Healer","floor":29,"turns":6},{"damage":55,"enemies":"Chosen and Byrds","floor":30,"turns":7}],"event_choices":[{"event_name":"Wheel of Change","player_choice":"Relic","floor":2.0,"damage_taken":0.0},{"event_name":"Golden Idol","player_choice":"Take Wound","floor":3.0,"damage_taken":0.0},{"event_name":"Addict","player_choice":"Obtained Relic","floor":20,"damage_taken":0},{"event_name":"The Lab","player_choice":"Got Potions","floor":22,"damage_taken":0}],"boss_relics":[{"not_picked":["White Beast Statue","Eternal Feather"],"picked":"Astrolabe"}],"potions_floor_spawned":[4,7,8,14,16,25,29],"seed_played":"-7393070513505810231","killed_by":"Chosen and Byrds","ascension_level":0,"is_trial":false}