{"gold_per_floor":[109,284,284,284,296,328,343,343,388,403,420,35,65,79,79,177,177,189,199,298,32,32,32],"floor_reached":23,"playtime":1868,"items_purged":["Doubt"],"score":231,"play_id":"ecdc1c31-4863-4a5e-ac01-cfdd558762f3","local_time":"20190216160601","is_ascension_mode":true,"campfire_choices":[{"floor":8.0,"key":"REST"},{"floor":15.0,"key":"REST"}],"neow_cost":"NONE","seed_source_timestamp":0,"circlet_count":0,"master_deck":["Strike_B","Strike_B","Strike_B+1","Strike_B","Defend_B","Defend_B","Defend_B","Defend_B","Zap+1","Dualcast","Cold Snap","Conserve Battery","Thunder Strike","Chaos","Gash","Loop","Static Discharge","Loop","Rainbow","Melter"],"special_seed":0,"relics":["Fusion Hammer","Lantern","Blood Vial","Lee\u0027s Waffle","Juzu Bracelet","Centennial Puzzle","Busted Crown","DataDisk"],"potions_floor_usage":[23],"damage_taken":[{"damage":5.0,"enemies":"Small Slimes","floor":1.0,"turns":3.0},{"damage":10.0,"enemies":"Jaw Worm","floor":5.0,"turns":2.0},{"damage":31.0,"enemies":"Gremlin Nob","floor":6.0,"turns":4.0},{"damage":1.0,"enemies":"2 Louse","floor":7.0,"turns":4.0},{"damage":0.0,"enemies":"Gremlin Gang","floor":10.0,"turns":3.0},{"damage":8.0,"enemies":"3 Louse","floor":11.0,"turns":3.0},{"damage":24.0,"enemies":"3 Sentries","floor":13.0,"turns":11.0},{"damage":8.0,"enemies":"Red Slaver","floor":14.0,"turns":4.0},{"damage":35.0,"enemies":"The Guardian","floor":16.0,"turns":12.0},{"damage":33.0,"enemies":"3 Byrds","floor":18.0,"turns":3.0},{"damage":34,"enemies":"2 Thieves","floor":19,"turns":4},{"damage":19,"enemies":"Book of Stabbing","floor":23,"turns":4}],"seed_played":"-7031735307457793596","potions_obtained":[{"floor":7.0,"key":"Explosive Potion"},{"floor":10.0,"key":"SteroidPotion"},{"floor":11.0,"key":"Weak Potion"},{"floor":13.0,"key":"Poison Potion"}],"is_trial":false,"path_per_floor":["M","?","?","?","M","E","M","R","T","M","M","$","E","M","R","B",null,"M","M","?","$","?","E"],"character_chosen":"DEFECT","items_purchased":["Loop","Lee\u0027s Waffle","Juzu Bracelet","DataDisk","Melter"],"campfire_rested":2,"item_purchase_floors":[12,12,12,21,21],"current_hp_per_floor":[70,70,55,75,65,34,33,55,55,57,51,82,58,52,76,43,82,49,17,17,17,17,0],"gold":32,"neow_bonus":"BOSS_RELIC","is_prod":false,"is_daily":false,"chose_seed":false,"campfire_upgraded":0,"win_rate":0,"timestamp":1550293561,"path_taken":["M","?","?","?","M","E","M","R","T","M","M","$","E","M","R","BOSS","M","M","?","?","?","E"],"build_version":"2019-01-23","purchased_purges":1,"victory":false,"max_hp_per_floor":[75,75,75,75,75,75,75,75,75,75,75,82,82,82,82,82,82,82,82,82,82,82,82],"card_choices":[{"not_picked":["Turbo","Coolheaded"],"picked":"Cold Snap","floor":1.0},{"not_picked":["Double Energy","Stack"],"picked":"Conserve Battery","floor":5.0},{"not_picked":["Chill","Chaos"],"picked":"Thunder Strike","floor":6.0},{"not_picked":["Barrage","Steam"],"picked":"Chaos","floor":7.0},{"not_picked":["Multi-Cast","Stack"],"picked":"Gash","floor":10.0},{"not_picked":["Barrage","Aggregate","Streamline"],"picked":"SKIP","floor":11.0},{"not_picked":["Hologram","White Noise"],"picked":"Static Discharge","floor":13.0},{"not_picked":["Beam Cell","Chill"],"picked":"Loop","floor":14.0},{"not_picked":["Fission","All For One"],"picked":"Rainbow","floor":16.0},{"not_picked":["Stack+1"],"picked":"SKIP","floor":18.0},{"not_picked":["Compile Driver+1"],"picked":"SKIP","floor":19}],"player_experience":179352,"relics_obtained":[{"floor":6.0,"key":"Lantern"},{"floor":9.0,"key":"Blood Vial"},{"floor":13.0,"key":"Centennial Puzzle"}],"event_choices":[{"damage_healed":0.0,"max_hp_gain":0.0,"max_hp_loss":0.0,"gold_gain":175.0,"event_name":"Liars Game","player_choice":"AGREE","floor":2.0,"gold_loss":0.0,"damage_taken":0.0,"cards_obtained":["Doubt"]},{"damage_healed":0.0,"max_hp_gain":0.0,"max_hp_loss":0.0,"gold_gain":0.0,"event_name":"Shining Light","player_choice":"Entered Light","floor":3.0,"gold_loss":0.0,"damage_taken":15.0,"cards_upgraded":["Zap","Strike_B"]},{"damage_healed":25.0,"max_hp_gain":0.0,"max_hp_loss":0.0,"gold_gain":0.0,"event_name":"Big Fish","player_choice":"Banana","floor":4.0,"gold_loss":0.0,"damage_taken":0.0},{"damage_healed":0,"gold_gain":99,"player_choice":"Stole From Cult","damage_taken":0,"max_hp_gain":0,"max_hp_loss":0,"event_name":"Nest","floor":20,"gold_loss":0},{"damage_healed":0,"gold_gain":0,"player_choice":"Ignored","damage_taken":0,"max_hp_gain":0,"max_hp_loss":0,"event_name":"Purifier","floor":22,"gold_loss":0}],"is_beta":false,"boss_relics":[{"not_picked":["Astrolabe","Runic Dome"],"picked":"Busted Crown"}],"items_purged_floors":[21],"is_endless":false,"potions_floor_spawned":[7,10,11,13],"killed_by":"Book of Stabbing","ascension_level":3}