{"gold_per_floor":[212,212,231,231,143,172,185,205,205,224,241,241,276,288,288,385,385,400,400,420,420,439,439,439,467,515,549,549,582,582,595,595,595],"floor_reached":33,"playtime":2071,"items_purged":[],"score":349,"play_id":"775e3fcd-7356-414f-8152-bd88e6196e7f","local_time":"20190128222112","is_ascension_mode":true,"campfire_choices":[{"floor":12,"key":"REST"},{"floor":15,"key":"REST"},{"data":"Immolate","floor":23,"key":"SMITH"},{"floor":28,"key":"REST"},{"floor":30,"key":"REST"},{"data":"Metallicize","floor":32,"key":"SMITH"}],"neow_cost":"NONE","seed_source_timestamp":1564713125896948,"circlet_count":0,"master_deck":["Strike_R","Strike_R","Strike_R","Strike_R","Strike_R","Defend_R","Defend_R","Defend_R","Defend_R","Bash","Flex+1","Bandage Up","Metallicize+1","Shrug It Off","Rampage","Thunderclap","Pommel Strike","Inflame","Metallicize","Immolate+1","Perfected Strike","Pommel Strike","Jack Of All Trades","Metallicize+1"],"relics":["Burning Blood","Ancient Tea Set","Smiling Mask","Bottled Lightning","Velvet Choker","Frozen Egg 2","Boot","Oddly Smooth Stone","Mummified Hand","Singing Bowl"],"potions_floor_usage":[16,16,16,27,27,29],"damage_taken":[{"damage":6,"enemies":"2 Louse","floor":1,"turns":3},{"damage":7,"enemies":"Jaw Worm","floor":3,"turns":3},{"damage":52,"enemies":"3 Sentries","floor":6,"turns":11},{"damage":7,"enemies":"Small Slimes","floor":7,"turns":4},{"damage":10,"enemies":"3 Louse","floor":8,"turns":3},{"damage":25,"enemies":"Lots of Slimes","floor":10,"turns":5},{"damage":0,"enemies":"Exordium Wildlife","floor":11,"turns":4},{"damage":47,"enemies":"Lagavulin","floor":13,"turns":7},{"damage":3,"enemies":"Blue Slaver","floor":14,"turns":4},{"damage":48,"enemies":"The Guardian","floor":16,"turns":9},{"damage":31,"enemies":"3 Byrds","floor":18,"turns":5},{"damage":10,"enemies":"Spheric Guardian","floor":20,"turns":4},{"damage":19,"enemies":"3 Cultists","floor":22,"turns":4},{"damage":15,"enemies":"Slavers","floor":25,"turns":4},{"damage":17,"enemies":"Gremlin Leader","floor":27,"turns":4},{"damage":34,"enemies":"Book of Stabbing","floor":29,"turns":6},{"damage":0,"enemies":"Snecko","floor":31,"turns":4},{"damage":88,"enemies":"Automaton","floor":33,"turns":10}],"seed_played":"-4202538621320435489","potions_obtained":[{"floor":1,"key":"Poison Potion"},{"floor":11,"key":"GamblersBrew"},{"floor":13,"key":"Dexterity Potion"},{"floor":16,"key":"Strength Potion"},{"floor":22,"key":"Weak Potion"},{"floor":25,"key":"GamblersBrew"},{"floor":27,"key":"Regen Potion"}],"is_trial":false,"path_per_floor":["M","$","M","?","$","E","M","M","T","M","M","R","E","M","R","B",null,"M","?","M","?","M","R","T","E","T","E","R","E","R","M","R","B"],"character_chosen":"IRONCLAD","items_purchased":["Bandage Up"],"campfire_rested":4,"item_purchase_floors":[5],"current_hp_per_floor":[80,80,79,79,79,37,40,40,40,25,35,59,22,29,53,15,80,59,59,59,59,50,50,50,45,45,38,62,55,79,84,84,0],"gold":595,"neow_bonus":"HUNDRED_GOLD","is_prod":false,"is_daily":false,"chose_seed":false,"campfire_upgraded":2,"win_rate":0,"timestamp":1548674472,"path_taken":["M","$","M","?","?","E","M","M","T","M","M","R","E","M","R","BOSS","M","?","M","?","?","R","?","E","T","E","R","E","R","M","R","BOSS"],"build_version":"2019-01-23","purchased_purges":0,"victory":false,"max_hp_per_floor":[80,80,80,80,80,80,80,80,80,80,80,80,80,80,80,80,80,80,80,80,80,80,80,80,80,80,80,80,82,82,84,84,84],"card_choices":[{"not_picked":["Iron Wave","Uppercut"],"picked":"Flex","floor":1},{"not_picked":["Clothesline","True Grit","Shrug It Off"],"picked":"SKIP","floor":3},{"not_picked":["Pommel Strike","Sentinel"],"picked":"Metallicize","floor":6},{"not_picked":["Flame Barrier","Headbutt"],"picked":"Shrug It Off","floor":7},{"not_picked":["Bloodletting","Ghostly Armor"],"picked":"Rampage","floor":8},{"not_picked":["Clothesline","Anger"],"picked":"Thunderclap","floor":10},{"not_picked":["Warcry","Hemokinesis"],"picked":"Pommel Strike","floor":11},{"not_picked":["Double Tap","Shrug It Off"],"picked":"Inflame","floor":13},{"not_picked":["Hemokinesis","Shrug It Off"],"picked":"Metallicize","floor":14},{"not_picked":["Berserk","Feed"],"picked":"Immolate","floor":16},{"not_picked":["Searing Blow","Headbutt"],"picked":"Perfected Strike","floor":18},{"not_picked":["Iron Wave","Havoc","Clothesline"],"picked":"SKIP","floor":20},{"not_picked":["Thunderclap","Wild Strike+1","Body Slam"],"picked":"SKIP","floor":22},{"not_picked":["True Grit","Heavy Blade"],"picked":"Metallicize+1","floor":25},{"not_picked":["Battle Trance","Bloodletting","Armaments"],"picked":"SKIP","floor":27},{"not_picked":["Rampage","Uppercut","Reaper"],"picked":"Singing Bowl","floor":29},{"not_picked":["Clothesline","Battle Trance","Perfected Strike"],"picked":"Singing Bowl","floor":31}],"player_experience":107947,"relics_obtained":[{"floor":6,"key":"Ancient Tea Set"},{"floor":9,"key":"Smiling Mask"},{"floor":13,"key":"Bottled Lightning"},{"floor":24,"key":"Frozen Egg 2"},{"floor":25,"key":"Boot"},{"floor":26,"key":"Oddly Smooth Stone"},{"floor":27,"key":"Mummified Hand"},{"floor":29,"key":"Singing Bowl"}],"event_choices":[{"damage_healed":0,"gold_gain":0,"player_choice":"Grow","damage_taken":0,"max_hp_gain":0,"max_hp_loss":0,"event_name":"Living Wall","floor":4,"gold_loss":0,"cards_upgraded":["Flex"]},{"damage_healed":0,"gold_gain":0,"player_choice":"Read","damage_taken":0,"max_hp_gain":0,"max_hp_loss":0,"event_name":"The Library","floor":19,"gold_loss":0,"cards_obtained":["Pommel Strike"]},{"damage_healed":0,"gold_gain":0,"player_choice":"1 cards matched","damage_taken":0,"max_hp_gain":0,"max_hp_loss":0,"event_name":"Match and Keep!","floor":21,"gold_loss":0,"cards_obtained":["Jack Of All Trades"]}],"is_beta":false,"boss_relics":[{"not_picked":["Eternal Feather","Runic Pyramid"],"picked":"Velvet Choker"}],"items_purged_floors":[],"is_endless":false,"potions_floor_spawned":[1,11,13,14,16,22,25,27],"killed_by":"Automaton","ascension_level":2}