{"gold_per_floor":[209,209,134,152,171,215,215,215,215,18,61,86,86,110,110,233,233,249,262,64,78,78,78,94,135,160,160,183,183,183,183,183,183],"floor_reached":33,"playtime":1783,"items_purged":["Injury"],"score":289,"play_id":"c91be665-112e-449c-8306-87fd99bf3426","local_time":"20190330152447","is_ascension_mode":true,"campfire_choices":[{"floor":7,"key":"REST"},{"floor":13,"key":"REST"},{"floor":15,"key":"REST"},{"floor":23,"key":"REST"},{"floor":27,"key":"REST"},{"floor":29,"key":"REST"},{"floor":32,"key":"REST"}],"neow_cost":"NONE","seed_source_timestamp":764086746894660,"circlet_count":0,"master_deck":["Strike_B+1","Strike_B+1","Strike_B+1","Strike_B+1","Defend_B+1","Defend_B+1","Defend_B+1","Defend_B+1","Zap","Dualcast","Conserve Battery","Sweeping Beam","Ball Lightning","Loop","Buffer","Beam Cell+1","Static Discharge","Defragment","Reboot","Melter+1"],"relics":["Cracked Core","Bloody Idol","Du-Vu Doll","Pear","HandDrill","Dodecahedron","Black Star","PreservedInsect","Molten Egg 2","Bag of Preparation","Ancient Tea Set","Juzu Bracelet"],"potions_floor_usage":[11,19,21],"damage_taken":[{"damage":5,"enemies":"Jaw Worm","floor":1,"turns":4},{"damage":6,"enemies":"2 Louse","floor":4,"turns":3},{"damage":0,"enemies":"Cultist","floor":5,"turns":3},{"damage":36,"enemies":"3 Sentries","floor":6,"turns":8},{"damage":29,"enemies":"Lagavulin","floor":11,"turns":6},{"damage":14,"enemies":"2 Fungi Beasts","floor":12,"turns":3},{"damage":8,"enemies":"Large Slime","floor":14,"turns":4},{"damage":56,"enemies":"The Guardian","floor":16,"turns":11},{"damage":14,"enemies":"Spheric Guardian","floor":18,"turns":4},{"damage":25,"enemies":"2 Thieves","floor":19,"turns":5},{"damage":27,"enemies":"Shelled Parasite and Fungi","floor":21,"turns":5},{"damage":4,"enemies":"Centurion and Healer","floor":24,"turns":7},{"damage":39,"enemies":"Gremlin Leader","floor":25,"turns":5},{"damage":0,"enemies":"Cultist and Chosen","floor":28,"turns":6},{"damage":76,"enemies":"Automaton","floor":33,"turns":10}],"seed_played":"169264256518076482","potions_obtained":[{"floor":4,"key":"Dexterity Potion"},{"floor":14,"key":"AttackPotion"},{"floor":19,"key":"Energy Potion"}],"is_trial":false,"path_per_floor":["M","?","$","M","M","E","R","?","T","$","E","M","R","M","R","B",null,"M","M","$","M","?","R","M","E","T","R","M","R","?","?","R","B"],"character_chosen":"DEFECT","items_purchased":["HandDrill","PreservedInsect","Static Discharge"],"campfire_rested":7,"item_purchase_floors":[10,20,20],"current_hp_per_floor":[70,70,70,64,64,28,50,50,60,60,31,17,42,34,59,3,85,71,46,46,19,19,44,40,1,1,26,26,51,51,51,76,0],"gold":183,"neow_bonus":"HUNDRED_GOLD","is_prod":false,"is_daily":false,"chose_seed":false,"campfire_upgraded":0,"win_rate":0,"timestamp":1553919887,"path_taken":["M","?","$","M","M","E","R","?","T","?","E","M","R","?","R","BOSS","M","M","$","M","?","R","M","E","T","R","M","R","?","?","R","BOSS"],"build_version":"2019-01-23","purchased_purges":1,"victory":false,"max_hp_per_floor":[75,75,75,75,75,75,75,75,85,85,85,85,85,85,85,85,85,85,85,85,85,85,85,85,85,85,85,85,85,85,85,85,85],"card_choices":[{"not_picked":["Hologram","FTL","Undo"],"picked":"SKIP","floor":1},{"not_picked":["Redo","Gash"],"picked":"Conserve Battery","floor":4},{"not_picked":["Barrage","Go for the Eyes","Cold Snap"],"picked":"SKIP","floor":5},{"not_picked":["Gash","Double Energy","Leap"],"picked":"SKIP","floor":6},{"not_picked":["Recycle","Fusion"],"picked":"Sweeping Beam","floor":11},{"not_picked":["Redo","Hologram"],"picked":"Ball Lightning","floor":12},{"not_picked":["Turbo","Hologram"],"picked":"Loop","floor":14},{"not_picked":["Machine Learning","Rainbow"],"picked":"Buffer","floor":16},{"not_picked":["Leap+1","Rebound"],"picked":"Beam Cell+1","floor":18},{"not_picked":["Rip and Tear","Recycle","Ball Lightning"],"picked":"SKIP","floor":19},{"not_picked":["Darkness","Ball Lightning","Rebound+1"],"picked":"SKIP","floor":21},{"not_picked":["Reprogram+1","Cold Snap"],"picked":"Defragment","floor":24},{"not_picked":["White Noise","Barrage"],"picked":"Reboot","floor":25},{"not_picked":["Redo","Steam"],"picked":"Melter+1","floor":28}],"player_experience":290238,"relics_obtained":[{"floor":6,"key":"Du-Vu Doll"},{"floor":9,"key":"Pear"},{"floor":11,"key":"Dodecahedron"},{"floor":25,"key":"Molten Egg 2"},{"floor":25,"key":"Bag of Preparation"},{"floor":26,"key":"Ancient Tea Set"}],"event_choices":[{"damage_healed":0,"gold_gain":0,"player_choice":"Take Wound","damage_taken":0,"relics_obtained":["Golden Idol"],"max_hp_gain":0,"max_hp_loss":0,"event_name":"Golden Idol","floor":2,"gold_loss":0,"cards_obtained":["Injury"]},{"damage_healed":0,"gold_gain":0,"player_choice":"Ignored","damage_taken":0,"max_hp_gain":0,"max_hp_loss":0,"event_name":"Shining Light","floor":8,"gold_loss":0},{"damage_healed":0,"gold_gain":0,"player_choice":"Simplicity","damage_taken":0,"max_hp_gain":0,"max_hp_loss":0,"event_name":"Back to Basics","floor":22,"gold_loss":0,"cards_upgraded":["Strike_B","Strike_B","Strike_B","Strike_B","Defend_B","Defend_B","Defend_B","Defend_B"]},{"damage_healed":0,"gold_gain":0,"player_choice":"Gave Idol","damage_taken":0,"relics_obtained":["Bloody Idol"],"max_hp_gain":0,"max_hp_loss":0,"event_name":"Forgotten Altar","floor":30,"relics_lost":["Golden Idol"],"gold_loss":0},{"damage_healed":0,"gold_gain":0,"player_choice":"Opened","damage_taken":0,"relics_obtained":["Juzu Bracelet"],"max_hp_gain":0,"max_hp_loss":0,"event_name":"The Mausoleum","floor":31,"gold_loss":0}],"is_beta":false,"boss_relics":[{"not_picked":["Eternal Feather","Astrolabe"],"picked":"Black Star"}],"items_purged_floors":[3],"is_endless":false,"potions_floor_spawned":[4,14,19],"killed_by":"Automaton","ascension_level":1}