{"gold_per_floor":[111,111,286,286,298,349,361,414,426,451,310,310,326,339,339,467,467,490,490,509,608,632,632],"floor_reached":23,"playtime":771,"items_purged":["Doubt"],"score":308,"play_id":"53a0638b-6117-4feb-b609-969765d19877","local_time":"20190623135106","is_ascension_mode":true,"campfire_choices":[{"floor":7,"key":"REST"},{"data":"Barricade","floor":15,"key":"SMITH"}],"neow_cost":"NONE","seed_source_timestamp":850862992491170,"circlet_count":0,"master_deck":["AscendersBane","Strike_R","Strike_R","Strike_R","Strike_R","Strike_R","Defend_R","Defend_R","Defend_R","Defend_R","Bash+1","Brutality","Pommel Strike","Infernal Blade","Barricade+1","Carnage","Feel No Pain","Heavy Blade","True Grit","Demon Form","Cleave","Infernal Blade","Flame Barrier","Iron Wave+1"],"relics":["Burning Blood","MawBank","Golden Idol","Self Forming Clay","Red Skull","Bronze Scales","Velvet Choker"],"potions_floor_usage":[8],"damage_taken":[{"damage":1,"enemies":"Cultist","floor":1,"turns":4},{"damage":40,"enemies":"Gremlin Nob","floor":6,"turns":5},{"damage":22,"enemies":"3 Sentries","floor":8,"turns":9},{"damage":9,"enemies":"Jaw Worm","floor":10,"turns":3},{"damage":9,"enemies":"Small Slimes","floor":13,"turns":3},{"damage":11,"enemies":"3 Louse","floor":14,"turns":2},{"damage":28,"enemies":"Hexaghost","floor":16,"turns":9},{"damage":24,"enemies":"2 Thieves","floor":18,"turns":4},{"damage":26,"enemies":"Chosen","floor":20,"turns":5},{"damage":2,"enemies":"Snecko","floor":22,"turns":4},{"damage":26,"enemies":"Book of Stabbing","floor":23,"turns":3}],"seed_played":"-8200480450120968123","potions_obtained":[{"floor":6,"key":"AttackPotion"},{"floor":10,"key":"LiquidBronze"},{"floor":14,"key":"Ancient Potion"}],"is_trial":false,"path_per_floor":["M","?","?","?","?","E","R","E","T","M","$","?","M","M","R","B",null,"M","?","M","?","M","E"],"character_chosen":"IRONCLAD","items_purchased":["Feel No Pain"],"campfire_rested":1,"item_purchase_floors":[11],"current_hp_per_floor":[77,77,77,74,74,40,62,46,46,43,43,43,40,35,35,13,59,41,41,21,21,25,0],"gold":632,"neow_bonus":"ONE_RANDOM_RARE_CARD","is_prod":false,"is_daily":false,"chose_seed":false,"campfire_upgraded":1,"win_rate":0,"timestamp":1561261866,"path_taken":["M","?","?","?","?","E","R","E","T","M","$","?","M","M","R","BOSS","M","?","M","?","?","E"],"build_version":"2019-01-23","purchased_purges":1,"victory":false,"max_hp_per_floor":[80,80,80,80,74,74,74,74,74,74,74,74,74,74,74,74,74,74,74,74,74,74,74],"card_choices":[{"not_picked":["Anger","Iron Wave"],"picked":"Pommel Strike","floor":1},{"not_picked":["Anger","Uppercut"],"picked":"Infernal Blade","floor":6},{"not_picked":["Pommel Strike","Flex"],"picked":"Barricade","floor":8},{"not_picked":["Pummel","Reckless Charge"],"picked":"Carnage","floor":10},{"not_picked":["Intimidate","Warcry"],"picked":"Heavy Blade","floor":13},{"not_picked":["Hemokinesis","Pommel Strike"],"picked":"True Grit","floor":14},{"not_picked":["Impervious","Bludgeon"],"picked":"Demon Form","floor":16},{"not_picked":["Clash+1","Searing Blow"],"picked":"Cleave","floor":18},{"not_picked":["Perfected Strike","Seeing Red"],"picked":"Flame Barrier","floor":20},{"not_picked":["Thunderclap","Cleave"],"picked":"Iron Wave+1","floor":22}],"player_experience":493366,"relics_obtained":[{"floor":6,"key":"Self Forming Clay"},{"floor":8,"key":"Red Skull"},{"floor":9,"key":"Bronze Scales"}],"event_choices":[{"damage_healed":0,"gold_gain":0,"player_choice":"Ignored","damage_taken":0,"max_hp_gain":0,"max_hp_loss":0,"event_name":"Golden Wing","floor":2,"gold_loss":0},{"damage_healed":0,"gold_gain":175,"player_choice":"AGREE","damage_taken":0,"max_hp_gain":0,"max_hp_loss":0,"event_name":"Liars Game","floor":3,"gold_loss":0,"cards_obtained":["Doubt"]},{"damage_healed":0,"gold_gain":0,"player_choice":"Success","damage_taken":3,"relics_obtained":["MawBank"],"max_hp_gain":0,"max_hp_loss":0,"event_name":"Scrap Ooze","floor":4,"gold_loss":0},{"damage_healed":0,"gold_gain":0,"player_choice":"Lose Max HP","damage_taken":0,"relics_obtained":["Golden Idol"],"max_hp_gain":0,"max_hp_loss":6,"event_name":"Golden Idol","floor":5,"gold_loss":0},{"damage_healed":0,"gold_gain":0,"player_choice":"Grow","damage_taken":0,"max_hp_gain":0,"max_hp_loss":0,"event_name":"Living Wall","floor":12,"gold_loss":0,"cards_upgraded":["Bash"]},{"damage_healed":0,"gold_gain":0,"player_choice":"Read","damage_taken":0,"max_hp_gain":0,"max_hp_loss":0,"event_name":"The Library","floor":19,"gold_loss":0,"cards_obtained":["Infernal Blade"]},{"damage_healed":0,"gold_gain":99,"player_choice":"Stole From Cult","damage_taken":0,"max_hp_gain":0,"max_hp_loss":0,"event_name":"Nest","floor":21,"gold_loss":0}],"is_beta":false,"boss_relics":[{"not_picked":["Coffee Dripper","Ectoplasm"],"picked":"Velvet Choker"}],"items_purged_floors":[11],"is_endless":false,"potions_floor_spawned":[6,10,14,20],"killed_by":"Book of Stabbing","ascension_level":11}