{"gold_per_floor":[117,292,292,292,309,309,334,334,357,370,397,322,337,184,184,286,286,304,318,318,329,346,346,375,375,422,454,155,172,87,16,16,117,117,135,235,235,235,235,235,197,224,224,253,253,83,83,94,94,94,94,94,19,19],"floor_reached":54,"playtime":4774,"items_purged":["Doubt"],"score":901,"play_id":"605b1770-3bce-4768-8e3b-b1c14d7327d6","local_time":"20190608154306","is_ascension_mode":true,"campfire_choices":[{"data":"Bash","floor":6,"key":"SMITH"},{"data":"Rage","floor":8,"key":"SMITH"},{"floor":15,"key":"REST"},{"floor":23,"key":"REST"},{"floor":25,"key":"REST"},{"floor":32,"key":"REST"},{"floor":40,"key":"RECALL"},{"floor":45,"key":"REST"},{"data":"Mayhem","floor":47,"key":"SMITH"},{"floor":49,"key":"REST"},{"data":"Flame Barrier","floor":52,"key":"SMITH"}],"neow_cost":"NONE","seed_source_timestamp":1796095358751157,"circlet_count":0,"master_deck":["Strike_R","Strike_R","Strike_R","Strike_R","Strike_R","Defend_R","Defend_R","Defend_R","Defend_R","Bash+1","Rage+1","Warcry","Heavy Blade","True Grit","Inflame","Double Tap","Pommel Strike+1","Armaments+1","Sword Boomerang+1","Burning Pact+1","Wild Strike","Reaper","Wild Strike","Flame Barrier+1","Immolate","Clothesline+1","Seeing Red","Burning Pact","Limit Break","Mayhem+1"],"relics":["Burning Blood","NeowsBlessing","PreservedInsect","Strawberry","Bronze Scales","Runic Dome","Nloth\u0027s Gift","War Paint","Vajra","Omamori","Incense Burner","Oddly Smooth Stone","Snecko Eye","Gambling Chip","Happy Flower","Torii"],"potions_floor_usage":[5,16,21,33,33,54],"damage_taken":[{"damage":0,"enemies":"2 Louse","floor":1,"turns":1},{"damage":0,"enemies":"Cultist","floor":5,"turns":1},{"damage":0,"enemies":"Lagavulin","floor":7,"turns":1},{"damage":0,"enemies":"Small Slimes","floor":10,"turns":2},{"damage":0,"enemies":"Gremlin Nob","floor":11,"turns":2},{"damage":60,"enemies":"Exordium Thugs","floor":13,"turns":7},{"damage":34,"enemies":"The Guardian","floor":16,"turns":9},{"damage":2,"enemies":"Chosen","floor":18,"turns":4},{"damage":26,"enemies":"Shell Parasite","floor":19,"turns":5},{"damage":23,"enemies":"Snake Plant","floor":21,"turns":4},{"damage":24,"enemies":"Cultist and Chosen","floor":22,"turns":6},{"damage":40,"enemies":"Slavers","floor":24,"turns":5},{"damage":40,"enemies":"Book of Stabbing","floor":27,"turns":4},{"damage":15,"enemies":"Shelled Parasite and Fungi","floor":29,"turns":5},{"damage":87,"enemies":"Champ","floor":33,"turns":11},{"damage":13,"enemies":"3 Shapes","floor":35,"turns":3},{"damage":36,"enemies":"Mind Bloom Boss Battle","floor":36,"turns":6},{"damage":85,"enemies":"Reptomancer","floor":42,"turns":7},{"damage":13,"enemies":"Giant Head","floor":44,"turns":6},{"damage":48,"enemies":"3 Darklings","floor":48,"turns":3},{"damage":34,"enemies":"Awakened One","floor":50,"turns":13},{"damage":98,"enemies":"Shield and Spear","floor":54,"turns":5}],"seed_played":"-3058473865805708995","potions_obtained":[{"floor":4,"key":"Fruit Juice"},{"floor":4,"key":"Energy Potion"},{"floor":4,"key":"Weak Potion"},{"floor":5,"key":"BloodPotion"},{"floor":19,"key":"Fruit Juice"},{"floor":27,"key":"FairyPotion"},{"floor":35,"key":"SpeedPotion"},{"floor":44,"key":"PowerPotion"}],"is_trial":false,"path_per_floor":["M","?","?","?","M","R","E","R","T","M","E","$","M","$","R","B",null,"M","M","?","M","M","R","E","R","T","E","$","M","?","$","R","B",null,"M","?","?","$","?","R","$","E","T","E","R","$","R","M","R","B",null,"R","$","E"],"character_chosen":"IRONCLAD","items_purchased":["Bronze Scales","Incense Burner","Flame Barrier","Burning Pact","Mayhem","EssenceOfSteel"],"campfire_rested":6,"item_purchase_floors":[14,28,31,41,46,53],"current_hp_per_floor":[80,80,80,80,85,85,85,85,85,85,92,92,38,38,65,37,92,92,72,72,60,42,71,37,66,66,32,32,30,30,30,59,15,97,94,88,88,88,88,88,88,21,21,25,54,54,54,27,56,43,97,97,97,0],"gold":19,"neow_bonus":"THREE_ENEMY_KILL","is_prod":false,"is_daily":false,"chose_seed":false,"campfire_upgraded":4,"win_rate":0,"timestamp":1559972586,"path_taken":["M","?","?","?","?","R","E","R","T","M","E","$","M","$","R","BOSS","M","M","?","M","M","R","E","R","T","E","$","?","?","?","R","BOSS","M","?","?","$","?","R","?","E","T","E","R","?","R","M","R","BOSS","R","$","E"],"build_version":"2019-01-23","purchased_purges":1,"victory":false,"max_hp_per_floor":[80,80,80,80,85,85,85,85,85,85,92,92,92,92,92,92,92,92,92,92,97,97,97,97,97,97,97,97,97,97,97,97,97,97,97,97,97,97,97,97,97,97,97,97,97,97,97,97,97,97,97,97,97,97],"card_choices":[{"not_picked":["Body Slam","Flex"],"picked":"Rage","floor":1},{"not_picked":["Battle Trance","Reckless Charge"],"picked":"Warcry","floor":5},{"not_picked":["Wild Strike","Perfected Strike"],"picked":"Heavy Blade","floor":7},{"not_picked":["Power Through","Warcry"],"picked":"Berserk","floor":10},{"not_picked":["Blood for Blood","Fiend Fire"],"picked":"True Grit","floor":11},{"not_picked":["Thunderclap","Pommel Strike"],"picked":"Inflame","floor":13},{"not_picked":["Impervious","Limit Break"],"picked":"Double Tap","floor":16},{"not_picked":["Anger","Wild Strike"],"picked":"Pommel Strike+1","floor":18},{"not_picked":["Clothesline","Iron Wave"],"picked":"Armaments","floor":19},{"not_picked":["Havoc","Evolve"],"picked":"Sword Boomerang+1","floor":21},{"not_picked":["Uppercut","Sword Boomerang"],"picked":"Burning Pact","floor":22},{"not_picked":["Thunderclap","Armaments"],"picked":"Wild Strike","floor":24},{"not_picked":["Barricade","Carnage"],"picked":"Reaper","floor":27},{"not_picked":["Armaments","Searing Blow"],"picked":"Wild Strike","floor":29},{"not_picked":["Bludgeon","Dark Embrace"],"picked":"Immolate","floor":33},{"not_picked":["Fire Breathing","Flex+1"],"picked":"Clothesline+1","floor":35},{"not_picked":["Entrench+1","Offering"],"picked":"Seeing Red","floor":36},{"not_picked":["Thunderclap+1","Feed","Rampage+1"],"picked":"SKIP","floor":42},{"not_picked":["Havoc","Cleave"],"picked":"Limit Break","floor":44},{"not_picked":["Clash+1","Thunderclap","Perfected Strike+1"],"picked":"SKIP","floor":48}],"player_experience":426414,"relics_obtained":[{"floor":7,"key":"Dodecahedron"},{"floor":9,"key":"PreservedInsect"},{"floor":11,"key":"Strawberry"},{"floor":24,"key":"War Paint"},{"floor":26,"key":"Vajra"},{"floor":27,"key":"Omamori"},{"floor":36,"key":"Gambling Chip"},{"floor":42,"key":"Happy Flower"},{"floor":44,"key":"Torii"}],"event_choices":[{"damage_healed":0,"gold_gain":175,"player_choice":"AGREE","damage_taken":0,"max_hp_gain":0,"max_hp_loss":0,"event_name":"Liars Game","floor":2,"gold_loss":0,"cards_obtained":["Doubt"]},{"damage_healed":0,"gold_gain":0,"player_choice":"Ignored","damage_taken":0,"max_hp_gain":0,"max_hp_loss":0,"event_name":"Shining Light","floor":3,"gold_loss":0},{"damage_healed":0,"gold_gain":0,"player_choice":"Got Potions","damage_taken":0,"max_hp_gain":0,"max_hp_loss":0,"event_name":"Lab","floor":4,"gold_loss":0},{"damage_healed":0,"gold_gain":0,"player_choice":"Traded Relic","damage_taken":0,"relics_obtained":["Nloth\u0027s Gift"],"max_hp_gain":0,"max_hp_loss":0,"event_name":"N\u0027loth","floor":20,"relics_lost":["Dodecahedron"],"gold_loss":0},{"damage_healed":0,"gold_gain":0,"player_choice":"Obtained Relic","damage_taken":0,"relics_obtained":["Oddly Smooth Stone"],"max_hp_gain":0,"max_hp_loss":0,"event_name":"Addict","floor":30,"gold_loss":85},{"damage_healed":0,"gold_gain":0,"player_choice":"Fight","damage_taken":0,"max_hp_gain":0,"max_hp_loss":0,"event_name":"MindBloom","floor":36,"gold_loss":0},{"cards_removed":["Berserk"],"damage_healed":0,"gold_gain":0,"player_choice":"Removed Power","damage_taken":0,"max_hp_gain":0,"max_hp_loss":0,"event_name":"Falling","floor":37,"gold_loss":0},{"damage_healed":0,"gold_gain":0,"player_choice":"Ignored","damage_taken":0,"max_hp_gain":0,"max_hp_loss":0,"event_name":"Tomb of Lord Red Mask","floor":39,"gold_loss":0}],"is_beta":false,"boss_relics":[{"not_picked":["Coffee Dripper","Runic Cube"],"picked":"Runic Dome"},{"not_picked":["Sozu","Eternal Feather"],"picked":"Snecko Eye"}],"items_purged_floors":[12],"is_endless":false,"potions_floor_spawned":[5,7,13,19,27,35,44],"killed_by":"Shield and Spear","ascension_level":3}