{"gold_per_floor":[118,118,135,135,135,168,168,182,258,284,302,7,35,35,35,130,130,149,159,191,191,191,191,205,205,205,224,224,256,270,270,270,368,368,382,396,396,396,396,427,427,455,455,482,482,311,311,326,326,326],"floor_reached":50,"playtime":3731,"items_purged":[],"score":674,"play_id":"57a0310c-edfb-49b4-b3bd-1607c1ea2f0c","local_time":"20190428210415","is_ascension_mode":true,"campfire_choices":[{"data":"Neutralize","floor":7,"key":"SMITH"},{"floor":15,"key":"REST"},{"floor":23,"key":"REST"},{"data":"Blade Dance","floor":25,"key":"SMITH"},{"data":"Accuracy","floor":28,"key":"SMITH"},{"floor":32,"key":"RECALL"},{"data":"Flash of Steel","floor":41,"key":"SMITH"},{"data":"Backflip","floor":45,"key":"SMITH"},{"data":"Panache","floor":47,"key":"SMITH"},{"floor":49,"key":"REST"}],"neow_cost":"NONE","seed_source_timestamp":507093161597794,"circlet_count":0,"master_deck":["Defend_G","Defend_G","Defend_G","Defend_G","Strike_G","Strike_G","Strike_G","Survivor+1","Neutralize+1","Deflect+1","Accuracy+1","Blade Dance+1","Backflip+1","Infinite Blades","Backflip","After Image+1","Bullet Time+1","Dodge and Roll+1","Backflip+1","Infinite Blades","Blade Dance+1","Flash of Steel+1","Madness","Madness","After Image+1","Panache+1","Parasite"],"relics":["Ring of the Snake","NeowsBlessing","Bag of Marbles","Spirit Poop","Meat on the Bone","Ornamental Fan","Mercury Hourglass","Bronze Scales","Bottled Tornado","Astrolabe","Red Mask","Letter Opener","War Paint","Philosopher\u0027s Stone","Art of War","Lantern","Sundial","Strawberry"],"potions_floor_usage":[16,33,50],"damage_taken":[{"damage":0,"enemies":"2 Louse","floor":1,"turns":1},{"damage":0,"enemies":"Small Slimes","floor":3,"turns":1},{"damage":0,"enemies":"3 Sentries","floor":6,"turns":1},{"damage":4,"enemies":"Cultist","floor":8,"turns":3},{"damage":26,"enemies":"Gremlin Nob","floor":10,"turns":6},{"damage":19,"enemies":"Large Slime","floor":11,"turns":6},{"damage":18,"enemies":"3 Sentries","floor":13,"turns":5},{"damage":1,"enemies":"Hexaghost","floor":16,"turns":9},{"damage":5,"enemies":"Chosen","floor":18,"turns":5},{"damage":8,"enemies":"2 Thieves","floor":19,"turns":4},{"damage":41,"enemies":"Masked Bandits","floor":20,"turns":5},{"damage":3,"enemies":"Centurion and Healer","floor":24,"turns":9},{"damage":2,"enemies":"3 Cultists","floor":27,"turns":5},{"damage":5,"enemies":"Book of Stabbing","floor":29,"turns":5},{"damage":9,"enemies":"Snake Plant","floor":30,"turns":4},{"damage":34,"enemies":"Champ","floor":33,"turns":11},{"damage":4,"enemies":"Orb Walker","floor":35,"turns":3},{"damage":2,"enemies":"3 Shapes","floor":36,"turns":4},{"damage":2,"enemies":"Giant Head","floor":40,"turns":8},{"damage":9,"enemies":"Nemesis","floor":42,"turns":9},{"damage":0,"enemies":"Giant Head","floor":44,"turns":8},{"damage":0,"enemies":"Writhing Mass","floor":48,"turns":5},{"damage":76,"enemies":"Time Eater","floor":50,"turns":10}],"seed_played":"5373966692823374730","potions_obtained":[{"floor":3,"key":"Swift Potion"},{"floor":10,"key":"EssenceOfSteel"},{"floor":13,"key":"FearPotion"},{"floor":19,"key":"Fire Potion"},{"floor":29,"key":"GhostInAJar"},{"floor":33,"key":"Ancient Potion"}],"is_trial":false,"path_per_floor":["M","?","M","?","?","E","R","M","T","E","M","$","E","$","R","B",null,"M","M","?","T","?","R","M","R","T","M","R","E","M","?","R","B",null,"M","M","?","?","?","E","R","E","T","E","R","$","R","M","R","B"],"character_chosen":"THE_SILENT","items_purchased":["Bronze Scales","Blade Dance","Backflip","Infinite Blades","Panache"],"campfire_rested":3,"item_purchase_floors":[12,12,12,12,46],"current_hp_per_floor":[70,70,70,70,70,70,70,66,66,40,33,33,27,27,48,47,70,65,57,28,28,28,49,46,46,46,44,44,39,42,65,65,43,70,66,64,64,55,55,53,53,44,44,51,51,51,51,51,74,0],"gold":326,"neow_bonus":"THREE_ENEMY_KILL","is_prod":false,"is_daily":false,"chose_seed":false,"campfire_upgraded":6,"win_rate":0,"timestamp":1556449455,"path_taken":["M","?","M","?","?","E","R","?","T","E","M","$","E","$","R","BOSS","M","M","?","?","?","R","?","R","T","M","R","E","M","?","R","BOSS","M","M","?","?","?","E","R","E","T","E","R","$","R","M","R","BOSS"],"build_version":"2019-01-23","purchased_purges":0,"victory":false,"max_hp_per_floor":[70,70,70,70,70,70,70,70,70,70,70,70,70,70,70,70,70,70,70,70,70,70,70,70,70,70,70,70,70,70,70,70,70,70,70,70,70,70,70,70,70,70,70,77,77,77,77,77,77,77],"card_choices":[{"not_picked":["Flechettes","PiercingWail"],"picked":"Deflect","floor":1},{"not_picked":["Quick Slash","All Out Attack","Dodge and Roll"],"picked":"SKIP","floor":3},{"not_picked":["Flechettes","Endless Agony"],"picked":"Accuracy","floor":6},{"not_picked":["Deflect","Slice","Sucker Punch"],"picked":"SKIP","floor":8},{"not_picked":["Dash","Deflect","Sucker Punch"],"picked":"SKIP","floor":10},{"not_picked":["Bane","Dagger Throw","Slice"],"picked":"SKIP","floor":11},{"not_picked":["Slice","Storm of Steel"],"picked":"Backflip","floor":13},{"not_picked":["Burst","Bullet Time"],"picked":"After Image","floor":16},{"not_picked":["All Out Attack","Underhanded Strike","Outmaneuver"],"picked":"SKIP","floor":18},{"not_picked":["Backflip","Quick Slash","Poisoned Stab"],"picked":"SKIP","floor":19},{"not_picked":["Skewer+1","Reflex","Setup"],"picked":"SKIP","floor":24},{"not_picked":["Accuracy","Tactician+1"],"picked":"Infinite Blades","floor":27},{"not_picked":["Skewer+1","Heel Hook"],"picked":"Blade Dance+1","floor":29},{"not_picked":["Backstab","Predator","Endless Agony"],"picked":"SKIP","floor":30},{"not_picked":["Reflex+1","Backflip","PiercingWail"],"picked":"SKIP","floor":35},{"not_picked":["Poisoned Stab","Outmaneuver","Prepared"],"picked":"SKIP","floor":36},{"not_picked":["Impatience","Enlightenment"],"picked":"Flash of Steel","floor":37},{"not_picked":["Acrobatics","Slice","Expertise+1"],"picked":"SKIP","floor":40},{"not_picked":["Bouncing Flask","Deflect+1","Leg Sweep"],"picked":"SKIP","floor":42},{"not_picked":["Footwork","Corpse Explosion","Bane"],"picked":"SKIP","floor":44},{"not_picked":["Cloak And Dagger","Slice+1","Catalyst+1"],"picked":"SKIP","floor":48}],"player_experience":341848,"relics_obtained":[{"floor":6,"key":"Meat on the Bone"},{"floor":9,"key":"Ornamental Fan"},{"floor":10,"key":"Mercury Hourglass"},{"floor":13,"key":"Bottled Tornado"},{"floor":20,"key":"Red Mask"},{"floor":26,"key":"Letter Opener"},{"floor":29,"key":"War Paint"},{"floor":40,"key":"Art of War"},{"floor":42,"key":"Lantern"},{"floor":43,"key":"Sundial"},{"floor":44,"key":"Strawberry"}],"event_choices":[{"damage_healed":0,"gold_gain":0,"player_choice":"Box","damage_taken":0,"relics_obtained":["Bag of Marbles"],"max_hp_gain":0,"max_hp_loss":0,"event_name":"Big Fish","floor":2,"gold_loss":0,"cards_obtained":["Regret"]},{"damage_healed":0,"gold_gain":0,"player_choice":"Ignored","damage_taken":0,"max_hp_gain":0,"max_hp_loss":0,"event_name":"Shining Light","floor":4,"gold_loss":0},{"cards_removed":["Regret"],"damage_healed":0,"gold_gain":0,"player_choice":"Offered Curse","damage_taken":0,"relics_obtained":["Spirit Poop"],"max_hp_gain":0,"max_hp_loss":0,"event_name":"Bonfire Elementals","floor":5,"gold_loss":0},{"damage_healed":0,"gold_gain":0,"player_choice":"Fought Bandits","damage_taken":0,"max_hp_gain":0,"max_hp_loss":0,"event_name":"Masked Bandits","floor":20,"gold_loss":0},{"damage_healed":0,"gold_gain":0,"player_choice":"Upgraded","damage_taken":0,"max_hp_gain":0,"max_hp_loss":0,"event_name":"Upgrade Shrine","floor":22,"gold_loss":0,"cards_upgraded":["After Image"]},{"damage_healed":23,"gold_gain":0,"player_choice":"Heal","damage_taken":0,"max_hp_gain":0,"max_hp_loss":0,"event_name":"The Library","floor":31,"gold_loss":0},{"damage_healed":0,"gold_gain":0,"player_choice":"Memory 1","damage_taken":0,"max_hp_gain":0,"max_hp_loss":0,"event_name":"SensoryStone","floor":37,"gold_loss":0},{"damage_healed":0,"gold_gain":0,"player_choice":"Embrace Madness","damage_taken":9,"max_hp_gain":0,"max_hp_loss":0,"event_name":"Winding Halls","floor":38,"gold_loss":0,"cards_obtained":["Madness","Madness"]},{"damage_healed":0,"gold_gain":0,"player_choice":"Copied","damage_taken":0,"max_hp_gain":0,"max_hp_loss":0,"event_name":"Duplicator","floor":39,"gold_loss":0,"cards_obtained":["After Image"]}],"is_beta":false,"boss_relics":[{"not_picked":["Eternal Feather","Runic Dome"],"picked":"Astrolabe"},{"not_picked":["Empty Cage","Orrery"],"picked":"Philosopher\u0027s Stone"}],"items_purged_floors":[],"is_endless":false,"potions_floor_spawned":[3,10,13,19,24,29,30,33,35,36,40],"killed_by":"Time Eater","ascension_level":2}