{"path_per_floor":["M","?","M","M","M","R","E","M","T","E","R","M","?","M","R","B",null,"M","$","?","M","?","E","M","M","T"],"character_chosen":"IRONCLAD","items_purchased":["Metallicize","Bottled Tornado","Havoc"],"gold_per_floor":[117,67,80,94,111,111,140,153,235,266,266,277,277,289,289,391,391,410,46,46,57,57,88,104,124,124],"floor_reached":27,"campfire_rested":0,"playtime":3236,"current_hp_per_floor":[80,80,79,80,80,80,69,65,65,59,59,61,54,59,59,54,64,50,50,50,41,41,42,34,25,25],"items_purged":[],"gold":124,"play_id":"1853001e-3158-496f-b085-46f4d4f8c432","is_prod":false,"is_daily":false,"is_ascension_mode":false,"campfire_upgraded":3,"path_taken":["M","?","M","M","M","R","E","M","T","E","R","M","?","M","R","BOSS","M","$","?","M","?","E","M","M","T","E"],"build_version":"2018-02-01-PROD3","purchased_purges":0,"victory":false,"master_deck":["Strike_R","Strike_R","Defend_R","Defend_R","Defend_R","Defend_R","Bash","Iron Wave","Shockwave","Fire Breathing","Havoc+1","Body Slam","Whirlwind","Flame Barrier+1","Armaments+1","Uppercut","Brutality","Headbutt+1","Metallicize","Havoc","Shrug It Off+1","Double Tap","Flame Barrier","Infernal Blade+1","Pummel+1"],"max_hp_per_floor":[80,80,80,80,80,80,80,80,80,80,80,80,80,80,80,80,64,64,64,64,64,64,78,78,78,78],"relics":["Burning Blood","Prayer Wheel","Letter Opener","Juzu Bracelet","Runic Cube","Bottled Tornado","Mango","Sundial"],"card_choices":[{"not_picked":["Flex","Hemokinesis"],"picked":"Iron Wave"},{"not_picked":["Havoc","Twin Strike"],"picked":"Shockwave"},{"not_picked":["Sword Boomerang","Hemokinesis"],"picked":"Fire Breathing"},{"not_picked":["Feel No Pain","Flex"],"picked":"Havoc"},{"not_picked":["True Grit","Rage"],"picked":"Body Slam"},{"not_picked":["Heavy Blade","Warcry"],"picked":"Whirlwind"},{"not_picked":["Sever Soul","Sword Boomerang"],"picked":"Flame Barrier"},{"not_picked":["Iron Wave","Twin Strike"],"picked":"Armaments"},{"not_picked":["Armaments","Bloodletting"],"picked":"Uppercut"},{"not_picked":["Fiend Fire","Bludgeon"],"picked":"Brutality"},{"not_picked":["Iron Wave","Twin Strike"],"picked":"Headbutt"},{"not_picked":["Flex","Headbutt"],"picked":"Shrug It Off"},{"not_picked":["Sever Soul","Wild Strike"],"picked":"Double Tap"},{"not_picked":["Iron Wave","Thunderclap"],"picked":"Flame Barrier"},{"not_picked":["Rage","Flex"],"picked":"Infernal Blade"},{"not_picked":["Power Through","Combust"],"picked":"Pummel"}],"player_experience":112151,"potions_floor_usage":[7,8,16,18,23,23,24],"damage_taken":[{"damage":3,"enemies":"Cultist","floor":1,"turns":5},{"damage":7,"enemies":"2 Louse","floor":3,"turns":3},{"damage":0,"enemies":"Small Slimes","floor":4,"turns":3},{"damage":3,"enemies":"2 Fungi Beasts","floor":5,"turns":5},{"damage":17,"enemies":"Lagavulin","floor":7,"turns":7},{"damage":10,"enemies":"3 Louse","floor":8,"turns":3},{"damage":12,"enemies":"3 Sentries","floor":10,"turns":8},{"damage":4,"enemies":"Red Slaver","floor":12,"turns":5},{"damage":1,"enemies":"Exordium Thugs","floor":14,"turns":5},{"damage":11,"enemies":"The Guardian","floor":16,"turns":10},{"damage":20,"enemies":"2 Thieves","floor":18,"turns":4},{"damage":15,"enemies":"3 Byrds","floor":21,"turns":5},{"damage":19,"enemies":"Book of Stabbing","floor":23,"turns":9},{"damage":14,"enemies":"3 Cultists","floor":24,"turns":6},{"damage":15,"enemies":"Snecko","floor":25,"turns":8},{"damage":28,"enemies":"Slavers","floor":27,"turns":6}],"event_choices":[{"event_name":"The Cleric","player_choice":"Card Removal","floor":2,"damage_taken":0},{"event_name":"Golden Wing","player_choice":"Card Removal","floor":13,"damage_taken":0},{"event_name":"Addict","player_choice":"Ignored","floor":20,"damage_taken":0},{"event_name":"Beggar","player_choice":"Ignored","floor":22,"damage_taken":0}],"boss_relics":[{"not_picked":["Orrery","Ectoplasm"],"picked":"Runic Cube"}],"potions_floor_spawned":[3,5,7,10,14,18,21],"seed_played":"6698585577522499574","killed_by":"Slavers","ascension_level":0,"is_trial":false}