{"gold_per_floor":[117,131,56,56,69,69,99,99,99,117,130,130,147,165,165,266,266,278,278,292,302,4,4,15,47,70,82,92,92,125,125,125,125],"floor_reached":33,"playtime":1216,"items_purged":["Decay"],"score":418,"play_id":"42730480-8313-4813-b5a4-6b6323035334","local_time":"20190619220602","is_ascension_mode":true,"campfire_choices":[{"data":"Bash","floor":6,"key":"SMITH"},{"data":"Uppercut","floor":8,"key":"SMITH"},{"data":"Disarm","floor":12,"key":"SMITH"},{"floor":15,"key":"REST"},{"floor":23,"key":"REST"},{"floor":29,"key":"REST"},{"floor":32,"key":"REST"}],"neow_cost":"CURSE","seed_source_timestamp":534504713857265,"circlet_count":0,"master_deck":["Strike_R","Strike_R","Strike_R","Strike_R","Defend_R","Defend_R","Defend_R","Bash+1","Whirlwind","Power Through","Uppercut+1","Shrug It Off","Cleave","Cleave","Disarm+1","Pummel","Blood for Blood","Bludgeon","Twin Strike","Disarm+1","Sword Boomerang+1","Spot Weakness","Decay"],"relics":["Burning Blood","Gremlin Horn","Dodecahedron","Singing Bowl","Mark of Pain","Vajra","Turnip","Mummified Hand","Bronze Scales"],"potions_floor_usage":[11,25,30,33,33],"damage_taken":[{"damage":11,"enemies":"2 Louse","floor":1,"turns":2},{"damage":3,"enemies":"Cultist","floor":2,"turns":3},{"damage":4,"enemies":"Small Slimes","floor":5,"turns":4},{"damage":26,"enemies":"Lagavulin","floor":7,"turns":6},{"damage":25,"enemies":"Exordium Thugs","floor":10,"turns":5},{"damage":0,"enemies":"Large Slime","floor":11,"turns":5},{"damage":0,"enemies":"2 Fungi Beasts","floor":13,"turns":2},{"damage":25,"enemies":"Gremlin Gang","floor":14,"turns":2},{"damage":42,"enemies":"Slime Boss","floor":16,"turns":11},{"damage":33,"enemies":"Shell Parasite","floor":18,"turns":5},{"damage":10,"enemies":"Spheric Guardian","floor":20,"turns":4},{"damage":32,"enemies":"Shelled Parasite and Fungi","floor":21,"turns":5},{"damage":8,"enemies":"Cultist and Chosen","floor":24,"turns":5},{"damage":24,"enemies":"Book of Stabbing","floor":25,"turns":4},{"damage":5,"enemies":"3 Cultists","floor":27,"turns":4},{"damage":27,"enemies":"Centurion and Healer","floor":28,"turns":4},{"damage":33,"enemies":"Slavers","floor":30,"turns":4},{"damage":42,"enemies":"Champ","floor":33,"turns":8}],"seed_played":"-3652516246997802573","potions_obtained":[{"floor":1,"key":"Dexterity Potion"},{"floor":2,"key":"Ancient Potion"},{"floor":10,"key":"Weak Potion"},{"floor":11,"key":"Fruit Juice"},{"floor":25,"key":"LiquidBronze"},{"floor":27,"key":"Fire Potion"},{"floor":28,"key":"EssenceOfSteel"}],"is_trial":false,"path_per_floor":["M","M","$","?","M","R","E","R","T","M","M","R","M","M","R","B",null,"M","T","M","M","$","R","M","E","T","M","M","R","E","?","R","B"],"character_chosen":"IRONCLAD","items_purchased":["Turnip"],"campfire_rested":4,"item_purchase_floors":[22],"current_hp_per_floor":[67,70,70,70,72,72,52,52,52,35,46,46,52,33,59,23,71,46,46,42,18,18,45,45,27,27,30,9,37,10,10,38,0],"gold":125,"neow_bonus":"TRANSFORM_TWO_CARDS","is_prod":false,"is_daily":false,"chose_seed":false,"campfire_upgraded":3,"win_rate":0,"timestamp":1560945962,"path_taken":["M","M","$","?","?","R","E","R","T","M","M","R","M","M","R","BOSS","M","?","?","M","?","R","M","E","T","M","M","R","E","?","R","BOSS"],"build_version":"2019-01-23","purchased_purges":1,"victory":false,"max_hp_per_floor":[80,80,80,80,80,80,80,80,80,82,87,87,87,87,87,87,87,89,89,89,91,91,91,93,93,93,95,95,95,95,95,95,95],"card_choices":[{"not_picked":["Reckless Charge","Thunderclap"],"picked":"Uppercut","floor":1},{"not_picked":["Clothesline","Iron Wave"],"picked":"Shrug It Off","floor":2},{"not_picked":["Metallicize","Body Slam"],"picked":"Cleave","floor":5},{"not_picked":["Rampage","Body Slam"],"picked":"Cleave","floor":7},{"not_picked":["Headbutt","Clash","Wild Strike"],"picked":"Singing Bowl","floor":10},{"not_picked":["Intimidate","Wild Strike"],"picked":"Disarm","floor":11},{"not_picked":["Clothesline","Shrug It Off"],"picked":"Pummel","floor":13},{"not_picked":["Anger","Headbutt"],"picked":"Blood for Blood","floor":14},{"not_picked":["Feed","Offering"],"picked":"Bludgeon","floor":16},{"not_picked":["Clash","Flex","Havoc"],"picked":"Singing Bowl","floor":18},{"not_picked":["Clash","Combust+1"],"picked":"Twin Strike","floor":20},{"not_picked":["Wild Strike","Hemokinesis+1","Flex+1"],"picked":"Singing Bowl","floor":21},{"not_picked":["Shrug It Off","Barricade","Cleave"],"picked":"Singing Bowl","floor":24},{"not_picked":["Sword Boomerang","Clash"],"picked":"Disarm+1","floor":25},{"not_picked":["Combust","Power Through","Havoc"],"picked":"Singing Bowl","floor":27},{"not_picked":["Thunderclap","Burning Pact"],"picked":"Sword Boomerang+1","floor":28},{"not_picked":["Blood for Blood","Disarm+1"],"picked":"Spot Weakness","floor":30}],"player_experience":467407,"relics_obtained":[{"floor":7,"key":"Dodecahedron"},{"floor":9,"key":"Singing Bowl"},{"floor":19,"key":"Vajra"},{"floor":25,"key":"Mummified Hand"},{"floor":30,"key":"Bronze Scales"}],"event_choices":[{"damage_healed":0,"gold_gain":0,"player_choice":"Gave Potion","damage_taken":0,"relics_obtained":["Gremlin Horn"],"max_hp_gain":0,"max_hp_loss":0,"event_name":"WeMeetAgain","floor":4,"gold_loss":0},{"damage_healed":0,"gold_gain":0,"player_choice":"Smashed Altar","damage_taken":0,"max_hp_gain":0,"max_hp_loss":0,"event_name":"Forgotten Altar","floor":31,"gold_loss":0,"cards_obtained":["Decay"]}],"is_beta":false,"boss_relics":[{"not_picked":["Eternal Feather","Coffee Dripper"],"picked":"Mark of Pain"}],"items_purged_floors":[3],"is_endless":false,"potions_floor_spawned":[1,2,10,11,25,27,28],"killed_by":"Champ","ascension_level":7}