{"gold_per_floor":[112,112,40,58,71,71,150,183,207,224,29,29,88,104,104,203,203,217,227,242,35,46,46,46,46,46,46,46,57,69,168,168,168],"floor_reached":33,"playtime":1346,"items_purged":[],"score":308,"play_id":"a9c863d6-d8a6-4f69-806f-d9c16d495f1d","local_time":"20190623122520","is_ascension_mode":true,"campfire_choices":[{"data":"Streamline","floor":6,"key":"SMITH"},{"floor":12,"key":"REST"},{"floor":15,"key":"REST"},{"floor":23,"key":"REST"},{"floor":25,"key":"REST"},{"floor":28,"key":"REST"},{"floor":32,"key":"REST"}],"neow_cost":"CURSE","seed_source_timestamp":845140298301392,"circlet_count":0,"master_deck":["Strike_B+1","Strike_B","Strike_B","Strike_B","Defend_B","Defend_B","Defend_B","Defend_B","Zap","Dualcast","Good Instincts","Flash of Steel","Streamline+1","Melter","Rebound+1","Meteor Strike","Reboot","Genetic Algorithm","Apotheosis","Coolheaded","Echo Form","Rainbow","Sweeping Beam","Buffer","Coolheaded","Chaos","Conserve Battery","Stack"],"relics":["Cracked Core","Bag of Preparation","Whetstone","Tiny Chest","Fusion Hammer","Strange Spoon","Shuriken"],"potions_floor_usage":[16,20,22,24,33,33],"damage_taken":[{"damage":7,"enemies":"Jaw Worm","floor":1,"turns":3},{"damage":1,"enemies":"Cultist","floor":4,"turns":3},{"damage":4,"enemies":"Small Slimes","floor":5,"turns":2},{"damage":25,"enemies":"Lagavulin","floor":8,"turns":7},{"damage":0,"enemies":"Exordium Wildlife","floor":10,"turns":2},{"damage":16,"enemies":"Gremlin Nob","floor":13,"turns":3},{"damage":6,"enemies":"Blue Slaver","floor":14,"turns":3},{"damage":17,"enemies":"The Guardian","floor":16,"turns":8},{"damage":41,"enemies":"2 Thieves","floor":18,"turns":4},{"damage":21,"enemies":"3 Byrds","floor":19,"turns":4},{"damage":10,"enemies":"Centurion and Healer","floor":20,"turns":6},{"damage":0,"enemies":"Snecko","floor":22,"turns":3},{"damage":16,"enemies":"Colosseum Slavers","floor":24,"turns":6},{"damage":18,"enemies":"3 Cultists","floor":29,"turns":5},{"damage":21,"enemies":"Snake Plant","floor":30,"turns":4},{"damage":41,"enemies":"Collector","floor":33,"turns":7}],"seed_played":"-1428897687557411457","potions_obtained":[{"floor":1,"key":"Swift Potion"},{"floor":10,"key":"Strength Potion"},{"floor":14,"key":"Energy Potion"},{"floor":16,"key":"Swift Potion"},{"floor":20,"key":"PowerPotion"},{"floor":29,"key":"PowerPotion"},{"floor":30,"key":"GamblersBrew"}],"is_trial":false,"path_per_floor":["M","?","$","M","M","R","?","E","T","M","$","R","E","M","R","B",null,"M","M","M","$","M","R","?","R","T","$","R","M","M","?","R","B"],"character_chosen":"DEFECT","items_purchased":["Melter","Apotheosis","Strange Spoon"],"campfire_rested":6,"item_purchase_floors":[3,11,21],"current_hp_per_floor":[68,68,68,67,63,63,63,38,38,38,38,60,44,38,60,43,75,34,13,3,3,3,25,9,31,31,31,53,35,14,14,36,0],"gold":168,"neow_bonus":"RANDOM_COLORLESS_2","is_prod":false,"is_daily":false,"chose_seed":false,"campfire_upgraded":1,"win_rate":0,"timestamp":1561256720,"path_taken":["M","?","$","M","?","R","?","E","T","M","?","R","E","?","R","BOSS","M","?","M","$","M","R","?","R","T","$","R","M","M","?","R","BOSS"],"build_version":"2019-01-23","purchased_purges":0,"victory":false,"max_hp_per_floor":[75,75,75,75,75,75,75,75,75,75,75,75,75,75,75,75,75,75,75,75,75,75,75,75,75,75,75,75,75,75,75,75,75],"card_choices":[{"not_picked":["Coolheaded","Conserve Battery"],"picked":"Streamline","floor":1},{"not_picked":["Leap","Go for the Eyes"],"picked":"Rebound","floor":4},{"not_picked":["Gash","Force Field"],"picked":"Meteor Strike","floor":5},{"not_picked":["Leap","Coolheaded"],"picked":"Reboot","floor":8},{"not_picked":["Gash","Coolheaded"],"picked":"Genetic Algorithm","floor":10},{"not_picked":["Stack","Auto Shields"],"picked":"Coolheaded","floor":13},{"not_picked":["Redo","Coolheaded"],"picked":"Echo Form","floor":14},{"not_picked":["Echo Form","Hyperbeam"],"picked":"Rainbow","floor":16},{"not_picked":["Leap+1","Gash"],"picked":"Sweeping Beam","floor":18},{"not_picked":["Steam","Beam Cell+1"],"picked":"Buffer","floor":19},{"not_picked":["Go for the Eyes","Compile Driver"],"picked":"Coolheaded","floor":20},{"not_picked":["Heatsinks","Go for the Eyes+1"],"picked":"Chaos","floor":22},{"not_picked":["Turbo","Redo"],"picked":"Conserve Battery","floor":29},{"not_picked":["Steam","Sweeping Beam+1"],"picked":"Stack","floor":30}],"player_experience":487720,"relics_obtained":[{"floor":8,"key":"Bag of Preparation"},{"floor":9,"key":"Whetstone"},{"floor":13,"key":"Tiny Chest"},{"floor":26,"key":"Shuriken"}],"event_choices":[{"cards_removed":["Doubt"],"damage_healed":0,"gold_gain":0,"player_choice":"Removed Curses","damage_taken":0,"max_hp_gain":0,"max_hp_loss":0,"event_name":"Fountain of Cleansing","floor":2,"gold_loss":0},{"damage_healed":0,"gold_gain":79,"player_choice":"Gained Gold","damage_taken":0,"max_hp_gain":0,"max_hp_loss":0,"event_name":"Golden Wing","floor":7,"gold_loss":0},{"damage_healed":0,"gold_gain":0,"player_choice":"Fight","damage_taken":0,"max_hp_gain":0,"max_hp_loss":0,"event_name":"Colosseum","floor":24,"gold_loss":0},{"damage_healed":0,"gold_gain":0,"player_choice":"Fled From Nobs","damage_taken":0,"max_hp_gain":0,"max_hp_loss":0,"event_name":"Colosseum","floor":24,"gold_loss":0},{"damage_healed":0,"gold_gain":99,"player_choice":"Stole From Cult","damage_taken":0,"max_hp_gain":0,"max_hp_loss":0,"event_name":"Nest","floor":31,"gold_loss":0}],"is_beta":false,"boss_relics":[{"not_picked":["FrozenCore","Coffee Dripper"],"picked":"Fusion Hammer"}],"items_purged_floors":[],"is_endless":false,"potions_floor_spawned":[1,10,14,16,18,20,24,29,30],"killed_by":"Collector","ascension_level":4}