{"gold_per_floor":[109,122,122,140,158,158,183,183,183,183,195,224,244,264,264,360,360,375,177,190,190],"floor_reached":21,"playtime":700,"items_purged":[],"score":247,"play_id":"115ceae9-cadc-4b24-b168-1ae84cda596b","local_time":"20190619214535","is_ascension_mode":true,"campfire_choices":[{"data":"Armaments","floor":6,"key":"SMITH"},{"data":"Seeing Red","floor":8,"key":"SMITH"},{"floor":15,"key":"REST"}],"neow_cost":"NONE","seed_source_timestamp":533791420901726,"circlet_count":0,"master_deck":["Strike_R","Strike_R","Strike_R","Defend_R","Defend_R","Defend_R","Bash+1","Twin Strike","Blood for Blood","Armaments+1","Iron Wave","Seeing Red+1","Cleave","Pommel Strike","Infernal Blade","Disarm","Juggernaut","Cleave+1","Corruption+1","Hemokinesis+1","Havoc+1","Wild Strike","Battle Trance+1"],"relics":["Burning Blood","NeowsBlessing","Self Forming Clay","Blue Candle","Odd Mushroom","Astrolabe","Happy Flower"],"potions_floor_usage":[],"damage_taken":[{"damage":0,"enemies":"Jaw Worm","floor":1,"turns":1},{"damage":0,"enemies":"Small Slimes","floor":2,"turns":1},{"damage":0,"enemies":"2 Louse","floor":4,"turns":1},{"damage":16,"enemies":"Blue Slaver","floor":5,"turns":3},{"damage":37,"enemies":"3 Sentries","floor":7,"turns":10},{"damage":9,"enemies":"3 Louse","floor":11,"turns":4},{"damage":8,"enemies":"The Mushroom Lair","floor":12,"turns":4},{"damage":7,"enemies":"2 Fungi Beasts","floor":13,"turns":3},{"damage":0,"enemies":"Exordium Wildlife","floor":14,"turns":3},{"damage":24,"enemies":"Hexaghost","floor":16,"turns":9},{"damage":22,"enemies":"2 Thieves","floor":18,"turns":3},{"damage":17,"enemies":"Chosen","floor":20,"turns":6},{"damage":53,"enemies":"Masked Bandits","floor":21,"turns":3}],"seed_played":"-2078683934294016796","potions_obtained":[{"floor":1,"key":"SteroidPotion"},{"floor":12,"key":"BloodPotion"},{"floor":13,"key":"SkillPotion"}],"is_trial":false,"path_per_floor":["M","M","?","M","M","R","E","R","T","?","M","?","M","M","R","B",null,"M","$","M","?"],"character_chosen":"IRONCLAD","items_purchased":["Happy Flower","Wild Strike"],"campfire_rested":1,"item_purchase_floors":[19,19],"current_hp_per_floor":[78,80,80,80,70,70,39,39,39,39,36,34,33,39,63,45,71,55,55,44,0],"gold":190,"neow_bonus":"THREE_ENEMY_KILL","is_prod":false,"is_daily":false,"chose_seed":false,"campfire_upgraded":2,"win_rate":0,"timestamp":1560944735,"path_taken":["M","M","?","M","M","R","E","R","T","?","M","?","?","M","R","BOSS","M","$","M","?"],"build_version":"2019-01-23","purchased_purges":0,"victory":false,"max_hp_per_floor":[80,80,80,80,80,80,80,80,80,80,80,80,80,80,80,80,80,80,80,80,80],"card_choices":[{"not_picked":["Wild Strike","Clash"],"picked":"Twin Strike","floor":1},{"not_picked":["Sentinel","Sword Boomerang"],"picked":"Blood for Blood","floor":2},{"not_picked":["Cleave","Warcry"],"picked":"Armaments","floor":4},{"not_picked":["Power Through","Second Wind"],"picked":"Iron Wave","floor":5},{"not_picked":["Pommel Strike","True Grit"],"picked":"Seeing Red","floor":7},{"not_picked":["Clothesline","Bloodletting"],"picked":"Cleave","floor":11},{"not_picked":["Hemokinesis","Sever Soul"],"picked":"Pommel Strike","floor":12},{"not_picked":["Heavy Blade","Body Slam"],"picked":"Infernal Blade","floor":13},{"not_picked":["Rage","Clothesline"],"picked":"Disarm","floor":14},{"not_picked":["Barricade","Dark Embrace"],"picked":"Juggernaut","floor":16},{"not_picked":["Wild Strike","Cleave"],"picked":"Havoc+1","floor":18},{"not_picked":["Shrug It Off+1","Wild Strike"],"picked":"Battle Trance+1","floor":20}],"player_experience":466707,"relics_obtained":[{"floor":7,"key":"Self Forming Clay"},{"floor":9,"key":"Blue Candle"},{"floor":12,"key":"Odd Mushroom"}],"event_choices":[{"damage_healed":0,"gold_gain":0,"player_choice":"Ignored","damage_taken":0,"max_hp_gain":0,"max_hp_loss":0,"event_name":"Liars Game","floor":3,"gold_loss":0},{"damage_healed":0,"gold_gain":0,"player_choice":"Grow","damage_taken":0,"max_hp_gain":0,"max_hp_loss":0,"event_name":"Living Wall","floor":10,"gold_loss":0,"cards_upgraded":["Bash"]},{"damage_healed":0,"gold_gain":0,"player_choice":"Fought Mushrooms","damage_taken":0,"max_hp_gain":0,"max_hp_loss":0,"event_name":"Mushrooms","floor":12,"gold_loss":0},{"damage_healed":0,"gold_gain":0,"player_choice":"Fought Bandits","damage_taken":0,"max_hp_gain":0,"max_hp_loss":0,"event_name":"Masked Bandits","floor":21,"gold_loss":0}],"is_beta":false,"boss_relics":[{"not_picked":["Coffee Dripper","Busted Crown"],"picked":"Astrolabe"}],"items_purged_floors":[],"is_endless":false,"potions_floor_spawned":[1,12,13,16,18],"killed_by":"Masked Bandits","ascension_level":7}