{"gold_per_floor":[110,122,122,122,132,161,161,175,175,175,189,114,133,308,308,413,413,432,432,451,470,12,12,12],"floor_reached":24,"playtime":1392,"items_purged":["Regret"],"score":198,"play_id":"c06c5270-56c4-48e8-b8a7-4b092673efa5","local_time":"20190206211341","is_ascension_mode":false,"campfire_choices":[{"floor":7,"key":"REST"},{"floor":10,"key":"REST"},{"floor":15,"key":"REST"},{"floor":23,"key":"REST"}],"neow_cost":"NONE","seed_source_timestamp":8955529218736,"circlet_count":0,"master_deck":["Strike_R+1","Strike_R","Strike_R+1","Strike_R","Strike_R","Defend_R","Defend_R","Defend_R","Defend_R","Bash","Metallicize","Demon Form+1","Decay","Fiend Fire+1","Limit Break+1","Cleave"],"relics":["Burning Blood","NeowsBlessing","Centennial Puzzle","Mercury Hourglass","Bag of Preparation","Astrolabe","Pantograph","Membership Card"],"potions_floor_usage":[16,18],"damage_taken":[{"damage":0,"enemies":"Jaw Worm","floor":1,"turns":1},{"damage":0,"enemies":"Small Slimes","floor":2,"turns":1},{"damage":0,"enemies":"Cultist","floor":5,"turns":1},{"damage":34,"enemies":"3 Sentries","floor":6,"turns":10},{"damage":35,"enemies":"Gremlin Gang","floor":8,"turns":4},{"damage":28,"enemies":"Exordium Thugs","floor":11,"turns":4},{"damage":5,"enemies":"Looter","floor":13,"turns":2},{"damage":45,"enemies":"The Guardian","floor":16,"turns":9},{"damage":8,"enemies":"theJungle:MUSHROOMGANG","floor":18,"turns":5},{"damage":24,"enemies":"theJungle:GiantWrat","floor":20,"turns":4},{"damage":50,"enemies":"Snake Plant","floor":21,"turns":6},{"damage":43,"enemies":"theJungle:2_Snecko_Cultists","floor":24,"turns":5}],"seed_played":"-6747482535428147856","potions_obtained":[{"floor":1,"key":"Strength Potion"},{"floor":2,"key":"Dexterity Potion"},{"floor":8,"key":"LiquidBronze"},{"floor":11,"key":"PowerPotion"},{"floor":20,"key":"Swift Potion"},{"floor":21,"key":"Dexterity Potion"}],"is_trial":false,"path_per_floor":["M","M","?","?","M","E","R","M","T","R","M","$","M","?","R","B",null,"M","?","M","M","$","R","M"],"character_chosen":"IRONCLAD","items_purchased":["Pantograph","Membership Card"],"campfire_rested":4,"item_purchase_floors":[22,22],"current_hp_per_floor":[80,80,64,64,70,42,66,37,37,61,39,39,40,40,64,25,80,78,78,60,16,16,40,0],"gold":12,"neow_bonus":"THREE_ENEMY_KILL","is_prod":false,"is_daily":false,"chose_seed":false,"campfire_upgraded":0,"win_rate":0,"timestamp":1549448021,"path_taken":["M","M","?","?","M","E","R","M","T","R","M","$","M","?","R","BOSS","M","?","?","?","$","R","M"],"build_version":"2019-01-23","purchased_purges":1,"victory":false,"max_hp_per_floor":[80,80,80,80,80,80,80,80,80,80,80,80,80,80,80,80,80,80,80,80,80,80,80,80],"card_choices":[{"not_picked":["Entrench","Anger"],"picked":"Metallicize","floor":1},{"not_picked":["Twin Strike","Battle Trance","Uppercut"],"picked":"SKIP","floor":2},{"not_picked":["Clothesline","Sword Boomerang"],"picked":"Pommel Strike","floor":5},{"not_picked":["Heavy Blade","Exhume","Wild Strike"],"picked":"SKIP","floor":6},{"not_picked":["Carnage","Shrug It Off","Sever Soul"],"picked":"SKIP","floor":8},{"not_picked":["Anger","Headbutt"],"picked":"Thunderclap","floor":11},{"not_picked":["Corruption","Headbutt","Heavy Blade"],"picked":"SKIP","floor":13},{"not_picked":["Berserk","Limit Break"],"picked":"Demon Form","floor":16},{"not_picked":["Havoc","Clothesline","Sever Soul"],"picked":"SKIP","floor":18},{"not_picked":["Shrug It Off","Twin Strike","Dual Wield"],"picked":"SKIP","floor":20},{"not_picked":["True Grit","Havoc"],"picked":"Cleave","floor":21}],"player_experience":145168,"relics_obtained":[{"floor":6,"key":"Mercury Hourglass"},{"floor":9,"key":"Bag of Preparation"}],"event_choices":[{"damage_healed":0,"gold_gain":0,"player_choice":"Entered Light","damage_taken":16,"max_hp_gain":0,"max_hp_loss":0,"event_name":"Shining Light","floor":3,"gold_loss":0,"cards_upgraded":["Strike_R","Strike_R"]},{"damage_healed":0,"gold_gain":0,"player_choice":"Box","damage_taken":0,"relics_obtained":["Centennial Puzzle"],"max_hp_gain":0,"max_hp_loss":0,"event_name":"Big Fish","floor":4,"gold_loss":0,"cards_obtained":["Regret"]},{"damage_healed":0,"gold_gain":175,"player_choice":"AGREE","damage_taken":0,"max_hp_gain":0,"max_hp_loss":0,"event_name":"Liars Game","floor":14,"gold_loss":0,"cards_obtained":["Doubt"]},{"damage_healed":0,"gold_gain":0,"player_choice":"Forge","damage_taken":0,"max_hp_gain":0,"max_hp_loss":0,"event_name":"Accursed Blacksmith","floor":19,"gold_loss":0,"cards_upgraded":["Demon Form"]}],"is_beta":false,"boss_relics":[{"not_picked":["Empty Cage","Runic Dome"],"picked":"Astrolabe"}],"items_purged_floors":[12],"is_endless":false,"potions_floor_spawned":[1,2,8,11,13,20,21],"killed_by":"theJungle:2_Snecko_Cultists","ascension_level":0}