{"gold_per_floor":[144,189,154,199,244,244,289,289,339,384,429,403,448,493,493,793,793,838,883,928,973,973,1072,1072],"floor_reached":24,"playtime":2240,"items_purged":[],"score":246,"play_id":"be9a6672-eb40-434c-a8a4-710a8a0f1643","local_time":"20190616194328","daily_mods":["Shiny","Time Dilation","Midas"],"is_ascension_mode":false,"campfire_choices":[{"floor":6,"key":"REST"},{"floor":8,"key":"REST"},{"floor":15,"key":"REST"}],"neow_cost":"","seed_source_timestamp":184859020385600,"circlet_count":0,"master_deck":["Venomology","Corpse Explosion","Malaise","Phantasmal Killer","Die Die Die","Adrenaline","Envenom","Doppelganger","Burst","Wraith Form v2","Tools of the Trade","Night Terror","Unload","After Image","Bullet Time","Storm of Steel","Glass Knife","A Thousand Cuts","Grand Finale","Outmaneuver","Adrenaline","Glass Knife","Writhe"],"special_seed":18063,"relics":["Ring of the Snake","Strawberry","Bag of Marbles"],"potions_floor_usage":[13,13,13,13,16,16,18,20,20,24],"damage_taken":[{"damage":6,"enemies":"Cultist","floor":1,"turns":3},{"damage":11,"enemies":"Jaw Worm","floor":2,"turns":2},{"damage":0,"enemies":"Small Slimes","floor":4,"turns":3},{"damage":0,"enemies":"Looter","floor":5,"turns":1},{"damage":0,"enemies":"Large Slime","floor":7,"turns":2},{"damage":0,"enemies":"Exordium Wildlife","floor":10,"turns":1},{"damage":2,"enemies":"Exordium Thugs","floor":11,"turns":3},{"damage":5,"enemies":"Red Slaver","floor":13,"turns":2},{"damage":25,"enemies":"3 Louse","floor":14,"turns":3},{"damage":10,"enemies":"Hexaghost","floor":16,"turns":7},{"damage":25,"enemies":"Spheric Guardian","floor":18,"turns":6},{"damage":6,"enemies":"3 Byrds","floor":19,"turns":3},{"damage":21,"enemies":"Centurion and Healer","floor":20,"turns":5},{"damage":44,"enemies":"Shelled Parasite and Fungi","floor":21,"turns":6},{"damage":7,"enemies":"Slavers","floor":24,"turns":3}],"seed_played":"-4255218080682064028","potions_obtained":[{"floor":2,"key":"SteroidPotion"},{"floor":4,"key":"SmokeBomb"},{"floor":7,"key":"EssenceOfSteel"},{"floor":14,"key":"EssenceOfSteel"},{"floor":16,"key":"Fruit Juice"},{"floor":20,"key":"FairyPotion"}],"is_trial":false,"path_per_floor":["M","M","?","M","M","R","M","R","T","M","M","?","M","M","R","B",null,"M","M","M","M","?","?","E"],"character_chosen":"THE_SILENT","items_purchased":[],"campfire_rested":3,"item_purchase_floors":[],"current_hp_per_floor":[64,53,70,70,70,70,70,70,77,77,75,75,70,45,68,58,77,57,51,30,3,3,3,0],"gold":1072,"neow_bonus":"","is_prod":false,"is_daily":true,"chose_seed":false,"campfire_upgraded":0,"win_rate":0.0,"timestamp":1560728608,"path_taken":["M","?","?","M","M","R","M","R","T","M","M","?","M","M","R","BOSS","M","M","M","M","?","?","E"],"build_version":"2019-01-23","purchased_purges":0,"victory":false,"max_hp_per_floor":[70,70,70,70,70,70,70,70,77,77,77,77,77,77,77,77,77,82,82,82,82,82,82,82],"card_choices":[{"not_picked":["Slice","All Out Attack","Setup"],"picked":"SKIP","floor":1},{"not_picked":["Cloak And Dagger","Crippling Poison"],"picked":"Outmaneuver","floor":2},{"not_picked":["Sucker Punch","Skewer","Cloak And Dagger"],"picked":"SKIP","floor":4},{"not_picked":["Crippling Poison","Acrobatics","Dagger Spray"],"picked":"SKIP","floor":5},{"not_picked":["Footwork","Backflip"],"picked":"Adrenaline","floor":7},{"not_picked":["Caltrops","Tactician","Flying Knee"],"picked":"SKIP","floor":10},{"not_picked":["Deadly Poison","Flying Knee","Dodge and Roll"],"picked":"SKIP","floor":11},{"not_picked":["Deadly Poison","Reflex","Bullet Time"],"picked":"SKIP","floor":13},{"not_picked":["Expertise","Dagger Throw","Poisoned Stab"],"picked":"SKIP","floor":14},{"not_picked":["Corpse Explosion","After Image"],"picked":"Glass Knife","floor":16},{"not_picked":["Concentrate","Dagger Throw+1","Underhanded Strike"],"picked":"SKIP","floor":18},{"not_picked":["Infinite Blades","Riddle With Holes+1","Setup"],"picked":"SKIP","floor":19},{"not_picked":["Backflip+1","Slice","Dodge and Roll"],"picked":"SKIP","floor":20},{"not_picked":["Flying Knee","Endless Agony","Heel Hook+1"],"picked":"SKIP","floor":21}],"player_experience":77463,"relics_obtained":[{"floor":9,"key":"Strawberry"}],"event_choices":[{"damage_healed":17,"gold_gain":0,"player_choice":"Healed","damage_taken":0,"max_hp_gain":0,"max_hp_loss":0,"event_name":"The Cleric","floor":3,"gold_loss":35},{"damage_healed":0,"gold_gain":0,"player_choice":"Left Gold","damage_taken":0,"max_hp_gain":0,"max_hp_loss":0,"event_name":"World of Goop","floor":12,"gold_loss":26},{"damage_healed":0,"gold_gain":0,"player_choice":"Opened","damage_taken":0,"relics_obtained":["Bag of Marbles"],"max_hp_gain":0,"max_hp_loss":0,"event_name":"The Mausoleum","floor":22,"gold_loss":0,"cards_obtained":["Writhe"]},{"damage_healed":0,"gold_gain":99,"player_choice":"Stole From Cult","damage_taken":0,"max_hp_gain":0,"max_hp_loss":0,"event_name":"Nest","floor":23,"gold_loss":0}],"is_beta":false,"boss_relics":[{"not_picked":[]}],"items_purged_floors":[],"is_endless":false,"potions_floor_spawned":[2,4,7,14,16,20],"killed_by":"Slavers","ascension_level":0}