{"gold_per_floor":[117,67,67,67,67,101,158,171,239,265,281,281],"floor_reached":12,"playtime":507,"items_purged":[],"score":122,"play_id":"a2fdc179-c5f7-4acc-8343-7d2337cd0b5e","local_time":"20190501195149","is_ascension_mode":true,"campfire_choices":[],"neow_cost":"NONE","seed_source_timestamp":765177511287056,"circlet_count":0,"master_deck":["Defend_G","Defend_G","Defend_G","Defend_G","Defend_G","Strike_G","Strike_G","Strike_G","Strike_G","Survivor","Neutralize","Deflect","Regret","Cloak And Dagger"],"relics":["Ring of the Snake","NeowsBlessing","Dead Branch","Kunai","Juzu Bracelet","Thread and Needle","Art of War"],"potions_floor_usage":[10,10],"damage_taken":[{"damage":0,"enemies":"2 Louse","floor":1,"turns":1},{"damage":0,"enemies":"Lagavulin","floor":6,"turns":1},{"damage":0,"enemies":"Lagavulin Event","floor":7,"turns":1},{"damage":2,"enemies":"Jaw Worm","floor":8,"turns":5},{"damage":65,"enemies":"Gremlin Nob","floor":10,"turns":8},{"damage":2,"enemies":"Cultist","floor":11,"turns":4},{"damage":14,"enemies":"Lagavulin","floor":12,"turns":5}],"seed_played":"4857806772476340760","potions_obtained":[{"floor":1,"key":"Fruit Juice"},{"floor":8,"key":"AttackPotion"}],"is_trial":false,"path_per_floor":["M","?","?","T","$","E","?","M","T","E","M","E"],"character_chosen":"THE_SILENT","items_purchased":[],"campfire_rested":0,"item_purchase_floors":[],"current_hp_per_floor":[70,70,70,70,70,70,70,68,68,8,6,0],"gold":281,"neow_bonus":"THREE_ENEMY_KILL","is_prod":false,"is_daily":false,"chose_seed":false,"campfire_upgraded":0,"win_rate":0,"timestamp":1556704309,"path_taken":["M","?","?","?","?","E","?","M","T","E","M","E"],"build_version":"2019-01-23","purchased_purges":0,"victory":false,"max_hp_per_floor":[70,70,70,70,70,70,70,70,70,75,75,75],"card_choices":[{"not_picked":["Well Laid Plans","Terror"],"picked":"Deflect","floor":1},{"not_picked":["Catalyst","Outmaneuver","Burst"],"picked":"SKIP","floor":6},{"not_picked":["Dagger Throw","Prepared","Underhanded Strike"],"picked":"SKIP","floor":8},{"not_picked":["Noxious Fumes","Slice"],"picked":"Cloak And Dagger","floor":10},{"not_picked":["Deadly Poison","Prepared","Masterful Stab"],"picked":"SKIP","floor":11}],"player_experience":355513,"relics_obtained":[{"floor":4,"key":"Kunai"},{"floor":6,"key":"Juzu Bracelet"},{"floor":7,"key":"Thread and Needle"},{"floor":10,"key":"Art of War"}],"event_choices":[{"cards_removed":["Strike_G"],"damage_healed":0,"gold_gain":0,"player_choice":"Card Removal","damage_taken":0,"max_hp_gain":0,"max_hp_loss":0,"event_name":"The Cleric","floor":2,"gold_loss":50},{"damage_healed":0,"gold_gain":0,"player_choice":"Box","damage_taken":0,"relics_obtained":["Dead Branch"],"max_hp_gain":0,"max_hp_loss":0,"event_name":"Big Fish","floor":3,"gold_loss":0,"cards_obtained":["Regret"]},{"damage_healed":0,"gold_gain":0,"player_choice":"Searched \u00271\u0027 times","damage_taken":0,"max_hp_gain":0,"max_hp_loss":0,"event_name":"Dead Adventurer","floor":7,"gold_loss":0}],"is_beta":false,"boss_relics":[],"items_purged_floors":[],"is_endless":false,"potions_floor_spawned":[1,8],"killed_by":"Lagavulin","ascension_level":2}