{"gold_per_floor":[118,130,150,176,193,193,268,268,268,280,555,565,584,534,534,534],"floor_reached":16,"playtime":1303,"items_purged":[],"score":94,"play_id":"549160ae-881c-492a-b8cd-5daad7ddc30e","local_time":"20190429135253","is_ascension_mode":false,"campfire_choices":[{"data":"Storm of Steel","floor":6,"key":"SMITH"},{"floor":15,"key":"REST"}],"neow_cost":"NONE","seed_source_timestamp":384099651732,"circlet_count":0,"master_deck":["Defend_G","Defend_G","Defend_G","Defend_G","Strike_G","Strike_G","Strike_G","Survivor","Neutralize","Storm of Steel+1","Flying Knee","Dagger Throw","PiercingWail","Cloak And Dagger","Prepared","Dagger Spray"],"relics":["Ring of the Snake","Omamori","Gremlin Horn"],"potions_floor_usage":[16,16,16],"damage_taken":[{"damage":0,"enemies":"Cultist","floor":1,"turns":6},{"damage":0,"enemies":"2 Louse","floor":2,"turns":2},{"damage":2,"enemies":"Jaw Worm","floor":3,"turns":5},{"damage":6,"enemies":"3 Louse","floor":5,"turns":3},{"damage":3,"enemies":"Red Slaver","floor":10,"turns":3},{"damage":4,"enemies":"Looter","floor":12,"turns":2},{"damage":4,"enemies":"Blue Slaver","floor":13,"turns":3},{"damage":57,"enemies":"Slime Boss","floor":16,"turns":13}],"seed_played":"8724925406404689848","potions_obtained":[{"floor":2,"key":"LiquidBronze"},{"floor":10,"key":"EssenceOfSteel"},{"floor":13,"key":"Ancient Potion"}],"is_trial":false,"path_per_floor":["M","M","M","T","M","R","?","?","T","M","?","M","M","?","R","B"],"character_chosen":"THE_SILENT","items_purchased":[],"campfire_rested":1,"item_purchase_floors":[],"current_hp_per_floor":[70,70,68,68,62,62,51,44,44,41,41,37,33,33,54,0],"gold":534,"neow_bonus":"TRANSFORM_CARD","is_prod":false,"is_daily":false,"chose_seed":false,"campfire_upgraded":1,"win_rate":0.0,"timestamp":1556560373,"path_taken":["M","M","M","?","M","R","?","?","T","M","?","M","?","?","R","BOSS"],"build_version":"2019-01-23","purchased_purges":0,"victory":false,"max_hp_per_floor":[70,70,70,70,70,70,70,70,70,70,70,70,70,70,70,70],"card_choices":[{"not_picked":["Quick Slash","Flechettes"],"picked":"Flying Knee","floor":1},{"not_picked":["Skewer","Outmaneuver"],"picked":"Dagger Throw","floor":2},{"not_picked":["Footwork","Deflect"],"picked":"PiercingWail","floor":3},{"not_picked":["Well Laid Plans","Doppelganger"],"picked":"Cloak And Dagger","floor":5},{"not_picked":["Flying Knee","Acrobatics"],"picked":"Prepared","floor":10},{"not_picked":["Sucker Punch","Dodge and Roll"],"picked":"Dagger Spray","floor":12},{"not_picked":["Terror","Dodge and Roll","Underhanded Strike"],"picked":"SKIP","floor":13}],"player_experience":125845,"relics_obtained":[{"floor":4,"key":"Omamori"},{"floor":9,"key":"Gremlin Horn"}],"event_choices":[{"damage_healed":0,"gold_gain":75,"player_choice":"Gather Gold","damage_taken":11,"max_hp_gain":0,"max_hp_loss":0,"event_name":"World of Goop","floor":7,"gold_loss":0},{"cards_removed":["Defend_G"],"damage_healed":0,"gold_gain":0,"player_choice":"Card Removal","damage_taken":7,"max_hp_gain":0,"max_hp_loss":0,"event_name":"Golden Wing","floor":8,"gold_loss":0},{"damage_healed":0,"gold_gain":275,"player_choice":"Desecrate","damage_taken":0,"max_hp_gain":0,"max_hp_loss":0,"event_name":"Golden Shrine","floor":11,"gold_loss":0,"cards_obtained":["Regret"]},{"cards_removed":["Strike_G"],"damage_healed":0,"gold_gain":0,"player_choice":"Card Removal","damage_taken":0,"max_hp_gain":0,"max_hp_loss":0,"event_name":"The Cleric","floor":14,"gold_loss":50}],"is_beta":false,"boss_relics":[],"items_purged_floors":[],"is_endless":false,"potions_floor_spawned":[2,10,13],"killed_by":"Slime Boss","ascension_level":0}