{"gold_per_floor":[119,119,134,157,173,201,201,215,268,34,34,34,45,45,45,148,148,163,182,97,97,114,114,131,131,131,231,231],"floor_reached":28,"playtime":2252,"items_purged":[],"score":218,"play_id":"bcac4e2f-c1d7-4f22-8c95-0fe13afc3e69","local_time":"20190618232308","is_ascension_mode":false,"campfire_choices":[{"data":"Corruption","floor":7,"key":"SMITH"},{"data":"Perfected Strike","floor":12,"key":"SMITH"},{"data":"Armaments","floor":15,"key":"SMITH"},{"data":"Double Tap","floor":23,"key":"SMITH"},{"data":"Intimidate","floor":25,"key":"SMITH"}],"neow_cost":"NONE","seed_source_timestamp":344633068200,"circlet_count":0,"master_deck":["Strike_R","Strike_R","Strike_R","Strike_R","Strike_R","Defend_R","Defend_R","Defend_R","Defend_R","Bash+1","Rampage+1","Intimidate+1","Corruption+1","Fire Breathing+1","Perfected Strike+1","Feel No Pain+1","Armaments+1","Pommel Strike","Double Tap+1","Entrench","Decay","Bloodletting"],"relics":["Burning Blood","Pen Nib","Oddly Smooth Stone","Frozen Egg 2","Juzu Bracelet","Dream Catcher","Meat on the Bone","Cursed Key","Vajra","Matryoshka","Incense Burner","Kunai"],"potions_floor_usage":[6,6,22,27],"damage_taken":[{"damage":12,"enemies":"Small Slimes","floor":1,"turns":4},{"damage":11,"enemies":"Jaw Worm","floor":3,"turns":2},{"damage":9,"enemies":"Cultist","floor":5,"turns":4},{"damage":6,"enemies":"Gremlin Nob","floor":6,"turns":3},{"damage":2,"enemies":"Red Slaver","floor":8,"turns":3},{"damage":23,"enemies":"Lots of Slimes","floor":13,"turns":5},{"damage":45,"enemies":"The Guardian","floor":16,"turns":7},{"damage":12,"enemies":"Spheric Guardian","floor":18,"turns":4},{"damage":9,"enemies":"3 Byrds","floor":19,"turns":5},{"damage":17,"enemies":"3 Cultists","floor":22,"turns":6},{"damage":10,"enemies":"Centurion and Healer","floor":24,"turns":5},{"damage":29,"enemies":"Colosseum Slavers","floor":27,"turns":4},{"damage":17,"enemies":"Colosseum Nobs","floor":27,"turns":5},{"damage":53,"enemies":"Gremlin Leader","floor":28,"turns":2}],"seed_played":"-7091851570219607891","potions_obtained":[{"floor":1,"key":"SteroidPotion"},{"floor":5,"key":"PowerPotion"},{"floor":8,"key":"AttackPotion"},{"floor":19,"key":"Regen Potion"},{"floor":22,"key":"LiquidBronze"}],"is_trial":false,"path_per_floor":["M","?","M","T","M","E","R","M","T","$","?","R","M","$","R","B",null,"M","M","?","?","M","R","M","R","T","?","E"],"character_chosen":"IRONCLAD","items_purchased":["Feel No Pain+1","Dream Catcher","Armaments"],"campfire_rested":0,"item_purchase_floors":[10,10,10],"current_hp_per_floor":[74,58,53,53,50,50,50,54,54,54,54,54,49,49,49,22,80,74,71,71,71,74,74,70,70,70,48,0],"gold":231,"neow_bonus":"RANDOM_COMMON_RELIC","is_prod":false,"is_daily":false,"chose_seed":false,"campfire_upgraded":5,"win_rate":0.0,"timestamp":1560914588,"path_taken":["M","?","M","?","M","E","R","?","T","?","?","R","M","$","R","BOSS","M","M","?","?","M","R","M","R","T","?","E"],"build_version":"2019-01-23","purchased_purges":0,"victory":false,"max_hp_per_floor":[80,80,80,80,80,80,80,80,80,80,80,80,80,80,80,80,80,80,80,80,80,80,80,80,80,80,80,80],"card_choices":[{"not_picked":["Second Wind","Sever Soul"],"picked":"Rampage","floor":1},{"not_picked":["Bloodletting","Shrug It Off"],"picked":"Intimidate","floor":3},{"not_picked":["Carnage","Headbutt"],"picked":"Corruption","floor":5},{"not_picked":["Warcry","Body Slam"],"picked":"Fire Breathing","floor":6},{"not_picked":["Dropkick","Intimidate"],"picked":"Perfected Strike","floor":8},{"not_picked":["Shrug It Off","Flex"],"picked":"Pommel Strike","floor":13},{"not_picked":["Brutality+1","Berserk+1"],"picked":"Double Tap","floor":16},{"not_picked":["Clash","Sever Soul","Sword Boomerang"],"picked":"SKIP","floor":18},{"not_picked":["Anger","Flex"],"picked":"Entrench","floor":19},{"not_picked":["Clash","Entrench","Armaments"],"picked":"SKIP","floor":22},{"not_picked":["Reckless Charge+1","Burning Pact","Flex"],"picked":"SKIP","floor":24},{"not_picked":["Anger","Fiend Fire"],"picked":"Bloodletting","floor":27}],"player_experience":80148,"relics_obtained":[{"floor":4,"key":"Oddly Smooth Stone"},{"floor":6,"key":"Frozen Egg 2"},{"floor":9,"key":"Juzu Bracelet"},{"floor":26,"key":"Matryoshka"},{"floor":27,"key":"Incense Burner"},{"floor":27,"key":"Kunai"}],"event_choices":[{"damage_healed":0,"gold_gain":0,"player_choice":"Entered Light","damage_taken":16,"max_hp_gain":0,"max_hp_loss":0,"event_name":"Shining Light","floor":2,"gold_loss":0,"cards_upgraded":["Bash","Rampage"]},{"damage_healed":0,"gold_gain":0,"player_choice":"Gave Potion","damage_taken":0,"relics_obtained":["Meat on the Bone"],"max_hp_gain":0,"max_hp_loss":0,"event_name":"WeMeetAgain","floor":11,"gold_loss":0},{"damage_healed":0,"gold_gain":0,"player_choice":"Obtained Relic","damage_taken":0,"relics_obtained":["Vajra"],"max_hp_gain":0,"max_hp_loss":0,"event_name":"Addict","floor":20,"gold_loss":85},{"damage_healed":0,"gold_gain":0,"player_choice":"Ignored","damage_taken":0,"max_hp_gain":0,"max_hp_loss":0,"event_name":"Ghosts","floor":21,"gold_loss":0},{"damage_healed":0,"gold_gain":0,"player_choice":"Fight","damage_taken":0,"max_hp_gain":0,"max_hp_loss":0,"event_name":"Colosseum","floor":27,"gold_loss":0},{"damage_healed":0,"gold_gain":0,"player_choice":"Fought Nobs","damage_taken":0,"max_hp_gain":0,"max_hp_loss":0,"event_name":"Colosseum","floor":27,"gold_loss":0}],"is_beta":false,"boss_relics":[{"not_picked":["Runic Cube","Philosopher\u0027s Stone"],"picked":"Cursed Key"}],"items_purged_floors":[],"is_endless":false,"potions_floor_spawned":[1,5,8,19,22,27],"killed_by":"Gremlin Leader","ascension_level":0}