{"gold_per_floor":[113,63,63,83,99,99,116,126,126,143,170,170,183,202,202,301,301,312,312,326,350,350,377,393,407,407,418,418,37,53,79,79,176,176,194,205,205,205,221,221,221,221,245,245,263,281,25,325,325,325],"floor_reached":50,"playtime":4078,"items_purged":["Defend_B"],"score":538,"play_id":"5cdc0289-451c-4280-a8d3-70b9577767e8","local_time":"20190616181447","is_ascension_mode":false,"campfire_choices":[{"data":"Zap","floor":6,"key":"SMITH"},{"data":"Self Repair","floor":15,"key":"SMITH"},{"data":"White Noise","floor":28,"key":"SMITH"},{"data":"White Noise","floor":32,"key":"SMITH"},{"data":"Redo","floor":40,"key":"SMITH"},{"data":"Seek","floor":42,"key":"SMITH"},{"data":"Dualcast","floor":44,"key":"SMITH"},{"data":"Panache","floor":49,"key":"SMITH"}],"neow_cost":"PERCENT_DAMAGE","seed_source_timestamp":179792009255800,"circlet_count":0,"master_deck":["Strike_B+1","Defend_B","Zap+1","Dualcast+1","BootSequence","Doom and Gloom+1","Hologram","Loop","Darkness","FTL","Redo+1","Self Repair+1","Loop","BootSequence","Compile Driver","Reboot","Storm+1","White Noise+1","White Noise+1","Skim+1","Sweeping Beam+1","Biased Cognition","Seek+1","Defragment+1","Panache+1","Buffer"],"relics":["Cracked Core","Orichalcum","Whetstone","Bottled Flame","Nuclear Battery","CultistMask","Regal Pillow","Pen Nib","Unceasing Top","Thread and Needle","Dodecahedron","Sozu","Bag of Preparation"],"potions_floor_usage":[16,25,33,33],"damage_taken":[{"damage":6,"enemies":"Cultist","floor":1,"turns":3},{"damage":0,"enemies":"2 Louse","floor":4,"turns":3},{"damage":0,"enemies":"Small Slimes","floor":5,"turns":3},{"damage":12,"enemies":"Exordium Wildlife","floor":7,"turns":4},{"damage":0,"enemies":"Large Slime","floor":8,"turns":3},{"damage":3,"enemies":"Exordium Thugs","floor":10,"turns":2},{"damage":12,"enemies":"Lagavulin","floor":11,"turns":4},{"damage":0,"enemies":"3 Louse","floor":13,"turns":2},{"damage":0,"enemies":"Gremlin Gang","floor":14,"turns":1},{"damage":0,"enemies":"Slime Boss","floor":16,"turns":7},{"damage":19,"enemies":"Spheric Guardian","floor":18,"turns":4},{"damage":4,"enemies":"2 Thieves","floor":20,"turns":3},{"damage":35,"enemies":"Gremlin Leader","floor":23,"turns":5},{"damage":0,"enemies":"Cultist and Chosen","floor":24,"turns":3},{"damage":10,"enemies":"Snecko","floor":25,"turns":4},{"damage":28,"enemies":"Shelled Parasite and Fungi","floor":27,"turns":4},{"damage":0,"enemies":"Centurion and Healer","floor":30,"turns":3},{"damage":9,"enemies":"Book of Stabbing","floor":31,"turns":3},{"damage":34,"enemies":"Collector","floor":33,"turns":5},{"damage":9,"enemies":"3 Shapes","floor":35,"turns":2},{"damage":0,"enemies":"Orb Walker","floor":36,"turns":2},{"damage":0,"enemies":"Maw","floor":39,"turns":4},{"damage":0,"enemies":"Jaw Worm Horde","floor":45,"turns":1},{"damage":5,"enemies":"Sphere and 2 Shapes","floor":46,"turns":2},{"damage":84,"enemies":"Donu and Deca","floor":50,"turns":5}],"seed_played":"2216953349738320050","potions_obtained":[{"floor":5,"key":"FairyPotion"},{"floor":8,"key":"FearPotion"},{"floor":10,"key":"FearPotion"},{"floor":11,"key":"Strength Potion"},{"floor":20,"key":"SteroidPotion"},{"floor":23,"key":"EssenceOfSteel"},{"floor":27,"key":"Poison Potion"},{"floor":30,"key":"SkillPotion"},{"floor":31,"key":"SkillPotion"}],"is_trial":false,"path_per_floor":["M","?","?","M","M","R","M","M","T","M","E","?","M","M","R","B",null,"M","?","M","T","?","E","M","M","T","M","R","$","M","E","R","B",null,"M","M","?","?","M","R","?","R","T","R","M","M","$","?","R","B"],"character_chosen":"DEFECT","items_purchased":["Thread and Needle","Panache","Buffer"],"campfire_rested":0,"item_purchase_floors":[29,47,47],"current_hp_per_floor":[48,48,45,45,45,45,33,33,33,30,25,25,32,32,32,32,75,66,66,72,72,72,47,57,57,57,39,39,39,49,50,50,26,75,75,75,71,71,71,71,71,71,71,71,71,66,66,66,66,0],"gold":325,"neow_bonus":"TRANSFORM_TWO_CARDS","is_prod":false,"is_daily":false,"chose_seed":false,"campfire_upgraded":8,"win_rate":0.0,"timestamp":1560723287,"path_taken":["M","?","?","M","M","R","M","M","T","M","E","?","?","M","R","BOSS","M","?","?","?","?","E","M","M","T","M","R","$","M","E","R","BOSS","M","M","?","?","M","R","?","R","T","R","?","M","?","?","R","BOSS"],"build_version":"2019-01-23","purchased_purges":1,"victory":false,"max_hp_per_floor":[75,75,75,75,75,75,75,75,75,75,75,75,75,75,75,75,75,75,75,75,75,75,75,75,75,75,75,75,75,75,75,75,75,75,75,75,71,71,71,71,71,71,71,71,71,71,71,71,71,71],"card_choices":[{"not_picked":["Melter","Aggregate"],"picked":"Hologram","floor":1},{"not_picked":["Hologram","Coolheaded"],"picked":"Loop","floor":4},{"not_picked":["Ball Lightning","Stack"],"picked":"Darkness","floor":5},{"not_picked":["Undo","Rebound"],"picked":"FTL","floor":7},{"not_picked":["Loop","Stack"],"picked":"Redo","floor":8},{"not_picked":["Echo Form","Coolheaded"],"picked":"Self Repair","floor":10},{"not_picked":["Cold Snap","Beam Cell"],"picked":"Loop","floor":11},{"not_picked":["Beam Cell","Steam"],"picked":"Compile Driver","floor":13},{"not_picked":["Rebound","Amplify","Compile Driver"],"picked":"SKIP","floor":14},{"not_picked":["Rainbow","All For One"],"picked":"Reboot","floor":16},{"not_picked":["Leap","Go for the Eyes","Streamline"],"picked":"SKIP","floor":18},{"not_picked":["BootSequence","Coolheaded"],"picked":"Storm","floor":20},{"not_picked":["Darkness","Amplify"],"picked":"White Noise","floor":23},{"not_picked":["Go for the Eyes","Steam"],"picked":"Skim+1","floor":24},{"not_picked":["Undo","Cold Snap+1"],"picked":"Sweeping Beam+1","floor":25},{"not_picked":["Aggregate","Streamline","Coolheaded"],"picked":"SKIP","floor":27},{"not_picked":["Compile Driver+1","Gash","Go for the Eyes+1"],"picked":"SKIP","floor":30},{"not_picked":["Rebound","Redo"],"picked":"Biased Cognition","floor":31},{"not_picked":["Rainbow","Multi-Cast"],"picked":"Seek","floor":33},{"not_picked":["Cold Snap","Coolheaded","Reinforced Body+1"],"picked":"SKIP","floor":35},{"not_picked":["Consume","Blizzard"],"picked":"Defragment+1","floor":36},{"not_picked":["Stack+1","BootSequence+1","Beam Cell"],"picked":"SKIP","floor":39},{"not_picked":["Streamline+1","Skim+1","Cold Snap"],"picked":"SKIP","floor":45},{"not_picked":["Aggregate+1","Storm","Steam"],"picked":"SKIP","floor":46}],"player_experience":70574,"relics_obtained":[{"floor":9,"key":"Whetstone"},{"floor":11,"key":"Bottled Flame"},{"floor":21,"key":"Regal Pillow"},{"floor":23,"key":"Pen Nib"},{"floor":26,"key":"Unceasing Top"},{"floor":31,"key":"Dodecahedron"},{"floor":43,"key":"Bag of Preparation"}],"event_choices":[{"cards_removed":["Defend_B"],"damage_healed":0,"gold_gain":0,"player_choice":"Card Removal","damage_taken":0,"max_hp_gain":0,"max_hp_loss":0,"event_name":"The Cleric","floor":2,"gold_loss":50},{"damage_healed":0,"gold_gain":0,"player_choice":"Success","damage_taken":3,"relics_obtained":["Orichalcum"],"max_hp_gain":0,"max_hp_loss":0,"event_name":"Scrap Ooze","floor":3,"gold_loss":0},{"damage_healed":0,"gold_gain":0,"cards_transformed":["Strike_B"],"player_choice":"Transformed","damage_taken":0,"max_hp_gain":0,"max_hp_loss":0,"event_name":"Transmorgrifier","floor":12,"gold_loss":0,"cards_obtained":["BootSequence"]},{"damage_healed":0,"gold_gain":0,"player_choice":"Trade","damage_taken":0,"relics_obtained":["CultistMask"],"max_hp_gain":0,"max_hp_loss":0,"event_name":"FaceTrader","floor":19,"gold_loss":0},{"damage_healed":0,"gold_gain":0,"player_choice":"Read","damage_taken":0,"max_hp_gain":0,"max_hp_loss":0,"event_name":"The Library","floor":22,"gold_loss":0,"cards_obtained":["White Noise"]},{"damage_healed":0,"gold_gain":0,"player_choice":"Max HP","damage_taken":0,"max_hp_gain":0,"max_hp_loss":4,"event_name":"Winding Halls","floor":37,"gold_loss":0},{"cards_removed":["Strike_B"],"damage_healed":0,"gold_gain":0,"player_choice":"Removed Attack","damage_taken":0,"max_hp_gain":0,"max_hp_loss":0,"event_name":"Falling","floor":38,"gold_loss":0},{"damage_healed":0,"gold_gain":0,"player_choice":"Upgraded","damage_taken":0,"max_hp_gain":0,"max_hp_loss":0,"event_name":"Upgrade Shrine","floor":41,"gold_loss":0,"cards_upgraded":["Storm"]},{"damage_healed":0,"gold_gain":300,"player_choice":"Gold","damage_taken":0,"max_hp_gain":0,"max_hp_loss":0,"event_name":"Wheel of Change","floor":48,"gold_loss":0}],"is_beta":false,"boss_relics":[{"not_picked":["Eternal Feather","Runic Dome"],"picked":"Nuclear Battery"},{"not_picked":["Calling Bell","Astrolabe"],"picked":"Sozu"}],"items_purged_floors":[29],"is_endless":false,"potions_floor_spawned":[5,8,10,11,20,23,27,30,31,35,45,46],"killed_by":"Donu and Deca","ascension_level":0}