{"gold_per_floor":[112,112,126,126,136,136,169,12,39,61,89,101,7,23,23,120,120,130,141,155,174,107,107,207,236,236,236,236],"floor_reached":28,"playtime":1263,"items_purged":[],"score":288,"play_id":"6c316b00-0b75-4887-a80b-5b13b802c88d","local_time":"20190228184048","is_ascension_mode":true,"campfire_choices":[{"data":"Defragment","floor":6,"key":"SMITH"},{"floor":15,"key":"REST"},{"floor":23,"key":"REST"}],"neow_cost":"NONE","seed_source_timestamp":1056238385240450,"circlet_count":0,"master_deck":["Strike_B+1","Strike_B+1","Strike_B","Strike_B","Defend_B","Defend_B","Defend_B","Defend_B","Zap","Dualcast","Darkness","Tempest+1","Defragment+1","Cold Snap","Ball Lightning","Loop","Auto Shields","Electrodynamics","Capacitor","FTL","Decay"],"relics":["Cracked Core","Orichalcum","Blood Vial","MawBank","Sozu","Turnip","Singing Bowl","Pantograph","Question Card"],"potions_floor_usage":[7,16],"damage_taken":[{"damage":4,"enemies":"Jaw Worm","floor":1,"turns":3},{"damage":7,"enemies":"Small Slimes","floor":3,"turns":3},{"damage":8,"enemies":"2 Louse","floor":5,"turns":2},{"damage":13,"enemies":"Gremlin Nob","floor":7,"turns":3},{"damage":10,"enemies":"Blue Slaver","floor":10,"turns":3},{"damage":3,"enemies":"Exordium Wildlife","floor":11,"turns":3},{"damage":11,"enemies":"3 Louse","floor":14,"turns":2},{"damage":21,"enemies":"The Guardian","floor":16,"turns":8},{"damage":6,"enemies":"Chosen","floor":18,"turns":3},{"damage":1,"enemies":"3 Byrds","floor":19,"turns":3},{"damage":39,"enemies":"Centurion and Healer","floor":20,"turns":4},{"damage":5,"enemies":"Cultist and Chosen","floor":21,"turns":4},{"damage":27,"enemies":"Colosseum Slavers","floor":24,"turns":3},{"damage":20,"enemies":"Colosseum Nobs","floor":24,"turns":4},{"damage":28,"enemies":"Gremlin Leader","floor":25,"turns":5},{"damage":12,"enemies":"Shelled Parasite and Fungi","floor":28,"turns":1}],"seed_played":"-1912681991218228901","potions_obtained":[{"floor":5,"key":"Regen Potion"},{"floor":11,"key":"FearPotion"},{"floor":14,"key":"SneckoOil"},{"floor":16,"key":"FairyPotion"}],"is_trial":false,"path_per_floor":["M","?","M","?","M","R","E","$","T","M","M","?","$","M","R","B",null,"M","M","M","M","$","R","?","E","T","?","M"],"character_chosen":"DEFECT","items_purchased":["Blood Vial","Loop","Auto Shields","Capacitor"],"campfire_rested":2,"item_purchase_floors":[8,13,13,22],"current_hp_per_floor":[78,62,55,55,47,47,43,43,43,35,34,34,34,25,49,30,82,76,77,40,37,37,61,20,8,8,8,0],"gold":236,"neow_bonus":"TEN_PERCENT_HP_BONUS","is_prod":false,"is_daily":false,"chose_seed":false,"campfire_upgraded":1,"win_rate":0,"timestamp":1551339648,"path_taken":["M","?","M","?","M","R","E","$","T","M","M","?","?","M","R","BOSS","M","M","M","M","$","R","?","E","T","?","M"],"build_version":"2019-01-23","purchased_purges":0,"victory":false,"max_hp_per_floor":[82,82,82,82,82,82,82,82,82,82,82,82,82,82,82,82,82,82,82,82,82,82,82,84,84,84,84,84],"card_choices":[{"not_picked":["Rebound","Recycle"],"picked":"Darkness","floor":1},{"not_picked":["Recycle","Rebound"],"picked":"Tempest","floor":3},{"not_picked":["Recycle","Scrape"],"picked":"Defragment","floor":5},{"not_picked":["Streamline","Turbo","Leap"],"picked":"SKIP","floor":7},{"not_picked":["Stack","Go for the Eyes"],"picked":"Cold Snap","floor":10},{"not_picked":["Sweeping Beam","Recycle"],"picked":"Ball Lightning","floor":11},{"not_picked":["Sweeping Beam","Gash","Redo"],"picked":"SKIP","floor":14},{"not_picked":["Multi-Cast","Hyperbeam"],"picked":"Electrodynamics","floor":16},{"not_picked":["FTL+1","Beam Cell","Turbo"],"picked":"SKIP","floor":18},{"not_picked":["Auto Shields","Turbo+1","Reprogram"],"picked":"SKIP","floor":19},{"not_picked":["Turbo+1","Streamline","Stack"],"picked":"SKIP","floor":20},{"not_picked":["Stack","Steam","Leap+1"],"picked":"SKIP","floor":21},{"not_picked":["BootSequence","Glacier","Heatsinks+1"],"picked":"Singing Bowl","floor":24},{"not_picked":["Glacier","BootSequence"],"picked":"FTL","floor":25}],"player_experience":205701,"relics_obtained":[{"floor":7,"key":"Orichalcum"},{"floor":9,"key":"MawBank"},{"floor":24,"key":"Turnip"},{"floor":24,"key":"Singing Bowl"},{"floor":25,"key":"Pantograph"},{"floor":26,"key":"Question Card"}],"event_choices":[{"damage_healed":0,"gold_gain":0,"player_choice":"Entered Light","damage_taken":16,"max_hp_gain":0,"max_hp_loss":0,"event_name":"Shining Light","floor":2,"gold_loss":0,"cards_upgraded":["Strike_B","Strike_B"]},{"damage_healed":0,"gold_gain":0,"player_choice":"Grow","damage_taken":0,"max_hp_gain":0,"max_hp_loss":0,"event_name":"Living Wall","floor":4,"gold_loss":0,"cards_upgraded":["Tempest"]},{"damage_healed":0,"gold_gain":0,"player_choice":"Leave","damage_taken":0,"max_hp_gain":0,"max_hp_loss":0,"event_name":"The Cleric","floor":12,"gold_loss":0},{"damage_healed":0,"gold_gain":0,"player_choice":"Fight","damage_taken":0,"max_hp_gain":0,"max_hp_loss":0,"event_name":"Colosseum","floor":24,"gold_loss":0},{"damage_healed":0,"gold_gain":0,"player_choice":"Fought Nobs","damage_taken":0,"max_hp_gain":0,"max_hp_loss":0,"event_name":"Colosseum","floor":24,"gold_loss":0},{"damage_healed":0,"gold_gain":0,"player_choice":"Smashed Altar","damage_taken":0,"max_hp_gain":0,"max_hp_loss":0,"event_name":"Forgotten Altar","floor":27,"gold_loss":0,"cards_obtained":["Decay"]}],"is_beta":false,"boss_relics":[{"not_picked":["Velvet Choker","Ectoplasm"],"picked":"Sozu"}],"items_purged_floors":[],"is_endless":false,"potions_floor_spawned":[5,11,14,16,21,24],"killed_by":"Shelled Parasite and Fungi","ascension_level":4}