{"path_per_floor":["M","M","M","?","?","E","$","R","T","M","T","E","?","E","R","B",null,"M","$","?","M","M","E","R"],"character_chosen":"IRONCLAD","items_purchased":["Dodecahedron","Evolve","Feel No Pain"],"gold_per_floor":[111,121,134,309,309,343,18,18,18,38,61,92,92,127,127,229,229,249,140,140,126,136,168,168],"floor_reached":25,"campfire_rested":1,"playtime":3935,"current_hp_per_floor":[94,94,94,94,94,94,94,94,94,94,94,89,89,94,94,94,94,94,94,94,89,75,37,67],"items_purged":["Decay"],"gold":168,"play_id":"ad742338-338f-4c99-8be4-0c9f41133311","is_prod":false,"is_daily":false,"is_ascension_mode":false,"campfire_upgraded":2,"path_taken":["M","M","M","?","?","E","$","R","T","M","?","E","?","E","R","BOSS","M","$","?","M","M","E","R","E"],"build_version":"2018-02-01-PROD3","purchased_purges":1,"victory":false,"master_deck":["Strike_R","Strike_R","Strike_R","Strike_R","Strike_R","Defend_R","Defend_R","Defend_R","Defend_R","Bash","Metallicize","Flame Barrier","Impervious","Headbutt","Evolve+1","Wild Strike","Warcry","Barricade+1","Feed","Parasite","Corruption+1","Feel No Pain","Havoc","Shrug It Off","Burning Pact+1"],"max_hp_per_floor":[94,94,94,94,94,94,94,94,94,94,94,94,94,94,94,94,94,97,97,97,97,100,103,103],"relics":["Burning Blood","Omamori","Dodecahedron","Torii","Lantern","Juzu Bracelet","Prayer Wheel","Mummified Hand","Calling Bell","Bag of Marbles","Ornamental Fan","Oddly Smooth Stone","Nloth\u0027s Gift","Anchor"],"card_choices":[{"not_picked":["Dropkick","Cleave"],"picked":"Metallicize"},{"not_picked":["Power Through","Heavy Blade"],"picked":"Flame Barrier"},{"not_picked":["Wild Strike","True Grit"],"picked":"Impervious"},{"not_picked":["Iron Wave","Dark Embrace"],"picked":"Headbutt"},{"not_picked":["Thunderclap","Combust"],"picked":"Wild Strike"},{"not_picked":["Heavy Blade","Cleave"],"picked":"Warcry"},{"not_picked":["Clothesline","Pommel Strike"],"picked":"Barricade"},{"not_picked":["Bludgeon","Fiend Fire"],"picked":"Feed"},{"not_picked":["Clothesline","Rage"],"picked":"Corruption"},{"not_picked":["Intimidate","Cleave"],"picked":"Havoc"},{"not_picked":["Headbutt","Body Slam"],"picked":"Shrug It Off"},{"not_picked":["Flex","Pommel Strike"],"picked":"Burning Pact"}],"player_experience":105430,"potions_floor_usage":[6,6,12,16,22],"damage_taken":[{"damage":0,"enemies":"2 Louse","floor":1,"turns":3},{"damage":5,"enemies":"Small Slimes","floor":2,"turns":5},{"damage":0,"enemies":"Cultist","floor":3,"turns":5},{"damage":1,"enemies":"3 Sentries","floor":6,"turns":11},{"damage":2,"enemies":"3 Louse","floor":10,"turns":6},{"damage":11,"enemies":"Gremlin Nob","floor":12,"turns":4},{"damage":1,"enemies":"3 Sentries","floor":14,"turns":13},{"damage":2,"enemies":"Hexaghost","floor":16,"turns":13},{"damage":9,"enemies":"Shell Parasite","floor":18,"turns":11},{"damage":11,"enemies":"2 Thieves","floor":21,"turns":5},{"damage":38,"enemies":"3 Cultists","floor":22,"turns":9},{"damage":47,"enemies":"Slavers","floor":23,"turns":7},{"damage":25,"enemies":"Gremlin Leader","floor":25,"turns":12}],"event_choices":[{"event_name":"Liars Game","player_choice":"agreed","floor":4,"damage_taken":0},{"event_name":"Fountain of Cleansing","player_choice":"Removed Curse","floor":5,"damage_taken":0},{"event_name":"Accursed Blacksmith","player_choice":"Rummage","floor":13,"damage_taken":0},{"event_name":"N\u0027loth","player_choice":"Traded a Mango","floor":20,"damage_taken":0}],"boss_relics":[{"not_picked":["Velvet Choker","Black Blood"],"picked":"Calling Bell"}],"potions_floor_spawned":[1,2,6,14,16,21],"seed_played":"-1238545850483317000","killed_by":"Gremlin Leader","ascension_level":0,"is_trial":false}