{"gold_per_floor":[212,212,236,133,133,133,166,166,212,226,151,151,74,74,74,197,197,210,135,135],"floor_reached":20,"playtime":646,"items_purged":["Regret"],"score":191,"play_id":"81dddb68-1511-4ee8-8358-afcdda5c6535","local_time":"20190216180235","is_ascension_mode":true,"campfire_choices":[{"data":"Inflame","floor":6,"key":"SMITH"},{"floor":8,"key":"REST"},{"data":"Spot Weakness","floor":12,"key":"SMITH"},{"floor":15,"key":"REST"}],"neow_cost":"NONE","seed_source_timestamp":17739814748899,"circlet_count":0,"master_deck":["Strike_R","Strike_R","Strike_R","Defend_R","Defend_R","Defend_R","Defend_R","Bash","Inflame+1","Heavy Blade","Spot Weakness+1","Inflame","Heavy Blade","Barricade","Heavy Blade+1","Exhume+1","Pommel Strike"],"relics":["Burning Blood","Shuriken","Juzu Bracelet","Red Skull","Pen Nib","Bag of Marbles","Golden Idol","Astrolabe"],"potions_floor_usage":[16],"damage_taken":[{"damage":8,"enemies":"2 Louse","floor":1,"turns":3},{"damage":40,"enemies":"Lagavulin","floor":7,"turns":6},{"damage":12,"enemies":"Jaw Worm","floor":10,"turns":2},{"damage":37,"enemies":"Hexaghost","floor":16,"turns":6},{"damage":42,"enemies":"Shell Parasite","floor":18,"turns":4},{"damage":40,"enemies":"Colosseum Slavers","floor":20,"turns":2}],"seed_played":"-7784184664581890595","potions_obtained":[{"floor":10,"key":"Weak Potion"}],"is_trial":false,"path_per_floor":["M","?","T","$","?","R","E","R","T","M","$","R","$","?","R","B",null,"M","?","?"],"character_chosen":"IRONCLAD","items_purchased":["Inflame","Heavy Blade","Heavy Blade","Iron Wave"],"campfire_rested":2,"item_purchase_floors":[4,4,13,13],"current_hp_per_floor":[78,75,75,75,75,75,41,65,65,59,59,59,59,59,74,43,74,38,38,0],"gold":135,"neow_bonus":"HUNDRED_GOLD","is_prod":false,"is_daily":false,"chose_seed":false,"campfire_upgraded":2,"win_rate":0,"timestamp":1550300555,"path_taken":["M","?","?","$","?","R","E","R","T","M","$","R","$","?","R","BOSS","M","?","?"],"build_version":"2019-01-23","purchased_purges":1,"victory":false,"max_hp_per_floor":[80,80,80,80,80,80,80,80,80,80,80,80,80,74,74,74,74,74,74,74],"card_choices":[{"not_picked":["Havoc","Hemokinesis","Power Through"],"picked":"SKIP","floor":1},{"not_picked":["Fiend Fire","Warcry"],"picked":"Spot Weakness","floor":7},{"not_picked":["Ghostly Armor","Flex"],"picked":"Inflame","floor":10},{"not_picked":["Bludgeon","Juggernaut"],"picked":"Barricade","floor":16},{"not_picked":["Sword Boomerang","Searing Blow"],"picked":"Pommel Strike","floor":18}],"player_experience":183950,"relics_obtained":[{"floor":3,"key":"Juzu Bracelet"},{"floor":7,"key":"Pen Nib"},{"floor":9,"key":"Bag of Marbles"}],"event_choices":[{"damage_healed":0,"gold_gain":0,"player_choice":"Success","damage_taken":3,"relics_obtained":["Shuriken"],"max_hp_gain":0,"max_hp_loss":0,"event_name":"Scrap Ooze","floor":2,"gold_loss":0},{"damage_healed":0,"gold_gain":0,"player_choice":"Box","damage_taken":0,"relics_obtained":["Red Skull"],"max_hp_gain":0,"max_hp_loss":0,"event_name":"Big Fish","floor":5,"gold_loss":0,"cards_obtained":["Regret"]},{"damage_healed":0,"gold_gain":0,"player_choice":"Lose Max HP","damage_taken":0,"relics_obtained":["Golden Idol"],"max_hp_gain":0,"max_hp_loss":6,"event_name":"Golden Idol","floor":14,"gold_loss":0},{"cards_removed":["Hemokinesis"],"damage_healed":0,"gold_gain":0,"player_choice":"Gave Gold","damage_taken":0,"max_hp_gain":0,"max_hp_loss":0,"event_name":"Beggar","floor":19,"gold_loss":75},{"damage_healed":0,"gold_gain":0,"player_choice":"Fight","damage_taken":0,"max_hp_gain":0,"max_hp_loss":0,"event_name":"Colosseum","floor":20,"gold_loss":0}],"is_beta":false,"boss_relics":[{"not_picked":["Runic Cube","Calling Bell"],"picked":"Astrolabe"}],"items_purged_floors":[11],"is_endless":false,"potions_floor_spawned":[10],"killed_by":"Colosseum Slavers","ascension_level":3}