{"path_per_floor":["M","M","$","?","M","R","M","E","T","M","R","$","R","$","R","B",null,"M","?","$","M","$","R","M","$","T","T","M","R","E","M","R","B",null,"M","$","M","M","M","R","?","?","T","M","?","M"],"character_chosen":"THE_SILENT","items_purchased":["Quick Slash","Backflip","Blind","Footwork","Caltrops","Infinite Blades","Bag of Marbles"],"gold_per_floor":[118,131,56,56,70,70,80,114,186,199,199,27,27,27,27,131,131,146,146,68,86,48,48,58,18,45,97,113,113,148,163,163,259,259,276,27,40,51,65,65,65,0,0,11,66,83],"floor_reached":47,"campfire_rested":2,"playtime":7926,"current_hp_per_floor":[69,69,69,69,65,65,57,17,24,8,31,31,31,31,31,9,77,77,77,77,73,73,73,64,64,64,64,56,56,54,41,41,32,77,30,30,30,20,4,41,60,60,60,24,10,6],"items_purged":["Regret","Regret"],"gold":83,"play_id":"923e1d9e-e826-40f5-ab5d-8e991919d173","is_prod":false,"is_daily":false,"is_ascension_mode":false,"campfire_upgraded":6,"path_taken":["M","M","$","?","M","R","M","E","T","M","R","?","R","$","R","BOSS","M","?","$","M","?","R","M","$","T","?","M","R","E","M","R","BOSS","M","$","M","M","M","R","?","?","T","M","?","M","?"],"build_version":"2018-01-25-PROD3","purchased_purges":2,"victory":false,"master_deck":["Defend_G+1","Defend_G+1","Defend_G+1","Defend_G+1","Defend_G+1","Strike_G+1","Strike_G+1","Strike_G+1","Strike_G+1","Strike_G+1","Survivor","Neutralize+1","Poisoned Stab+1","Footwork+1","Quick Slash","Backflip","Noxious Fumes+1","Acrobatics","Corpse Explosion+1","Backflip","Blind","Doppelganger","Dash+1","Footwork+1","Endless Agony","Caltrops+1","Dodge and Roll","Infinite Blades+1","Injury","Outmaneuver+1","Sucker Punch+1","Heel Hook+1","Bullet Time","Prepared+1","Catalyst+1","A Thousand Cuts","Footwork+1","Writhe","Parasite","Crippling Poison+1"],"max_hp_per_floor":[70,70,70,70,70,70,70,70,77,77,77,77,77,77,77,77,77,77,77,77,77,77,77,77,77,77,77,77,77,77,77,77,77,77,77,77,77,77,77,77,77,77,77,77,77,77],"relics":["Ring of the Snake","Happy Flower","Matryoshka","Strawberry","Centennial Puzzle","Cursed Key","Oddly Smooth Stone","Whetstone","Dream Catcher","Gremlin Horn","Eternal Feather","Bag of Marbles","Red Mask","Girya","Peace Pipe"],"card_choices":[{"not_picked":["Acrobatics","Calculated Gamble"],"picked":"Poisoned Stab"},{"not_picked":["Deadly Poison","Blade Dance"],"picked":"Footwork"},{"not_picked":["PiercingWail","Slice"],"picked":"Noxious Fumes"},{"not_picked":["Quick Slash","Deflect"],"picked":"Acrobatics"},{"not_picked":["Dagger Throw","Calculated Gamble"],"picked":"Corpse Explosion"},{"not_picked":["Dagger Spray","Deflect"],"picked":"Backflip"},{"not_picked":["Venomology","Die Die Die"],"picked":"Doppelganger"},{"not_picked":["Backflip","Dodge and Roll"],"picked":"Dash"},{"not_picked":["Sucker Punch","Prepared"],"picked":"Endless Agony"},{"not_picked":["Riddle With Holes","Quick Slash"],"picked":"Dodge and Roll"},{"not_picked":["Dagger Throw","Burst"],"picked":"Outmaneuver"},{"not_picked":["Infinite Blades","All Out Attack"],"picked":"Sucker Punch"},{"not_picked":["Dagger Throw","Crippling Poison"],"picked":"Heel Hook"},{"not_picked":["Night Terror","Corpse Explosion"],"picked":"Bullet Time"},{"not_picked":["Dodge and Roll","Eviscerate"],"picked":"Prepared"},{"not_picked":["Sucker Punch","All Out Attack"],"picked":"Catalyst"},{"not_picked":["Catalyst","Backflip"],"picked":"A Thousand Cuts"},{"not_picked":["Dodge and Roll","Backflip"],"picked":"Footwork"},{"not_picked":["Catalyst","Flying Knee"],"picked":"Crippling Poison"}],"player_experience":37258,"potions_floor_usage":[30,30,30,33,33,39,45],"damage_taken":[{"damage":1,"enemies":"Jaw Worm","floor":1,"turns":5},{"damage":0,"enemies":"Cultist","floor":2,"turns":4},{"damage":4,"enemies":"2 Louse","floor":5,"turns":3},{"damage":8,"enemies":"Exordium Thugs","floor":7,"turns":6},{"damage":40,"enemies":"Gremlin Nob","floor":8,"turns":6},{"damage":16,"enemies":"Large Slime","floor":10,"turns":9},{"damage":22,"enemies":"The Guardian","floor":16,"turns":10},{"damage":0,"enemies":"Chosen","floor":18,"turns":5},{"damage":4,"enemies":"3 Byrds","floor":21,"turns":4},{"damage":9,"enemies":"Snake Plant","floor":24,"turns":5},{"damage":8,"enemies":"Centurion and Healer","floor":28,"turns":6},{"damage":11,"enemies":"Slavers","floor":30,"turns":7},{"damage":13,"enemies":"3 Cultists","floor":31,"turns":6},{"damage":9,"enemies":"Champ","floor":33,"turns":14},{"damage":47,"enemies":"3 Shapes","floor":35,"turns":5},{"damage":0,"enemies":"Orb Walker","floor":37,"turns":4},{"damage":10,"enemies":"Maw","floor":38,"turns":9},{"damage":16,"enemies":"Sphere and 2 Shapes","floor":39,"turns":9},{"damage":36,"enemies":"3 Darklings","floor":44,"turns":6},{"damage":14,"enemies":"Mysterious Sphere","floor":45,"turns":5},{"damage":4,"enemies":"4 Shapes","floor":46,"turns":5},{"damage":19,"enemies":"Sphere and 2 Shapes","floor":47,"turns":7}],"event_choices":[{"event_name":"Big Fish","player_choice":"Box","floor":4,"damage_taken":0},{"event_name":"Back to Basics","player_choice":"Simplicity","floor":19,"damage_taken":0},{"event_name":"Winding Halls","player_choice":"Writhe","floor":41,"damage_taken":0},{"event_name":"Tomb of Lord Red Mask","player_choice":"Paid","floor":42,"damage_taken":0},{"event_name":"Mysterious Sphere","player_choice":"Fight","floor":45,"damage_taken":0}],"boss_relics":[{"not_picked":["Runic Pyramid","Calling Bell"],"picked":"Cursed Key"},{"not_picked":["White Beast Statue","Tiny House"],"picked":"Eternal Feather"}],"potions_floor_spawned":[2,8,10,30,31,33,44,45],"seed_played":"-190166896334557398","killed_by":"Sphere and 2 Shapes","ascension_level":0,"is_trial":false}