{"gold_per_floor":[109,109,128,143,143,171,186,286,367,367,384,384,410,429,429,429],"floor_reached":16,"playtime":655,"items_purged":[],"score":151,"play_id":"adb32611-931d-49bf-9524-836490c52175","local_time":"20190618205730","is_ascension_mode":true,"campfire_choices":[{"data":"Infernal Blade","floor":10.0,"key":"SMITH"},{"data":"Bash","floor":12.0,"key":"SMITH"},{"floor":15,"key":"REST"}],"neow_cost":"NONE","seed_source_timestamp":0,"circlet_count":0,"master_deck":["Strike_R+1","Strike_R","Strike_R","Strike_R+1","Defend_R","Defend_R","Defend_R","Defend_R","Bash+1","Sever Soul","Corruption","Dropkick","Infernal Blade+1","Shrug It Off","Shrug It Off","Armaments","Iron Wave"],"special_seed":0,"relics":["Burning Blood","Whetstone","Bird Faced Urn","Bottled Lightning","Strawberry"],"potions_floor_usage":[16],"damage_taken":[{"damage":6.0,"enemies":"Cultist","floor":1.0,"turns":3.0},{"damage":3.0,"enemies":"Small Slimes","floor":3.0,"turns":3.0},{"damage":2.0,"enemies":"2 Louse","floor":4.0,"turns":3.0},{"damage":24.0,"enemies":"Gremlin Nob","floor":6.0,"turns":4.0},{"damage":12.0,"enemies":"Looter","floor":7.0,"turns":4.0},{"damage":0.0,"enemies":"Large Slime","floor":11.0,"turns":5.0},{"damage":27.0,"enemies":"Lagavulin","floor":13.0,"turns":4.0},{"damage":20.0,"enemies":"Exordium Wildlife","floor":14.0,"turns":4.0},{"damage":63,"enemies":"The Guardian","floor":16,"turns":10}],"seed_played":"-5561525305527557802","potions_obtained":[{"floor":3.0,"key":"Fire Potion"},{"floor":11.0,"key":"AttackPotion"},{"floor":13.0,"key":"PowerPotion"}],"is_trial":false,"path_per_floor":["M","?","M","M","?","E","M","?","T","R","M","R","E","M","R","B"],"character_chosen":"IRONCLAD","items_purchased":[],"campfire_rested":1,"item_purchase_floors":[],"current_hp_per_floor":[72,72,75,79,79,61,55,55,55,55,61,61,47,33,59,0],"gold":429,"neow_bonus":"RANDOM_COMMON_RELIC","is_prod":false,"is_daily":false,"chose_seed":false,"campfire_upgraded":2,"win_rate":0,"timestamp":1560855450,"path_taken":["M","?","M","?","?","E","M","?","T","R","?","R","E","M","R","BOSS"],"build_version":"2019-01-23","purchased_purges":0,"victory":false,"max_hp_per_floor":[80,80,80,80,80,80,80,80,80,80,80,80,87,87,87,87],"card_choices":[{"not_picked":["Wild Strike","Bloodletting"],"picked":"Sever Soul","floor":1.0},{"not_picked":["Carnage","Anger"],"picked":"Corruption","floor":3.0},{"not_picked":["Whirlwind","Corruption"],"picked":"Dropkick","floor":4.0},{"not_picked":["Searing Blow","Uppercut"],"picked":"Infernal Blade","floor":6.0},{"not_picked":["Dual Wield","Cleave"],"picked":"Shrug It Off","floor":7.0},{"not_picked":["Flex","Wild Strike"],"picked":"Shrug It Off","floor":11.0},{"not_picked":["Bloodletting","Dual Wield"],"picked":"Armaments","floor":13.0},{"not_picked":["Cleave","Wild Strike"],"picked":"Iron Wave","floor":14.0}],"player_experience":458187,"relics_obtained":[{"floor":6.0,"key":"Bird Faced Urn"},{"floor":9.0,"key":"Bottled Lightning"},{"floor":13.0,"key":"Strawberry"}],"event_choices":[{"cards_removed":["Strike_R"],"damage_healed":0.0,"max_hp_gain":0.0,"max_hp_loss":0.0,"gold_gain":0.0,"event_name":"Bonfire Elementals","player_choice":"Offered Basic","floor":2.0,"gold_loss":0.0,"damage_taken":0.0},{"damage_healed":0.0,"max_hp_gain":0.0,"max_hp_loss":0.0,"gold_gain":0.0,"event_name":"The Cleric","player_choice":"Leave","floor":5.0,"gold_loss":0.0,"damage_taken":0.0},{"damage_healed":0.0,"max_hp_gain":0.0,"max_hp_loss":0.0,"gold_gain":100.0,"event_name":"Golden Shrine","player_choice":"Pray","floor":8.0,"gold_loss":0.0,"damage_taken":0.0}],"is_beta":false,"boss_relics":[],"items_purged_floors":[],"is_endless":false,"potions_floor_spawned":[3,11,13],"killed_by":"The Guardian","ascension_level":7}