{"gold_per_floor":[109,122,140,154,15,46,57,86,109,94],"floor_reached":10,"playtime":505,"items_purged":[],"score":88,"play_id":"ed0f9946-4d96-4ee4-b3e5-8c28cbca88ca","local_time":"20190429213000","is_ascension_mode":true,"campfire_choices":[],"neow_cost":"NONE","seed_source_timestamp":598268460086729,"circlet_count":0,"master_deck":["Strike_B","Strike_B","Strike_B","Strike_B","Defend_B","Defend_B","Defend_B","Defend_B","Zap","Dualcast","Skim","Loop","Core Surge","Self Repair","Ball Lightning","Electrodynamics"],"relics":["Cracked Core","Pen Nib","Regal Pillow","Pocketwatch","PreservedInsect"],"potions_floor_usage":[8],"damage_taken":[{"damage":2,"enemies":"2 Louse","floor":1,"turns":3},{"damage":1,"enemies":"Cultist","floor":2,"turns":3},{"damage":6,"enemies":"Small Slimes","floor":3,"turns":4},{"damage":6,"enemies":"Blue Slaver","floor":4,"turns":4},{"damage":24,"enemies":"Gremlin Nob","floor":6,"turns":4},{"damage":31,"enemies":"Exordium Wildlife","floor":7,"turns":6},{"damage":9,"enemies":"3 Sentries","floor":8,"turns":2},{"damage":21,"enemies":"Exordium Thugs","floor":10,"turns":1}],"seed_played":"-2592931547562329476","potions_obtained":[{"floor":1,"key":"PowerPotion"},{"floor":3,"key":"Explosive Potion"},{"floor":4,"key":"SteroidPotion"},{"floor":8,"key":"GamblersBrew"}],"is_trial":false,"path_per_floor":["M","M","M","M","$","E","M","E","T","M"],"character_chosen":"DEFECT","items_purchased":["Core Surge","Self Repair"],"campfire_rested":0,"item_purchase_floors":[5,5],"current_hp_per_floor":[73,72,66,60,60,43,19,17,17,0],"gold":94,"neow_bonus":"RANDOM_COMMON_RELIC","is_prod":false,"is_daily":false,"chose_seed":false,"campfire_upgraded":0,"win_rate":0,"timestamp":1556537400,"path_taken":["M","M","M","M","$","E","M","E","T","M"],"build_version":"2019-01-23","purchased_purges":0,"victory":false,"max_hp_per_floor":[75,75,75,75,75,75,75,75,75,75],"card_choices":[{"not_picked":["Capacitor","Go for the Eyes","Lockon"],"picked":"SKIP","floor":1},{"not_picked":["Stack","Redo","Barrage"],"picked":"SKIP","floor":2},{"not_picked":["Genetic Algorithm","Leap"],"picked":"Skim","floor":3},{"not_picked":["Glacier","Rebound"],"picked":"Loop","floor":4},{"not_picked":["Lockon","Leap"],"picked":"Ball Lightning","floor":6},{"not_picked":["Doom and Gloom","Compile Driver","Barrage"],"picked":"SKIP","floor":7},{"not_picked":["Self Repair","Redo"],"picked":"Electrodynamics","floor":8}],"player_experience":351486,"relics_obtained":[{"floor":6,"key":"Regal Pillow"},{"floor":8,"key":"Pocketwatch"},{"floor":9,"key":"PreservedInsect"}],"event_choices":[],"is_beta":false,"boss_relics":[],"items_purged_floors":[],"is_endless":false,"potions_floor_spawned":[1,3,4,8],"killed_by":"Exordium Thugs","ascension_level":2}