{"gold_per_floor":[110,110,110,121,121,121,164,164,164,89,89,130,154,173,173,297,297,297,297,297,297,297,297,297,297,297,297,297,297,41,41,41,41],"floor_reached":33,"playtime":1305,"items_purged":["Regret","Writhe"],"score":366,"play_id":"0a7c68ac-1822-4658-a29d-3e1da21a78e0","local_time":"20190228181921","is_ascension_mode":true,"campfire_choices":[{"data":"Bash","floor":6,"key":"SMITH"},{"data":"Pommel Strike","floor":8,"key":"SMITH"},{"floor":15,"key":"REST"},{"floor":25,"key":"REST"},{"floor":27,"key":"REST"},{"floor":32,"key":"REST"}],"neow_cost":"NONE","seed_source_timestamp":1054908733026290,"circlet_count":0,"master_deck":["Strike_R","Strike_R","Strike_R","Strike_R","Strike_R","Defend_R","Defend_R","Defend_R","Defend_R","Bash+1","Pommel Strike+1","Rampage","Pommel Strike","Bludgeon","Inflame+1","Shockwave+1","RitualDagger","Inflame"],"relics":["Burning Blood","NeowsBlessing","Question Card","Golden Idol","Mercury Hourglass","Dream Catcher","Lantern","Ectoplasm","PreservedInsect","Blue Candle","Red Skull","Anchor","Regal Pillow"],"potions_floor_usage":[16,16,16,20,29,33],"damage_taken":[{"damage":0,"enemies":"Jaw Worm","floor":1,"turns":1},{"damage":0,"enemies":"2 Louse","floor":4,"turns":1},{"damage":2,"enemies":"Gremlin Nob","floor":7,"turns":2},{"damage":35,"enemies":"3 Sentries","floor":12,"turns":6},{"damage":0,"enemies":"Small Slimes","floor":13,"turns":2},{"damage":6,"enemies":"Exordium Thugs","floor":14,"turns":3},{"damage":63,"enemies":"The Guardian","floor":16,"turns":7},{"damage":6,"enemies":"Spheric Guardian","floor":18,"turns":3},{"damage":14,"enemies":"Shell Parasite","floor":19,"turns":2},{"damage":37,"enemies":"Shelled Parasite and Fungi","floor":20,"turns":5},{"damage":38,"enemies":"Slavers","floor":23,"turns":4},{"damage":25,"enemies":"Snake Plant","floor":28,"turns":3},{"damage":15,"enemies":"Book of Stabbing","floor":29,"turns":2},{"damage":8,"enemies":"Centurion and Healer","floor":31,"turns":3},{"damage":62,"enemies":"Champ","floor":33,"turns":8}],"seed_played":"-203813033894351593","potions_obtained":[{"floor":7,"key":"Dexterity Potion"},{"floor":13,"key":"Poison Potion"},{"floor":14,"key":"SpeedPotion"},{"floor":16,"key":"Block Potion"},{"floor":20,"key":"FearPotion"},{"floor":28,"key":"LiquidBronze"},{"floor":31,"key":"Dexterity Potion"}],"is_trial":false,"path_per_floor":["M","?","?","M","?","R","E","R","T","$","?","E","M","M","R","B",null,"M","M","M","?","?","E","?","R","T","R","M","E","$","M","R","B"],"character_chosen":"IRONCLAD","items_purchased":["Regal Pillow"],"campfire_rested":4,"item_purchase_floors":[30],"current_hp_per_floor":[80,80,80,80,60,60,64,64,64,64,64,35,41,41,65,8,80,80,72,41,41,41,9,3,27,27,51,32,23,23,21,60,0],"gold":41,"neow_bonus":"THREE_ENEMY_KILL","is_prod":false,"is_daily":false,"chose_seed":false,"campfire_upgraded":2,"win_rate":0,"timestamp":1551338361,"path_taken":["M","?","?","M","?","R","E","R","T","$","?","E","M","M","R","BOSS","M","M","M","?","?","E","?","R","T","R","M","E","$","M","R","BOSS"],"build_version":"2019-01-23","purchased_purges":2,"victory":false,"max_hp_per_floor":[80,80,80,80,80,80,80,80,80,80,80,80,80,80,80,80,80,80,80,80,80,80,80,80,80,80,80,80,80,80,80,80,80],"card_choices":[{"not_picked":["Wild Strike","Whirlwind","Twin Strike"],"picked":"SKIP","floor":1},{"not_picked":["Body Slam","Cleave","Seeing Red","Ghostly Armor"],"picked":"SKIP","floor":4},{"not_picked":["Body Slam","Headbutt","Feel No Pain"],"picked":"Pommel Strike","floor":7},{"not_picked":["Armaments","Body Slam","Shrug It Off","Clothesline"],"picked":"SKIP","floor":12},{"not_picked":["Burning Pact","Sword Boomerang","Perfected Strike"],"picked":"Rampage","floor":13},{"not_picked":["Thunderclap","Whirlwind","Headbutt","Demon Form"],"picked":"SKIP","floor":14},{"not_picked":["Searing Blow","Iron Wave","Clash"],"picked":"Pommel Strike","floor":15},{"not_picked":["Brutality","Reaper","Dark Embrace"],"picked":"Bludgeon","floor":16},{"not_picked":["Thunderclap","Flex+1","Iron Wave+1"],"picked":"Inflame+1","floor":18},{"not_picked":["Intimidate","Corruption+1","Thunderclap+1","Metallicize"],"picked":"SKIP","floor":19},{"not_picked":["Thunderclap","Battle Trance","Body Slam","Iron Wave"],"picked":"SKIP","floor":20},{"not_picked":["Twin Strike","Metallicize","Combust"],"picked":"Shockwave+1","floor":23},{"not_picked":["Rampage+1","Havoc","Thunderclap","Clash+1"],"picked":"SKIP","floor":28},{"not_picked":["Shrug It Off","Metallicize","Burning Pact","Perfected Strike"],"picked":"SKIP","floor":29},{"not_picked":["Burning Pact","Shrug It Off","Double Tap"],"picked":"Inflame","floor":31}],"player_experience":204396,"relics_obtained":[{"floor":7,"key":"Mercury Hourglass"},{"floor":9,"key":"Dream Catcher"},{"floor":12,"key":"Lantern"},{"floor":23,"key":"Blue Candle"},{"floor":26,"key":"Red Skull"},{"floor":29,"key":"Anchor"}],"event_choices":[{"damage_healed":0,"gold_gain":0,"player_choice":"Ignored","damage_taken":0,"max_hp_gain":0,"max_hp_loss":0,"event_name":"Golden Wing","floor":2,"gold_loss":0},{"damage_healed":0,"gold_gain":0,"player_choice":"Box","damage_taken":0,"relics_obtained":["Question Card"],"max_hp_gain":0,"max_hp_loss":0,"event_name":"Big Fish","floor":3,"gold_loss":0,"cards_obtained":["Regret"]},{"damage_healed":0,"gold_gain":0,"player_choice":"Take Damage","damage_taken":20,"relics_obtained":["Golden Idol"],"max_hp_gain":0,"max_hp_loss":0,"event_name":"Golden Idol","floor":5,"gold_loss":0},{"damage_healed":0,"gold_gain":0,"player_choice":"Ignored","damage_taken":0,"max_hp_gain":0,"max_hp_loss":0,"event_name":"Liars Game","floor":11,"gold_loss":0},{"damage_healed":0,"gold_gain":0,"player_choice":"Ignored","damage_taken":0,"max_hp_gain":0,"max_hp_loss":0,"event_name":"Beggar","floor":21,"gold_loss":0},{"damage_healed":0,"gold_gain":0,"player_choice":"Opened","damage_taken":0,"relics_obtained":["PreservedInsect"],"max_hp_gain":0,"max_hp_loss":0,"event_name":"The Mausoleum","floor":22,"gold_loss":0,"cards_obtained":["Writhe"]},{"damage_healed":0,"gold_gain":0,"player_choice":"Joined the Cult","damage_taken":6,"max_hp_gain":0,"max_hp_loss":0,"event_name":"Nest","floor":24,"gold_loss":0,"cards_obtained":["RitualDagger"]}],"is_beta":false,"boss_relics":[{"not_picked":["White Beast Statue","Runic Dome"],"picked":"Ectoplasm"}],"items_purged_floors":[10,30],"is_endless":false,"potions_floor_spawned":[7,13,14,16,20,28,31],"killed_by":"Champ","ascension_level":3}