{"gold_per_floor":[113,113,124,138,4,4,37,37,37,70,70,70,85,85,85,162,162,179,17,31,45,45,45,45],"floor_reached":24,"playtime":810,"items_purged":[],"score":412,"play_id":"a7838461-c579-4dd7-9ca4-0f1d25e4678e","local_time":"20190620002542","is_ascension_mode":true,"campfire_choices":[{"data":"Electrodynamics","floor":6.0,"key":"SMITH"},{"data":"Dualcast","floor":8.0,"key":"SMITH"},{"floor":11.0,"key":"REST"},{"data":"Hologram","floor":15.0,"key":"SMITH"},{"floor":23.0,"key":"REST"}],"neow_cost":"NONE","seed_source_timestamp":592649328260378,"circlet_count":0,"master_deck":["AscendersBane","Strike_B","Strike_B","Strike_B","Strike_B","Defend_B","Defend_B","Defend_B","Zap","Dualcast+1","Skim","Cold Snap","Electrodynamics+1","Ball Lightning","Go for the Eyes","Hologram+1","White Noise","Gash","All For One","Gash","Chill","Self Repair"],"special_seed":0,"relics":["Cracked Core","Blue Candle","Pantograph","WingedGreaves","Black Star","Juzu Bracelet"],"potions_floor_usage":[],"damage_taken":[{"damage":7.0,"enemies":"Jaw Worm","floor":1.0,"turns":4.0},{"damage":6.0,"enemies":"Cultist","floor":3.0,"turns":3.0},{"damage":3.0,"enemies":"Small Slimes","floor":4.0,"turns":3.0},{"damage":8.0,"enemies":"3 Sentries","floor":7.0,"turns":3.0},{"damage":18.0,"enemies":"Gremlin Nob","floor":10.0,"turns":4.0},{"damage":4.0,"enemies":"Looter","floor":13.0,"turns":3.0},{"damage":18.0,"enemies":"The Guardian","floor":16.0,"turns":12.0},{"damage":12.0,"enemies":"3 Byrds","floor":18.0,"turns":2.0},{"damage":26.0,"enemies":"Spheric Guardian","floor":20.0,"turns":4.0},{"damage":19.0,"enemies":"Chosen and Byrds","floor":21.0,"turns":7.0},{"damage":0.0,"enemies":"Centurion and Healer","floor":22.0,"turns":1.0},{"damage":51,"enemies":"Gremlin Leader","floor":24,"turns":4}],"seed_played":"-5930841175871706301","potions_obtained":[{"floor":4.0,"key":"EssenceOfSteel"},{"floor":10.0,"key":"GamblersBrew"},{"floor":18.0,"key":"SmokeBomb"}],"is_trial":false,"path_per_floor":["M","?","M","M","$","R","E","R","T","E","R","$","M","?","R","B",null,"M","$","M","M","M","R","E"],"character_chosen":"DEFECT","items_purchased":["Ball Lightning","Go for the Eyes","Explosive Potion","Juzu Bracelet"],"campfire_rested":2,"item_purchase_floors":[5,5,5,19],"current_hp_per_floor":[64,64,58,55,55,55,47,47,47,29,52,52,48,53,53,60,77,65,65,39,20,20,44,0],"gold":45,"neow_bonus":"TEN_PERCENT_HP_BONUS","is_prod":false,"is_daily":false,"chose_seed":false,"campfire_upgraded":3,"win_rate":0,"timestamp":1560961542,"path_taken":["M","?","M","M","?","R","E","R","T","E","R","?","M","?","R","BOSS","M","$","M","M","M","R","E"],"build_version":"2019-01-23","purchased_purges":0,"victory":false,"max_hp_per_floor":[78,78,78,78,78,78,78,78,78,78,78,78,78,83,83,83,83,83,83,83,83,83,83,83],"card_choices":[{"not_picked":["Turbo","Redo"],"picked":"Skim","floor":1.0},{"not_picked":["Force Field","Gash"],"picked":"Cold Snap","floor":3.0},{"not_picked":["Static Discharge","Turbo"],"picked":"Electrodynamics","floor":4.0},{"not_picked":["Undo","Leap"],"picked":"Hologram","floor":7.0},{"not_picked":["Heatsinks","BootSequence"],"picked":"White Noise","floor":10.0},{"not_picked":["Stack","Streamline"],"picked":"Gash","floor":13.0},{"not_picked":["Amplify","Multi-Cast"],"picked":"All For One","floor":16.0},{"not_picked":["Force Field+1","Compile Driver"],"picked":"Gash","floor":18.0},{"not_picked":["Gash","Chaos"],"picked":"Chill","floor":20.0},{"not_picked":["Steam","Storm"],"picked":"Self Repair","floor":21.0}],"player_experience":717283,"relics_obtained":[{"floor":7.0,"key":"Blue Candle"},{"floor":9.0,"key":"Pantograph"},{"floor":10.0,"key":"WingedGreaves"}],"event_choices":[{"cards_removed":["Defend_B"],"damage_healed":0.0,"max_hp_gain":0.0,"max_hp_loss":0.0,"gold_gain":0.0,"event_name":"Bonfire Elementals","player_choice":"Offered Basic","floor":2.0,"gold_loss":0.0,"damage_taken":0.0},{"damage_healed":0.0,"max_hp_gain":5.0,"max_hp_loss":0.0,"gold_gain":0.0,"event_name":"Big Fish","player_choice":"Donut","floor":14.0,"gold_loss":0.0,"damage_taken":0.0}],"is_beta":false,"boss_relics":[{"not_picked":["Calling Bell","Fusion Hammer"],"picked":"Black Star"}],"items_purged_floors":[],"is_endless":false,"potions_floor_spawned":[4,10,18,22],"killed_by":"Gremlin Leader","ascension_level":20}