{"gold_per_floor":[118,118,27,41,52,52,86,156,182,182,182,182,214,225,225,302,302,316,316,316,326,92,92,124,139,139,151,171,171,171,182,182,256,256,267,117,128,128,128,128,156,175,256,256,283,296,313,325,325,325],"floor_reached":51,"playtime":3337,"items_purged":["Strike_G+1"],"score":1227,"play_id":"6eac94fb-e031-4d59-b4bb-5ff6721ac9c9","local_time":"20190624162944","is_ascension_mode":true,"campfire_choices":[{"data":"Dash","floor":6.0,"key":"SMITH"},{"data":"Sucker Punch","floor":11.0,"key":"SMITH"},{"data":"Noxious Fumes","floor":15.0,"key":"SMITH"},{"data":"A Thousand Cuts","floor":23.0,"key":"SMITH"},{"data":"Cloak And Dagger","floor":29,"key":"SMITH"},{"floor":32,"key":"REST"},{"floor":40,"key":"REST"},{"floor":44,"key":"REST"},{"floor":49,"key":"REST"}],"neow_cost":"NONE","seed_source_timestamp":437229558762749,"circlet_count":0,"master_deck":["AscendersBane","Defend_G+1","Defend_G+1","Defend_G+1","Defend_G+1","Defend_G+1","Strike_G+1","Strike_G+1","Strike_G+1","Strike_G+1","Survivor","Cloak And Dagger+1","Dodge and Roll","Noxious Fumes+1","Dash+1","Sucker Punch+1","Deadly Poison","Cloak And Dagger","Burst","PiercingWail","Dash+1","PiercingWail","A Thousand Cuts+1","Acrobatics","Venomology","Well Laid Plans","Deflect+1","Dagger Spray+1","Glass Knife"],"special_seed":0,"relics":["Ring of the Snake","Anchor","Shuriken","Centennial Puzzle","Ninja Scroll","Cursed Key","Pen Nib","MutagenicStrength","Fusion Hammer","Omamori","Potion Belt","Ornamental Fan","Oddly Smooth Stone"],"potions_floor_usage":[33,35,37,41,41,45,47,48,48,50,50],"damage_taken":[{"damage":0.0,"enemies":"2 Louse","floor":1.0,"turns":3.0},{"damage":2.0,"enemies":"Cultist","floor":4.0,"turns":6.0},{"damage":0.0,"enemies":"Jaw Worm","floor":5.0,"turns":5.0},{"damage":14.0,"enemies":"Lagavulin","floor":7.0,"turns":8.0},{"damage":1.0,"enemies":"3 Sentries","floor":13.0,"turns":7.0},{"damage":0.0,"enemies":"Blue Slaver","floor":14.0,"turns":3.0},{"damage":15.0,"enemies":"The Guardian","floor":16.0,"turns":11.0},{"damage":8.0,"enemies":"Chosen","floor":18.0,"turns":5.0},{"damage":1.0,"enemies":"Shell Parasite","floor":21.0,"turns":4.0},{"damage":18.0,"enemies":"Gremlin Leader","floor":24.0,"turns":8.0},{"damage":0.0,"enemies":"Cultist and Chosen","floor":25.0,"turns":4.0},{"damage":6,"enemies":"Sentry and Sphere","floor":27,"turns":4},{"damage":5,"enemies":"Shelled Parasite and Fungi","floor":28,"turns":4},{"damage":0,"enemies":"3 Cultists","floor":31,"turns":3},{"damage":40,"enemies":"Collector","floor":33,"turns":9},{"damage":0,"enemies":"3 Darklings","floor":35,"turns":4},{"damage":0,"enemies":"Orb Walker","floor":37,"turns":2},{"damage":57,"enemies":"Giant Head","floor":41,"turns":9},{"damage":2,"enemies":"Spire Growth","floor":42,"turns":5},{"damage":17,"enemies":"Reptomancer","floor":45,"turns":9},{"damage":0,"enemies":"4 Shapes","floor":46,"turns":4},{"damage":4,"enemies":"Sphere and 2 Shapes","floor":47,"turns":6},{"damage":3,"enemies":"Transient","floor":48,"turns":5},{"damage":56,"enemies":"Time Eater","floor":50,"turns":12}],"seed_played":"-6983801376489877101","potions_obtained":[{"floor":5.0,"key":"LiquidBronze"},{"floor":7.0,"key":"Ancient Potion"},{"floor":13.0,"key":"GhostInAJar"},{"floor":18.0,"key":"Strength Potion"},{"floor":24.0,"key":"PowerPotion"},{"floor":35,"key":"SkillPotion"},{"floor":46,"key":"Regen Potion"}],"is_trial":false,"path_per_floor":["M","?","$","M","M","R","E","T","T","$","R","$","E","M","R","B",null,"M","?","?","M","$","R","E","M","T","M","M","R","?","M","R","B",null,"M","$","M","?","?","R","E","M","T","R","E","M","M","M","R","B",null],"character_chosen":"THE_SILENT","items_purchased":["Noxious Fumes","Block Potion","A Thousand Cuts","Omamori"],"campfire_rested":4,"item_purchase_floors":[3,3,22,36],"current_hp_per_floor":[65,65,65,63,63,63,49,49,49,49,49,49,48,48,48,33,62,54,54,54,53,53,53,35,35,35,29,24,24,24,24,45,5,55,55,55,55,69,69,72,15,13,13,34,32,32,42,39,60,4],"gold":325,"neow_bonus":"TEN_PERCENT_HP_BONUS","is_prod":false,"is_daily":false,"chose_seed":false,"campfire_upgraded":5,"win_rate":0,"timestamp":1561364984,"path_taken":["M","?","?","M","M","R","E","?","T","?","R","$","E","M","R","BOSS","M","?","?","M","$","R","E","?","T","M","?","R","?","M","R","BOSS","M","$","M","?","?","R","E","?","T","R","E","?","M","M","R","BOSS"],"build_version":"2019-01-23","purchased_purges":1,"victory":true,"max_hp_per_floor":[72,72,72,72,72,72,72,72,72,72,72,72,72,72,72,72,72,72,72,72,72,72,72,72,72,72,72,72,72,72,72,72,72,72,72,72,72,72,72,72,72,72,72,72,72,72,72,72,72,72],"card_choices":[{"not_picked":["Deflect","PiercingWail"],"picked":"Cloak And Dagger","floor":1.0},{"not_picked":["Quick Slash","Deflect"],"picked":"Dash","floor":4.0},{"not_picked":["Bane","Underhanded Strike","Endless Agony"],"picked":"SKIP","floor":5.0},{"not_picked":["Cloak And Dagger","Choke"],"picked":"Sucker Punch","floor":7.0},{"not_picked":["Flechettes","Tools of the Trade"],"picked":"Deadly Poison","floor":13.0},{"not_picked":["Prepared","Quick Slash"],"picked":"Cloak And Dagger","floor":14.0},{"not_picked":["Phantasmal Killer","Tools of the Trade"],"picked":"Burst","floor":16.0},{"not_picked":["Masterful Stab","Flying Knee"],"picked":"PiercingWail","floor":18.0},{"not_picked":["Eviscerate","Cloak And Dagger"],"picked":"PiercingWail","floor":21.0},{"not_picked":["Dodge and Roll","Burst","Deadly Poison"],"picked":"SKIP","floor":24.0},{"not_picked":["Reflex","Riddle With Holes","Setup"],"picked":"SKIP","floor":25.0},{"not_picked":["Tactician","Poisoned Stab","Flying Knee"],"picked":"SKIP","floor":27},{"not_picked":["Caltrops","Deflect"],"picked":"Acrobatics","floor":28},{"not_picked":["Setup","Deadly Poison","Deflect"],"picked":"SKIP","floor":31},{"not_picked":["Unload","Grand Finale"],"picked":"Venomology","floor":33},{"not_picked":["Crippling Poison","Acrobatics"],"picked":"Well Laid Plans","floor":35},{"not_picked":["Slice","Poisoned Stab+1"],"picked":"Deflect+1","floor":37},{"not_picked":["A Thousand Cuts","Deadly Poison","Concentrate"],"picked":"SKIP","floor":41},{"not_picked":["Prepared","Cloak And Dagger","Dagger Spray"],"picked":"SKIP","floor":42},{"not_picked":["Bouncing Flask","Deadly Poison"],"picked":"Dagger Spray+1","floor":45},{"not_picked":["Dagger Throw+1","Dagger Spray+1","Choke"],"picked":"SKIP","floor":46},{"not_picked":["Calculated Gamble","Acrobatics","Poisoned Stab"],"picked":"SKIP","floor":47},{"not_picked":["Acrobatics+1","Concentrate"],"picked":"Glass Knife","floor":48}],"player_experience":654847,"relics_obtained":[{"floor":7.0,"key":"Anchor"},{"floor":8.0,"key":"Shuriken"},{"floor":9.0,"key":"Centennial Puzzle"},{"floor":13.0,"key":"Ninja Scroll"},{"floor":24.0,"key":"Pen Nib"},{"floor":41,"key":"Potion Belt"},{"floor":43,"key":"Ornamental Fan"},{"floor":45,"key":"Oddly Smooth Stone"}],"event_choices":[{"damage_healed":0.0,"max_hp_gain":0.0,"max_hp_loss":0.0,"gold_gain":0.0,"event_name":"Match and Keep!","player_choice":"1 cards matched","floor":2.0,"gold_loss":0.0,"damage_taken":0.0,"cards_obtained":["Dodge and Roll"]},{"damage_healed":0.0,"max_hp_gain":0.0,"max_hp_loss":0.0,"gold_gain":0.0,"event_name":"Back to Basics","player_choice":"Simplicity","floor":19.0,"gold_loss":0.0,"damage_taken":0.0,"cards_upgraded":["Defend_G","Defend_G","Defend_G","Defend_G","Defend_G","Strike_G","Strike_G","Strike_G","Strike_G","Strike_G"]},{"damage_healed":0.0,"max_hp_gain":0.0,"max_hp_loss":0.0,"gold_gain":0.0,"event_name":"Duplicator","player_choice":"Copied","floor":20.0,"gold_loss":0.0,"damage_taken":0.0,"cards_obtained":["Dash"]},{"damage_healed":0,"gold_gain":0,"player_choice":"Inject Mutagens","damage_taken":0,"relics_obtained":["MutagenicStrength"],"max_hp_gain":0,"max_hp_loss":0,"event_name":"Drug Dealer","floor":30,"gold_loss":0},{"damage_healed":14,"gold_gain":0,"player_choice":"Writhe","damage_taken":0,"max_hp_gain":0,"max_hp_loss":0,"event_name":"Winding Halls","floor":38,"gold_loss":0,"cards_obtained":["Writhe"]},{"cards_removed":["Neutralize"],"damage_healed":0,"gold_gain":0,"player_choice":"Removed Attack","damage_taken":0,"max_hp_gain":0,"max_hp_loss":0,"event_name":"Falling","floor":39,"gold_loss":0}],"is_beta":false,"boss_relics":[{"not_picked":["Sozu","Philosopher\u0027s Stone"],"picked":"Cursed Key"},{"not_picked":["Ring of the Serpent","Snecko Eye"],"picked":"Fusion Hammer"}],"items_purged_floors":[22],"is_endless":false,"potions_floor_spawned":[5,7,13,18,24,25,35,37,46],"ascension_level":15}