{"gold_per_floor":[114,128,128,144,160,160,191,191,214,214,227,227,256,256,256,351,351,369,217,217,230,249,249,36,56,106,120,120,149,161,173,185,302,314,345,372,397,23,34,34,0,0,48,48,63,163,181,199,199,199],"floor_reached":50,"playtime":2862,"items_purged":[],"score":594,"play_id":"dc0c6ab1-0946-4f7e-9d32-c7a5328235df","local_time":"20190310093059","is_ascension_mode":true,"campfire_choices":[{"data":"Chaos","floor":6.0,"key":"SMITH"},{"floor":8.0,"key":"REST"},{"data":"Rainbow","floor":12.0,"key":"SMITH"},{"floor":15.0,"key":"REST"},{"floor":28.0,"key":"REST"},{"floor":30.0,"key":"REST"},{"floor":32.0,"key":"REST"},{"floor":40,"key":"REST"},{"floor":42,"key":"REST"},{"floor":49,"key":"REST"}],"neow_cost":"NONE","seed_source_timestamp":0,"circlet_count":0,"master_deck":["Strike_B+1","Strike_B+1","Strike_B+1","Strike_B+1","Defend_B+1","Defend_B+1","Defend_B+1","Defend_B+1","Zap+1","Dualcast","Chaos+1","Capacitor","Rainbow+1","Sweeping Beam+1","RitualDagger","Static Discharge","Static Discharge","Echo Form","Barrage+1","Ball Lightning+1","Loop","Electrodynamics"],"special_seed":0,"relics":["Cracked Core","Orichalcum","FaceOfCleric","Strawberry","Oddly Smooth Stone","Happy Flower","Lizard Tail","Blood Vial","Pen Nib","Ancient Tea Set","MawBank","Centennial Puzzle","Inserter","Ornamental Fan","Regal Pillow","Red Mask","Juzu Bracelet","Torii"],"potions_floor_usage":[45,48,50,50],"damage_taken":[{"damage":7.0,"enemies":"Jaw Worm","floor":1.0,"turns":3.0},{"damage":4.0,"enemies":"Cultist","floor":2.0,"turns":4.0},{"damage":6.0,"enemies":"Small Slimes","floor":4.0,"turns":3.0},{"damage":10.0,"enemies":"Exordium Thugs","floor":5.0,"turns":4.0},{"damage":26.0,"enemies":"3 Sentries","floor":7.0,"turns":7.0},{"damage":9.0,"enemies":"Blue Slaver","floor":11.0,"turns":3.0},{"damage":5.0,"enemies":"Gremlin Nob","floor":13.0,"turns":3.0},{"damage":43.0,"enemies":"Slime Boss","floor":16.0,"turns":10.0},{"damage":7.0,"enemies":"Spheric Guardian","floor":18.0,"turns":5.0},{"damage":6.0,"enemies":"Chosen","floor":21.0,"turns":4.0},{"damage":42.0,"enemies":"Shelled Parasite and Fungi","floor":22.0,"turns":7.0},{"damage":13.0,"enemies":"Snake Plant","floor":25.0,"turns":3.0},{"damage":20.0,"enemies":"Centurion and Healer","floor":27.0,"turns":6.0},{"damage":34.0,"enemies":"Slavers","floor":29.0,"turns":3.0},{"damage":101.0,"enemies":"Collector","floor":33.0,"turns":9.0},{"damage":22.0,"enemies":"3 Darklings","floor":35.0,"turns":5.0},{"damage":13.0,"enemies":"Orb Walker","floor":36.0,"turns":4.0},{"damage":30,"enemies":"Sphere and 2 Shapes","floor":37,"turns":4},{"damage":38,"enemies":"4 Shapes","floor":39,"turns":5},{"damage":25,"enemies":"Maw","floor":45,"turns":7},{"damage":11,"enemies":"Mind Bloom Boss Battle","floor":46,"turns":4},{"damage":14,"enemies":"Jaw Worm Horde","floor":47,"turns":4},{"damage":20,"enemies":"Spire Growth","floor":48,"turns":5},{"damage":86,"enemies":"Time Eater","floor":50,"turns":6}],"seed_played":"-5514157229383897780","potions_obtained":[{"floor":2.0,"key":"Weak Potion"},{"floor":5.0,"key":"SpeedPotion"},{"floor":13.0,"key":"Dexterity Potion"},{"floor":16.0,"key":"GamblersBrew"},{"floor":18.0,"key":"Regen Potion"},{"floor":22.0,"key":"EssenceOfSteel"},{"floor":27.0,"key":"Poison Potion"},{"floor":33.0,"key":"Swift Potion"},{"floor":39,"key":"Energy Potion"},{"floor":45,"key":"SpeedPotion"},{"floor":47,"key":"Swift Potion"},{"floor":48,"key":"GamblersBrew"}],"is_trial":false,"path_per_floor":["M","M","?","M","M","R","E","R","T","?","M","R","E","?","R","B",null,"M","$","?","M","M","?","$","M","T","M","R","E","R","?","R","B",null,"M","M","M","$","M","R","?","R","T","?","M","?","M","M","R","B"],"character_chosen":"DEFECT","items_purchased":["Blood Vial","Static Discharge","Pen Nib","Ornamental Fan","Regal Pillow"],"campfire_rested":8,"item_purchase_floors":[19,24,24,38,38],"current_hp_per_floor":[68,64,64,59,50,50,32,57,57,57,49,49,45,45,71,29,88,82,82,76,73,34,34,34,33,33,16,43,12,40,40,68,17,95,74,64,37,37,2,46,46,90,90,90,68,60,49,32,77,0],"gold":199,"neow_bonus":"RANDOM_COMMON_RELIC","is_prod":false,"is_daily":false,"chose_seed":false,"campfire_upgraded":2,"win_rate":0,"timestamp":1552170659,"path_taken":["M","M","?","M","?","R","E","R","T","?","M","R","E","?","R","BOSS","M","$","?","M","M","?","$","M","T","M","R","E","R","?","R","BOSS","M","?","M","$","M","R","?","R","T","?","M","?","M","M","R","BOSS"],"build_version":"2019-01-23","purchased_purges":0,"victory":false,"max_hp_per_floor":[75,75,75,76,77,77,85,85,85,85,86,86,87,87,87,88,88,89,89,89,90,91,91,91,92,92,93,93,94,94,94,94,95,95,96,97,98,98,99,99,99,99,99,99,100,101,102,103,103,103],"card_choices":[{"not_picked":["Streamline","Blizzard","Redo"],"picked":"SKIP","floor":1.0},{"not_picked":["Go for the Eyes","Streamline"],"picked":"Chaos","floor":2.0},{"not_picked":["Barrage","Beam Cell","Coolheaded"],"picked":"SKIP","floor":4.0},{"not_picked":["Turbo","Streamline","Double Energy"],"picked":"SKIP","floor":5.0},{"not_picked":["Coolheaded","Glacier"],"picked":"Capacitor","floor":7.0},{"not_picked":["Go for the Eyes","Lockon"],"picked":"Rainbow","floor":11.0},{"not_picked":["Gash","Meteor Strike","Beam Cell"],"picked":"SKIP","floor":13.0},{"not_picked":["Compile Driver","Beam Cell"],"picked":"Sweeping Beam+1","floor":18.0},{"not_picked":["Chill+1","Reinforced Body","Chaos"],"picked":"SKIP","floor":21.0},{"not_picked":["Hologram+1","Glacier","Blizzard"],"picked":"SKIP","floor":22.0},{"not_picked":["Redo","Hyperbeam","Hologram"],"picked":"SKIP","floor":25.0},{"not_picked":["Steam","Stack"],"picked":"Static Discharge","floor":27.0},{"not_picked":["Consume+1","Amplify","Aggregate"],"picked":"SKIP","floor":29.0},{"not_picked":["All For One","Core Surge"],"picked":"Echo Form","floor":33.0},{"not_picked":["Streamline+1","Stack"],"picked":"Barrage+1","floor":35.0},{"not_picked":["Stack+1","Storm+1","Tempest"],"picked":"SKIP","floor":36.0},{"not_picked":["Lockon","Blizzard+1"],"picked":"Ball Lightning+1","floor":37},{"not_picked":["Go for the Eyes+1","Chill+1"],"picked":"Loop","floor":39},{"not_picked":["Reinforced Body+1","Hello World","White Noise"],"picked":"SKIP","floor":45},{"not_picked":["Go for the Eyes+1","Conserve Battery+1"],"picked":"Electrodynamics","floor":47},{"not_picked":["Coolheaded+1","Blizzard","Gash"],"picked":"SKIP","floor":48}],"player_experience":213508,"relics_obtained":[{"floor":7.0,"key":"Strawberry"},{"floor":9.0,"key":"Oddly Smooth Stone"},{"floor":13.0,"key":"Happy Flower"},{"floor":26.0,"key":"Ancient Tea Set"},{"floor":29.0,"key":"MawBank"},{"floor":43,"key":"Juzu Bracelet"},{"floor":46,"key":"Torii"}],"event_choices":[{"damage_healed":0.0,"max_hp_gain":0.0,"max_hp_loss":0.0,"gold_gain":0.0,"event_name":"FaceTrader","player_choice":"Trade","floor":3.0,"gold_loss":0.0,"damage_taken":0.0,"relics_obtained":["FaceOfCleric"]},{"damage_healed":0.0,"max_hp_gain":0.0,"max_hp_loss":0.0,"gold_gain":0.0,"event_name":"Liars Game","player_choice":"Ignored","floor":10.0,"gold_loss":0.0,"damage_taken":0.0},{"damage_healed":0.0,"max_hp_gain":0.0,"max_hp_loss":0.0,"gold_gain":0.0,"event_name":"Upgrade Shrine","player_choice":"Upgraded","floor":14.0,"gold_loss":0.0,"damage_taken":0.0,"cards_upgraded":["Zap"]},{"damage_healed":0.0,"max_hp_gain":0.0,"max_hp_loss":0.0,"gold_gain":0.0,"event_name":"Nest","player_choice":"Joined the Cult","floor":20.0,"gold_loss":0.0,"damage_taken":6.0,"cards_obtained":["RitualDagger"]},{"damage_healed":0.0,"max_hp_gain":0.0,"max_hp_loss":0.0,"gold_gain":0.0,"event_name":"Back to Basics","player_choice":"Simplicity","floor":23.0,"gold_loss":0.0,"damage_taken":0.0,"cards_upgraded":["Strike_B","Strike_B","Strike_B","Strike_B","Defend_B","Defend_B","Defend_B","Defend_B"]},{"damage_healed":0.0,"max_hp_gain":0.0,"max_hp_loss":0.0,"gold_gain":0.0,"event_name":"WeMeetAgain","player_choice":"Gave Potion","floor":31.0,"gold_loss":0.0,"damage_taken":0.0,"relics_obtained":["Centennial Puzzle"]},{"damage_healed":0,"gold_gain":0,"player_choice":"Paid","damage_taken":0,"relics_obtained":["Red Mask"],"max_hp_gain":0,"max_hp_loss":0,"event_name":"Tomb of Lord Red Mask","floor":41,"gold_loss":34},{"damage_healed":0,"gold_gain":0,"player_choice":"Ignored","damage_taken":0,"max_hp_gain":0,"max_hp_loss":0,"event_name":"Transmorgrifier","floor":44,"gold_loss":0},{"damage_healed":0,"gold_gain":0,"player_choice":"Fight","damage_taken":0,"max_hp_gain":0,"max_hp_loss":0,"event_name":"MindBloom","floor":46,"gold_loss":0}],"is_beta":false,"boss_relics":[{"not_picked":["Empty Cage","Cursed Key"],"picked":"Lizard Tail"},{"not_picked":["Calling Bell","Black Star"],"picked":"Inserter"}],"items_purged_floors":[],"is_endless":false,"potions_floor_spawned":[2,5,13,16,18,22,27,33,39,45,47,48],"killed_by":"Time Eater","ascension_level":4}