{"gold_per_floor":[145,160,85,85,102,129,129,157,157,157],"floor_reached":10,"playtime":462,"items_purged":["Strike_G"],"score":103,"play_id":"8b0c2d8d-a54b-4f04-a9a3-f9dd3951c837","local_time":"20190623143228","is_ascension_mode":true,"campfire_choices":[{"floor":7,"key":"REST"}],"neow_cost":"NONE","seed_source_timestamp":298844294936891,"circlet_count":0,"master_deck":["Defend_G","Defend_G","Defend_G","Defend_G","Defend_G","Strike_G","Strike_G","Strike_G","Strike_G","Survivor","Neutralize","Choke","Dagger Throw","Caltrops","Footwork","Corpse Explosion"],"relics":["Ring of the Snake","Tiny Chest","Potion Belt","Peace Pipe","Darkstone Periapt","Meat on the Bone"],"potions_floor_usage":[6],"damage_taken":[{"damage":0,"enemies":"2 Louse","floor":1,"turns":3},{"damage":0,"enemies":"Small Slimes","floor":2,"turns":4},{"damage":2,"enemies":"Jaw Worm","floor":5,"turns":4},{"damage":29,"enemies":"Lagavulin","floor":6,"turns":8},{"damage":32,"enemies":"Gremlin Nob","floor":8,"turns":5},{"damage":16,"enemies":"Exordium Thugs","floor":10,"turns":4}],"seed_played":"217827209587569295","potions_obtained":[{"floor":1,"key":"GhostInAJar"},{"floor":5,"key":"Explosive Potion"}],"is_trial":false,"path_per_floor":["M","M","$","?","M","E","R","E","T","M"],"character_chosen":"THE_SILENT","items_purchased":[],"campfire_rested":1,"item_purchase_floors":[],"current_hp_per_floor":[63,63,63,56,54,25,46,14,14,0],"gold":157,"neow_bonus":"RANDOM_COMMON_RELIC","is_prod":false,"is_daily":false,"chose_seed":false,"campfire_upgraded":0,"win_rate":0,"timestamp":1561314748,"path_taken":["M","M","$","?","M","E","R","E","T","M"],"build_version":"2019-01-23","purchased_purges":1,"victory":false,"max_hp_per_floor":[70,70,70,70,70,70,70,70,70,70],"card_choices":[{"not_picked":["Bouncing Flask","Cloak And Dagger"],"picked":"Choke","floor":1},{"not_picked":["Deflect","Heel Hook"],"picked":"Dagger Throw","floor":2},{"not_picked":["Dodge and Roll","Backflip"],"picked":"Caltrops","floor":5},{"not_picked":["Blade Dance","Bane"],"picked":"Footwork","floor":6},{"not_picked":["Underhanded Strike","Well Laid Plans"],"picked":"Corpse Explosion","floor":8}],"player_experience":370996,"relics_obtained":[{"floor":6,"key":"Peace Pipe"},{"floor":8,"key":"Darkstone Periapt"},{"floor":9,"key":"Meat on the Bone"}],"event_choices":[{"damage_healed":0,"gold_gain":0,"player_choice":"Success","damage_taken":7,"relics_obtained":["Potion Belt"],"max_hp_gain":0,"max_hp_loss":0,"event_name":"Scrap Ooze","floor":4,"gold_loss":0}],"is_beta":false,"boss_relics":[],"items_purged_floors":[3],"is_endless":false,"potions_floor_spawned":[1,5],"killed_by":"Exordium Thugs","ascension_level":7}