{"path_per_floor":["M","M","M","M","$","R","M","M","T","M","M","R","M","M","R","B",null,"M"],"character_chosen":"THE_SILENT","items_purchased":["Slice","Leg Sweep","Prepared"],"gold_per_floor":[110,126,142,152,17,17,33,50,77,88,104,104,118,138,138,240,240,255],"floor_reached":19,"campfire_rested":2,"playtime":1816,"current_hp_per_floor":[70,69,69,66,66,66,65,65,65,49,47,68,68,48,69,19,70,42],"items_purged":[],"gold":255,"play_id":"6afb128a-bd30-4563-a923-920c39f9b614","is_prod":false,"is_daily":false,"is_ascension_mode":false,"campfire_upgraded":1,"path_taken":["M","M","M","M","$","R","M","?","T","M","M","R","M","M","R","BOSS","M","M"],"build_version":"2018-02-01-PROD3","purchased_purges":0,"victory":false,"master_deck":["Defend_G","Defend_G","Defend_G","Defend_G","Defend_G","Strike_G","Strike_G","Strike_G","Strike_G","Strike_G","Survivor","Neutralize","Deflect","Terror","Predator","Dagger Spray+1","Slice","Leg Sweep","Prepared","Sucker Punch","Deadly Poison","Crippling Poison","Deadly Poison","Outmaneuver","Choke","Envenom","All Out Attack","Slice","Backflip","Deadly Poison","Blade Dance","Finisher"],"max_hp_per_floor":[70,70,70,70,70,70,70,70,70,70,70,70,70,70,70,70,70,70],"relics":["Ring of the Snake","Juzu Bracelet","Orrery"],"card_choices":[{"not_picked":["Masterful Stab","Footwork"],"picked":"Deflect"},{"not_picked":["Endless Agony","Tools of the Trade"],"picked":"Terror"},{"not_picked":["Deadly Poison","Infinite Blades"],"picked":"Predator"},{"not_picked":["Slice","Leg Sweep"],"picked":"Dagger Spray"},{"not_picked":["Prepared","PiercingWail"],"picked":"Sucker Punch"},{"not_picked":["Quick Slash","Dodge and Roll"],"picked":"Deadly Poison"},{"not_picked":["Adrenaline","Dagger Throw"],"picked":"Crippling Poison"},{"not_picked":["Flying Knee","Terror"],"picked":"Deadly Poison"},{"not_picked":["Dodge and Roll","Sucker Punch"],"picked":"Outmaneuver"},{"not_picked":["Footwork","Sucker Punch"],"picked":"Choke"},{"not_picked":["A Thousand Cuts","Corpse Explosion"],"picked":"Envenom"},{"not_picked":["Choke","Sucker Punch"],"picked":"All Out Attack"},{"not_picked":["Deflect","Sucker Punch"],"picked":"Slice"},{"not_picked":["Dodge and Roll","PiercingWail"],"picked":"Backflip"},{"not_picked":["Masterful Stab","Outmaneuver"],"picked":"Deadly Poison"},{"not_picked":["Masterful Stab","Crippling Poison"],"picked":"Blade Dance"},{"not_picked":["Outmaneuver","Acrobatics"],"picked":"Finisher"}],"player_experience":26430,"potions_floor_usage":[],"damage_taken":[{"damage":0,"enemies":"Blue Slaver","floor":1,"turns":6},{"damage":1,"enemies":"Jaw Worm","floor":2,"turns":7},{"damage":0,"enemies":"Small Slimes","floor":3,"turns":5},{"damage":3,"enemies":"3 Louse","floor":4,"turns":5},{"damage":1,"enemies":"Looter","floor":7,"turns":3},{"damage":0,"enemies":"2 Fungi Beasts","floor":8,"turns":2},{"damage":16,"enemies":"Exordium Thugs","floor":10,"turns":2},{"damage":2,"enemies":"Looter","floor":11,"turns":4},{"damage":0,"enemies":"Exordium Wildlife","floor":13,"turns":2},{"damage":20,"enemies":"Gremlin Gang","floor":14,"turns":4},{"damage":50,"enemies":"Hexaghost","floor":16,"turns":11},{"damage":28,"enemies":"Shell Parasite","floor":18,"turns":6},{"damage":42,"enemies":"Spheric Guardian","floor":19,"turns":6}],"event_choices":[],"boss_relics":[{"not_picked":["White Beast Statue","Calling Bell"],"picked":"Orrery"}],"potions_floor_spawned":[2,3,7,8,10,11],"seed_played":"-4843966883920807467","killed_by":"Spheric Guardian","ascension_level":0,"is_trial":false}