{"path_per_floor":["M","?","$","M","M","R","E","R","T","?","E","R","?","M","R","B",null,"M"],"character_chosen":"THE_SILENT","items_purchased":["Underhanded Strike","Poisoned Stab","Blade Dance","Deflect","Finesse"],"gold_per_floor":[114,289,4,18,37,37,62,62,62,62,90,90,90,115,115,244,244,264],"floor_reached":19,"campfire_rested":3,"playtime":2426,"current_hp_per_floor":[69,69,69,65,65,65,36,57,57,57,24,45,45,25,46,5,70,47],"items_purged":[],"gold":264,"play_id":"0cdf188b-c4a0-48c7-a829-8d85f653a34a","is_prod":false,"is_daily":false,"is_ascension_mode":false,"campfire_upgraded":1,"path_taken":["M","?","?","M","M","R","E","R","T","?","E","R","?","M","R","BOSS","M","M"],"build_version":"2018-02-01-PROD3","purchased_purges":0,"victory":false,"master_deck":["Defend_G","Defend_G","Defend_G","Defend_G","Defend_G","Strike_G","Strike_G","Strike_G","Strike_G","Strike_G","Survivor","Neutralize","Bouncing Flask+1","Doubt","Underhanded Strike","Poisoned Stab","Blade Dance","Deflect","Finesse","Blade Dance","Distraction","Underhanded Strike","Blur","Injury","A Thousand Cuts","Die Die Die","Sucker Punch"],"max_hp_per_floor":[70,70,70,70,70,70,70,70,70,70,70,70,70,70,70,70,70,70],"relics":["Philosopher\u0027s Stone","Unceasing Top","Girya","Prayer Wheel","Golden Idol","Black Star"],"card_choices":[{"not_picked":["Outmaneuver","Infinite Blades"],"picked":"Bouncing Flask"},{"not_picked":["Outmaneuver","Catalyst"],"picked":"Blade Dance"},{"not_picked":["Acrobatics","Eviscerate"],"picked":"Distraction"},{"not_picked":["Deflect","PiercingWail"],"picked":"Underhanded Strike"},{"not_picked":["Bane","Blade Dance"],"picked":"Blur"},{"not_picked":["Dagger Spray","PiercingWail"],"picked":"A Thousand Cuts"},{"not_picked":["Bullet Time","Phantasmal Killer"],"picked":"Die Die Die"},{"not_picked":["Underhanded Strike","Deflect"],"picked":"Sucker Punch"}],"player_experience":36304,"potions_floor_usage":[16,16],"damage_taken":[{"damage":1,"enemies":"2 Louse","floor":1,"turns":3},{"damage":4,"enemies":"Jaw Worm","floor":4,"turns":3},{"damage":0,"enemies":"Cultist","floor":5,"turns":3},{"damage":29,"enemies":"3 Sentries","floor":7,"turns":9},{"damage":33,"enemies":"Lagavulin","floor":11,"turns":6},{"damage":20,"enemies":"Exordium Thugs","floor":14,"turns":5},{"damage":41,"enemies":"Hexaghost","floor":16,"turns":12},{"damage":23,"enemies":"Spheric Guardian","floor":18,"turns":4},{"damage":49,"enemies":"Shell Parasite","floor":19,"turns":6}],"event_choices":[{"event_name":"Liars Game","player_choice":"agreed","floor":2,"damage_taken":0},{"event_name":"The Lab","player_choice":"Got Potions","floor":10,"damage_taken":0},{"event_name":"Golden Idol","player_choice":"Take Wound","floor":13,"damage_taken":0}],"boss_relics":[{"not_picked":["Cursed Key","Runic Pyramid"],"picked":"Black Star"}],"potions_floor_spawned":[4,5,14],"seed_played":"5612619828585833642","killed_by":"Shell Parasite","ascension_level":0,"is_trial":false}