{"gold_per_floor":[115,25,25,42,42,67,67,67,147,165,182,182,28,39,39,118,118,131,4,54,54,69,94,94,127,204,204,229,78,94,113,113,185,185,202,424,1,54,104,124,134,134,134,134,150,150,50,50,50,50],"floor_reached":51,"playtime":3377,"items_purged":["Regret","Strike_G"],"score":1198,"play_id":"84d815c7-2e5c-4a2e-ba55-b34cc6fb5f28","local_time":"20190615014611","is_ascension_mode":true,"campfire_choices":[{"data":"Well Laid Plans","floor":7.0,"key":"SMITH"},{"data":"Cloak And Dagger","floor":12.0,"key":"SMITH"},{"data":"Bouncing Flask","floor":15.0,"key":"SMITH"},{"data":"Malaise","floor":24.0,"key":"SMITH"},{"data":"After Image","floor":27.0,"key":"SMITH"},{"floor":32.0,"key":"REST"},{"data":"Catalyst","floor":42,"key":"SMITH"},{"data":"Footwork","floor":44,"key":"SMITH"},{"data":"Footwork","floor":46,"key":"SMITH"},{"data":"Purity","floor":49,"key":"SMITH"}],"neow_cost":"NONE","seed_source_timestamp":2281928130005166,"circlet_count":0,"master_deck":["AscendersBane","Defend_G","Defend_G","Defend_G","Defend_G","Defend_G","Strike_G","Strike_G","Strike_G","Strike_G","Survivor","Neutralize+1","Leg Sweep","Well Laid Plans+1","Dagger Spray+1","Masterful Stab+1","Cloak And Dagger+1","After Image+1","Bouncing Flask+1","Malaise+1","Crippling Poison","PiercingWail","Dash+1","Glass Knife+1","Terror","Footwork+1","Backflip","Crippling Poison","Backflip","Glass Knife+1","Catalyst+1","Footwork+1","Purity+1","Dodge and Roll"],"special_seed":0,"relics":["Ring of the Snake","NeowsBlessing","Molten Egg 2","Shuriken","Cursed Key","Strawberry","Sundial","Gremlin Horn","Red Mask","Runic Pyramid","Bag of Preparation","WingedGreaves"],"potions_floor_usage":[50,50],"damage_taken":[{"damage":0.0,"enemies":"2 Louse","floor":1.0,"turns":1.0},{"damage":0.0,"enemies":"Small Slimes","floor":4.0,"turns":1.0},{"damage":0.0,"enemies":"Lagavulin","floor":6.0,"turns":1.0},{"damage":0.0,"enemies":"Jaw Worm","floor":10.0,"turns":4.0},{"damage":0.0,"enemies":"3 Louse","floor":11.0,"turns":1.0},{"damage":0.0,"enemies":"Looter","floor":14.0,"turns":2.0},{"damage":5.0,"enemies":"The Guardian","floor":16.0,"turns":13.0},{"damage":1.0,"enemies":"2 Thieves","floor":18.0,"turns":4.0},{"damage":0.0,"enemies":"Spheric Guardian","floor":22.0,"turns":3.0},{"damage":12.0,"enemies":"Slavers","floor":23.0,"turns":7.0},{"damage":4.0,"enemies":"Gremlin Leader","floor":25.0,"turns":9.0},{"damage":6.0,"enemies":"Masked Bandits","floor":28.0,"turns":5.0},{"damage":2.0,"enemies":"Centurion and Healer","floor":30.0,"turns":7.0},{"damage":7.0,"enemies":"Snecko","floor":31.0,"turns":4.0},{"damage":22.0,"enemies":"Automaton","floor":33.0,"turns":11.0},{"damage":0.0,"enemies":"Orb Walker","floor":35.0,"turns":4.0},{"damage":6.0,"enemies":"2 Orb Walkers","floor":38.0,"turns":5.0},{"damage":15.0,"enemies":"3 Darklings","floor":40.0,"turns":6.0},{"damage":0,"enemies":"Writhing Mass","floor":41,"turns":8},{"damage":0,"enemies":"Maw","floor":45,"turns":9},{"damage":19,"enemies":"Time Eater","floor":50,"turns":17}],"seed_played":"-1412637930679322043","potions_obtained":[{"floor":1.0,"key":"Block Potion"},{"floor":22.0,"key":"Swift Potion"},{"floor":23.0,"key":"GamblersBrew"},{"floor":31.0,"key":"Poison Potion"},{"floor":38.0,"key":"Weak Potion"},{"floor":40.0,"key":"GamblersBrew"}],"is_trial":false,"path_per_floor":["M","$","?","M","?","E","R","?","T","M","M","R","$","M","R","B",null,"M","$","?","?","M","E","R","E","T","R","?","$","M","M","R","B",null,"M","?","$","?","?","M","M","R","T","R","M","R","$","T","R","B",null],"character_chosen":"THE_SILENT","items_purchased":["Well Laid Plans","AttackPotion","After Image","PiercingWail","Dash+1","Backflip","Swift Potion","Footwork","Bag of Preparation","Purity","Dexterity Potion","Dexterity Potion"],"campfire_rested":1,"item_purchase_floors":[2,2,13,19,19,29,29,37,37,37,47,47],"current_hp_per_floor":[59,59,59,59,59,59,59,59,59,59,59,59,59,59,59,54,63,62,62,62,44,44,39,39,35,35,35,29,29,27,20,43,21,64,64,64,64,58,58,43,43,43,43,43,43,43,43,43,43,24],"gold":50,"neow_bonus":"THREE_ENEMY_KILL","is_prod":false,"is_daily":false,"chose_seed":false,"campfire_upgraded":9,"win_rate":0,"timestamp":1560534371,"path_taken":["M","$","?","M","?","E","R","?","T","M","M","R","$","M","R","BOSS","M","$","?","?","M","E","R","E","T","R","?","$","M","M","R","BOSS","M","?","$","?","?","M","M","R","T","R","?","R","?","?","R","BOSS"],"build_version":"2019-01-23","purchased_purges":2,"victory":true,"max_hp_per_floor":[66,66,66,66,66,66,66,66,66,66,66,66,66,66,66,66,66,66,66,66,71,71,78,78,78,78,78,78,78,78,78,78,78,78,78,78,78,78,78,78,78,78,78,78,78,78,78,78,78,78],"card_choices":[{"not_picked":["Blur","Sucker Punch"],"picked":"Leg Sweep","floor":1.0},{"not_picked":["Reflex","Backflip","Underhanded Strike"],"picked":"SKIP","floor":4.0},{"not_picked":["Acrobatics","PiercingWail"],"picked":"Dagger Spray","floor":6.0},{"not_picked":["Flechettes+1","Prepared"],"picked":"Masterful Stab+1","floor":10.0},{"not_picked":["Deflect","Underhanded Strike+1"],"picked":"Cloak And Dagger","floor":11.0},{"not_picked":["Distraction","Bane+1"],"picked":"Bouncing Flask","floor":14.0},{"not_picked":["Bullet Time","Phantasmal Killer"],"picked":"Malaise","floor":16.0},{"not_picked":["Sucker Punch+1","Prepared"],"picked":"Crippling Poison","floor":18.0},{"not_picked":["Reflex","Outmaneuver","Calculated Gamble"],"picked":"SKIP","floor":22.0},{"not_picked":["Dagger Spray+1","Sucker Punch+1"],"picked":"Glass Knife+1","floor":23.0},{"not_picked":["Crippling Poison","Deflect"],"picked":"Terror","floor":25.0},{"not_picked":["Well Laid Plans","Reflex"],"picked":"Footwork","floor":28.0},{"not_picked":["Poisoned Stab+1","Quick Slash+1"],"picked":"Crippling Poison","floor":30.0},{"not_picked":["Underhanded Strike+1","Acrobatics"],"picked":"Backflip","floor":31.0},{"not_picked":["Doppelganger","A Thousand Cuts"],"picked":"Glass Knife+1","floor":33.0},{"not_picked":["Dodge and Roll","Dash+1"],"picked":"Catalyst","floor":35.0},{"not_picked":["Flying Knee+1","Eviscerate+1"],"picked":"Dodge and Roll","floor":38.0},{"not_picked":["Dodge and Roll","Outmaneuver+1","Finisher+1"],"picked":"SKIP","floor":40.0},{"not_picked":["Masterful Stab+1","Dodge and Roll+1","Leg Sweep"],"picked":"SKIP","floor":41},{"not_picked":["Tools of the Trade","Deflect+1","Bane+1"],"picked":"SKIP","floor":45}],"player_experience":636187,"relics_obtained":[{"floor":6.0,"key":"Molten Egg 2"},{"floor":9.0,"key":"Shuriken"},{"floor":23.0,"key":"Strawberry"},{"floor":25.0,"key":"Sundial"},{"floor":26.0,"key":"Gremlin Horn"},{"floor":28.0,"key":"Red Mask"},{"floor":38.0,"key":"WingedGreaves"}],"event_choices":[{"damage_healed":0.0,"max_hp_gain":0.0,"max_hp_loss":0.0,"gold_gain":0.0,"event_name":"Golden Wing","player_choice":"Ignored","floor":3.0,"gold_loss":0.0,"damage_taken":0.0},{"damage_healed":0.0,"max_hp_gain":0.0,"max_hp_loss":0.0,"gold_gain":0.0,"event_name":"Living Wall","player_choice":"Grow","floor":5.0,"gold_loss":0.0,"damage_taken":0.0,"cards_upgraded":["Neutralize"]},{"damage_healed":0.0,"max_hp_gain":0.0,"max_hp_loss":0.0,"gold_gain":0.0,"event_name":"The Cleric","player_choice":"Leave","floor":8.0,"gold_loss":0.0,"damage_taken":0.0},{"damage_healed":0.0,"max_hp_gain":0.0,"max_hp_loss":0.0,"gold_gain":50.0,"event_name":"Nest","player_choice":"Stole From Cult","floor":20.0,"gold_loss":0.0,"damage_taken":0.0},{"damage_healed":0.0,"max_hp_gain":5.0,"max_hp_loss":0.0,"gold_gain":0.0,"event_name":"Forgotten Altar","player_choice":"Shed Blood","floor":21.0,"gold_loss":0.0,"damage_taken":23.0},{"damage_healed":0.0,"max_hp_gain":0.0,"max_hp_loss":0.0,"gold_gain":0.0,"event_name":"Masked Bandits","player_choice":"Fought Bandits","floor":28.0,"gold_loss":0.0,"damage_taken":0.0},{"damage_healed":0.0,"max_hp_gain":0.0,"max_hp_loss":0.0,"gold_gain":222.0,"event_name":"Tomb of Lord Red Mask","player_choice":"Wore Mask","floor":36.0,"gold_loss":0.0,"damage_taken":0.0},{"damage_healed":0.0,"max_hp_gain":0.0,"max_hp_loss":0.0,"gold_gain":0.0,"event_name":"Mysterious Sphere","player_choice":"Fight","floor":38.0,"gold_loss":0.0,"damage_taken":0.0},{"damage_healed":0.0,"max_hp_gain":0.0,"max_hp_loss":0.0,"gold_gain":50.0,"event_name":"Golden Shrine","player_choice":"Pray","floor":39.0,"gold_loss":0.0,"damage_taken":0.0}],"is_beta":false,"boss_relics":[{"not_picked":["Tiny House","Fusion Hammer"],"picked":"Cursed Key"},{"not_picked":["Orrery","Pandora\u0027s Box"],"picked":"Runic Pyramid"}],"items_purged_floors":[29,37],"is_endless":false,"potions_floor_spawned":[1,4,10,22,23,31,38,40],"ascension_level":15}