{"path_per_floor":["M","M","M","$","?","R","?","R","T","M","M","M","R","?","R","B",null,"M","M","?","$","M","R"],"character_chosen":"THE_SILENT","items_purchased":["Quick Slash","Deadly Poison"],"gold_per_floor":[16,35,55,29,29,29,29,29,29,0,17,35,35,3,3,101,101,115,133,133,6,18,18],"floor_reached":24,"campfire_rested":1,"playtime":3957,"current_hp_per_floor":[65,57,57,57,70,70,70,70,70,70,61,49,49,49,49,39,70,60,60,60,60,29,50],"items_purged":["Strike_G"],"gold":18,"play_id":"1fb446aa-ed91-45b4-bc11-4e09aa0bcb78","is_prod":false,"is_daily":false,"is_ascension_mode":false,"campfire_upgraded":4,"path_taken":["M","M","M","$","?","R","?","R","T","M","M","M","R","?","R","BOSS","M","M","?","$","M","R","E"],"build_version":"2018-01-25-PROD3","purchased_purges":1,"victory":false,"master_deck":["Defend_G","Defend_G","Defend_G","Defend_G","Defend_G","Strike_G","Strike_G","Strike_G","Strike_G","Survivor","Neutralize","Adrenaline+1","Deflect","Burst+1","Blur+1","Quick Slash","Deadly Poison+1","Flying Knee","A Thousand Cuts","Finisher","Catalyst+1","Decay","Deadly Poison","Dagger Spray+1"],"max_hp_per_floor":[70,70,70,70,70,70,70,70,70,70,70,70,70,70,70,70,70,70,70,70,70,70,70],"relics":["Ring of the Snake","Pen Nib","Sozu"],"card_choices":[{"not_picked":["After Image","Corpse Explosion"],"picked":"Adrenaline"},{"not_picked":["Crippling Poison","Dodge and Roll"],"picked":"Deflect"},{"not_picked":["Acrobatics","Infinite Blades"],"picked":"Burst"},{"not_picked":["Slice","Bane"],"picked":"Blur"},{"not_picked":["Bane","Bouncing Flask"],"picked":"Deadly Poison"},{"not_picked":["Calculated Gamble","Leg Sweep"],"picked":"Flying Knee"},{"not_picked":["Phantasmal Killer","Envenom"],"picked":"A Thousand Cuts"},{"not_picked":["Deadly Poison","Dagger Throw"],"picked":"Finisher"},{"not_picked":["Flying Knee","Crippling Poison"],"picked":"Catalyst"},{"not_picked":["PiercingWail","Bane"],"picked":"Dagger Spray"}],"player_experience":25150,"potions_floor_usage":[],"damage_taken":[{"damage":5,"enemies":"2 Louse","floor":1,"turns":3},{"damage":8,"enemies":"Small Slimes","floor":2,"turns":4},{"damage":0,"enemies":"Cultist","floor":3,"turns":5},{"damage":0,"enemies":"Looter","floor":10,"turns":4},{"damage":9,"enemies":"Lots of Slimes","floor":11,"turns":6},{"damage":12,"enemies":"Exordium Thugs","floor":12,"turns":5},{"damage":10,"enemies":"The Guardian","floor":16,"turns":10},{"damage":10,"enemies":"Shell Parasite","floor":18,"turns":6},{"damage":0,"enemies":"Chosen","floor":19,"turns":4},{"damage":31,"enemies":"Snecko","floor":22,"turns":6},{"damage":51,"enemies":"Gremlin Leader","floor":24,"turns":6}],"event_choices":[{"event_name":"Big Fish","player_choice":"Banana","floor":5,"damage_taken":0},{"event_name":"The Lab","player_choice":"Got Potions","floor":7,"damage_taken":0},{"event_name":"World of Goop","player_choice":"Left","floor":14,"damage_taken":0},{"event_name":"Wheel of Change","player_choice":"Curse","floor":20,"damage_taken":0}],"boss_relics":[{"not_picked":["Lizard Tail","Question Card"],"picked":"Sozu"}],"potions_floor_spawned":[1,3,12,16,22],"seed_played":"-47526038515101212","killed_by":"Gremlin Leader","ascension_level":0,"is_trial":false}