{"gold_per_floor":[110,35,50,50,125,125,159,159,159,169,169,169,180,244,244,346,346,366,366,366,383,383],"floor_reached":22,"playtime":1690,"items_purged":["Strike_G"],"score":192,"play_id":"503905b4-3c89-474c-acc3-700a90d50684","local_time":"20181231110146","is_ascension_mode":false,"campfire_choices":[{"data":"Endless Agony","floor":6.0,"key":"SMITH"},{"floor":8.0,"key":"REST"},{"data":"Poisoned Stab","floor":11.0,"key":"SMITH"},{"floor":15.0,"key":"REST"}],"neow_cost":"NONE","seed_source_timestamp":0,"circlet_count":0,"master_deck":["Defend_G","Defend_G","Defend_G","Defend_G","Defend_G","Strike_G","Strike_G","Strike_G","Survivor","Neutralize","Caltrops","Dagger Throw","Endless Agony+1","Deadly Poison","Poisoned Stab+1","Deadly Poison","Envenom"],"special_seed":0,"relics":["Ring of the Snake","Dodecahedron","Bag of Preparation","Tiny Chest","Runic Pyramid","Letter Opener","MutagenicStrength"],"potions_floor_usage":[],"damage_taken":[{"damage":0.0,"enemies":"2 Louse","floor":1.0,"turns":4.0},{"damage":0.0,"enemies":"Jaw Worm","floor":3.0,"turns":3.0},{"damage":23.0,"enemies":"Gremlin Nob","floor":7.0,"turns":5.0},{"damage":7.0,"enemies":"Small Slimes","floor":10.0,"turns":3.0},{"damage":14.0,"enemies":"Gremlin Gang","floor":13.0,"turns":4.0},{"damage":27.0,"enemies":"3 Sentries","floor":14.0,"turns":7.0},{"damage":27.0,"enemies":"The Guardian","floor":16.0,"turns":8.0},{"damage":31,"enemies":"2 Thieves","floor":18,"turns":5},{"damage":29,"enemies":"3 Byrds","floor":21,"turns":4},{"damage":17,"enemies":"3 Cultists","floor":22,"turns":3}],"seed_played":"-8286024420852365345","potions_obtained":[{"floor":1.0,"key":"Explosive Potion"},{"floor":10.0,"key":"EssenceOfSteel"},{"floor":16.0,"key":"GamblersBrew"}],"is_trial":false,"path_per_floor":["M","$","M","?","?","R","E","R","T","M","R","?","M","E","R","B",null,"M","T","?","M","M"],"character_chosen":"THE_SILENT","items_purchased":[],"campfire_rested":2,"item_purchase_floors":[],"current_hp_per_floor":[70,70,70,75,68,68,45,67,67,60,60,60,46,19,41,14,75,44,44,44,15,0],"gold":383,"neow_bonus":"TRANSFORM_CARD","is_prod":false,"is_daily":false,"chose_seed":false,"campfire_upgraded":2,"win_rate":0.0,"timestamp":1546272106,"path_taken":["M","$","M","?","?","R","E","R","T","M","R","?","M","E","R","BOSS","M","?","?","M","M"],"build_version":"2018-12-20","purchased_purges":1,"victory":false,"max_hp_per_floor":[70,70,70,75,75,75,75,75,75,75,75,75,75,75,75,75,75,75,75,75,75,75],"card_choices":[{"not_picked":["Masterful Stab","PiercingWail"],"picked":"Dagger Throw","floor":1.0},{"not_picked":["Slice","Distraction"],"picked":"Endless Agony","floor":3.0},{"not_picked":["Infinite Blades","Prepared"],"picked":"Deadly Poison","floor":7.0},{"not_picked":["Finisher","Prepared"],"picked":"Poisoned Stab","floor":10.0},{"not_picked":["Prepared","Skewer"],"picked":"Deadly Poison","floor":13.0},{"not_picked":["Finisher","Concentrate","Escape Plan"],"picked":"SKIP","floor":14.0},{"not_picked":["Bullet Time","Wraith Form v2"],"picked":"Envenom","floor":16.0},{"not_picked":["Choke","Backstab+1","Poisoned Stab"],"picked":"SKIP","floor":18},{"not_picked":["Backflip+1","PiercingWail","All Out Attack"],"picked":"SKIP","floor":21}],"player_experience":112013,"relics_obtained":[{"floor":7.0,"key":"Dodecahedron"},{"floor":9.0,"key":"Bag of Preparation"},{"floor":14.0,"key":"Tiny Chest"},{"floor":19,"key":"Letter Opener"}],"event_choices":[{"event_name":"Big Fish","player_choice":"Donut","floor":4.0,"damage_taken":0.0},{"event_name":"FaceTrader","player_choice":"Touch","floor":5.0,"damage_taken":0.0},{"event_name":"Liars Game","player_choice":"disagreed","floor":12.0,"damage_taken":0.0},{"damage_healed":0,"gold_gain":0,"player_choice":"Inject Mutagens","damage_taken":0,"relics_obtained":["MutagenicStrength"],"max_hp_gain":0,"max_hp_loss":0,"event_name":"Drug Dealer","floor":20,"gold_loss":0}],"is_beta":false,"boss_relics":[{"not_picked":["Runic Dome","Lizard Tail"],"picked":"Runic Pyramid"}],"items_purged_floors":[2],"is_endless":false,"potions_floor_spawned":[1,10,16],"killed_by":"3 Cultists","ascension_level":0}