{"gold_per_floor":[110,39,52,62,81,113,113,126,126,126,53,68,100,100],"floor_reached":14,"playtime":764,"items_purged":[],"score":107,"play_id":"3ef70c5b-d1d6-44bf-b664-21c598b80d9a","local_time":"20190123202615","is_ascension_mode":true,"campfire_choices":[{"data":"Inflame","floor":7.0,"key":"SMITH"}],"neow_cost":"NONE","seed_source_timestamp":0,"circlet_count":0,"master_deck":["Strike_R","Strike_R","Strike_R","Strike_R","Strike_R","Defend_R","Defend_R","Defend_R","Defend_R","Bash","Pummel","Inflame+1","Thunderclap","Uppercut","Flex","Infernal Blade","Metallicize+1","Thunderclap","Flex+1"],"special_seed":0,"relics":["Burning Blood","Ornamental Fan","Frozen Egg 2","Matryoshka","Toxic Egg 2"],"potions_floor_usage":[13,13],"damage_taken":[{"damage":6.0,"enemies":"Cultist","floor":1.0,"turns":3.0},{"damage":13.0,"enemies":"Jaw Worm","floor":3.0,"turns":3.0},{"damage":0.0,"enemies":"Small Slimes","floor":4.0,"turns":3.0},{"damage":23.0,"enemies":"Exordium Thugs","floor":5.0,"turns":6.0},{"damage":20.0,"enemies":"Gremlin Nob","floor":6.0,"turns":4.0},{"damage":10.0,"enemies":"Exordium Wildlife","floor":8.0,"turns":3.0},{"damage":7.0,"enemies":"Blue Slaver","floor":12.0,"turns":3.0},{"damage":22,"enemies":"Lagavulin","floor":13,"turns":5},{"damage":23,"enemies":"Gremlin Gang","floor":14,"turns":2}],"seed_played":"-8360254494755390095","potions_obtained":[{"floor":6.0,"key":"FearPotion"},{"floor":12.0,"key":"Fruit Juice"},{"floor":13,"key":"SpeedPotion"}],"is_trial":false,"path_per_floor":["M","$","M","M","M","E","R","M","T","?","$","M","E","M"],"character_chosen":"IRONCLAD","items_purchased":["Inflame","Metallicize+1"],"campfire_rested":0,"item_purchase_floors":[2,11],"current_hp_per_floor":[80,80,73,79,62,48,48,44,44,32,32,31,20,0],"gold":100,"neow_bonus":"THREE_CARDS","is_prod":false,"is_daily":false,"chose_seed":false,"campfire_upgraded":1,"win_rate":0,"timestamp":1548235575,"path_taken":["M","?","M","M","M","E","R","M","T","?","$","M","E","M"],"build_version":"2019-01-17v2","purchased_purges":0,"victory":false,"max_hp_per_floor":[80,80,80,80,80,80,80,80,80,80,80,80,85,85],"card_choices":[{"not_picked":["Twin Strike","True Grit"],"picked":"Pummel","floor":0.0},{"not_picked":["Body Slam","Ghostly Armor","Headbutt"],"picked":"SKIP","floor":1.0},{"not_picked":["Bloodletting","Burning Pact","Heavy Blade"],"picked":"SKIP","floor":3.0},{"not_picked":["True Grit","Corruption"],"picked":"Thunderclap","floor":4.0},{"not_picked":["Dropkick","Bloodletting"],"picked":"Uppercut","floor":5.0},{"not_picked":["Clothesline","Whirlwind"],"picked":"Flex","floor":6.0},{"not_picked":["Havoc","Searing Blow"],"picked":"Infernal Blade","floor":8.0},{"not_picked":["Body Slam","True Grit"],"picked":"Thunderclap","floor":12.0},{"not_picked":["Body Slam","Rage"],"picked":"Flex","floor":13}],"player_experience":95237,"relics_obtained":[{"floor":6.0,"key":"Ornamental Fan"},{"floor":9.0,"key":"Frozen Egg 2"},{"floor":13,"key":"Toxic Egg 2"}],"event_choices":[{"damage_healed":0.0,"max_hp_gain":0.0,"max_hp_loss":0.0,"gold_gain":0.0,"event_name":"Scrap Ooze","player_choice":"Success","floor":10.0,"gold_loss":0.0,"damage_taken":12.0,"relics_obtained":["Matryoshka"]}],"is_beta":false,"boss_relics":[],"items_purged_floors":[],"is_endless":false,"potions_floor_spawned":[6,12,13],"killed_by":"Gremlin Gang","ascension_level":1}