{"gold_per_floor":[115,127,142,73,73,73,105,119,119,138,138,149,167,167,167,272,272,291,291,305,305,79,110,139,139,220,220,120,152,168,178,178,276,276,294,308,308,70,70,104,123,157,231,243,257,257,268,280,280,280],"floor_reached":51,"playtime":12024,"items_purged":["Strike_G","Strike_G"],"score":801,"play_id":"7f91c684-0b73-4598-976e-a18756c26aae","local_time":"20190620203845","is_ascension_mode":false,"campfire_choices":[{"data":"Neutralize","floor":6,"key":"SMITH"},{"data":"Dodge and Roll","floor":11,"key":"SMITH"},{"data":"Backflip","floor":15,"key":"SMITH"},{"data":"Skewer","floor":25,"key":"SMITH"},{"data":"Adrenaline","floor":27,"key":"SMITH"},{"data":"Noxious Fumes","floor":32,"key":"SMITH"},{"floor":46,"key":"REST"},{"floor":49,"key":"REST"}],"neow_cost":"NONE","seed_source_timestamp":603843044685000,"circlet_count":0,"master_deck":["Defend_G+1","Defend_G","Defend_G","Defend_G","Defend_G+1","Strike_G","Survivor","Neutralize+1","A Thousand Cuts","Skewer+1","Caltrops","Footwork+1","Acrobatics","Dodge and Roll+1","Backflip+1","Adrenaline+1","Predator","Noxious Fumes+1","Dodge and Roll+1","Calculated Gamble+1","Noxious Fumes+1","Panache","Madness+1","Panacea+1","Catalyst+1","Acrobatics+1","Noxious Fumes","Escape Plan+1","Acrobatics+1"],"relics":["Ring of the Snake","Omamori","Juzu Bracelet","Sozu","Letter Opener","Anchor","Mango","Red Mask","Ornamental Fan","Toxic Egg 2","Black Star","Singing Bowl","Happy Flower","War Paint","Strawberry","Prayer Wheel","The Courier"],"potions_floor_usage":[16,16,16],"damage_taken":[{"damage":3,"enemies":"Jaw Worm","floor":1,"turns":7},{"damage":3,"enemies":"Cultist","floor":2,"turns":6},{"damage":0,"enemies":"2 Louse","floor":3,"turns":4},{"damage":8,"enemies":"Lagavulin","floor":7,"turns":8},{"damage":11,"enemies":"Lots of Slimes","floor":8,"turns":7},{"damage":0,"enemies":"Large Slime","floor":10,"turns":6},{"damage":0,"enemies":"Exordium Thugs","floor":12,"turns":5},{"damage":0,"enemies":"Looter","floor":13,"turns":4},{"damage":9,"enemies":"The Guardian","floor":16,"turns":16},{"damage":0,"enemies":"Chosen","floor":18,"turns":7},{"damage":0,"enemies":"3 Byrds","floor":20,"turns":4},{"damage":5,"enemies":"Book of Stabbing","floor":23,"turns":7},{"damage":11,"enemies":"Masked Bandits","floor":24,"turns":6},{"damage":0,"enemies":"Gremlin Leader","floor":29,"turns":7},{"damage":0,"enemies":"3 Cultists","floor":30,"turns":5},{"damage":5,"enemies":"Centurion and Healer","floor":31,"turns":6},{"damage":20,"enemies":"Champ","floor":33,"turns":12},{"damage":0,"enemies":"Orb Walker","floor":35,"turns":4},{"damage":1,"enemies":"3 Shapes","floor":36,"turns":4},{"damage":3,"enemies":"Giant Head","floor":40,"turns":10},{"damage":2,"enemies":"Maw","floor":41,"turns":6},{"damage":34,"enemies":"Reptomancer","floor":42,"turns":6},{"damage":12,"enemies":"Transient","floor":44,"turns":5},{"damage":0,"enemies":"Sphere and 2 Shapes","floor":45,"turns":4},{"damage":17,"enemies":"Spire Growth","floor":47,"turns":5},{"damage":2,"enemies":"3 Darklings","floor":48,"turns":4},{"damage":35,"enemies":"Time Eater","floor":50,"turns":12}],"seed_played":"-5036442850811624983","potions_obtained":[{"floor":3,"key":"Swift Potion"},{"floor":10,"key":"Swift Potion"},{"floor":12,"key":"Swift Potion"}],"is_trial":false,"path_per_floor":["M","M","M","$","?","R","E","M","T","M","R","M","M","?","R","B",null,"M","?","M","?","$","E","?","R","T","R","$","E","M","M","R","B",null,"M","M","?","$","?","E","M","E","T","M","M","R","M","M","R","B",null],"character_chosen":"THE_SILENT","items_purchased":["Footwork","Anchor","Singing Bowl"],"campfire_rested":2,"item_purchase_floors":[4,22,38],"current_hp_per_floor":[67,64,64,64,64,64,56,45,45,45,45,45,45,38,38,29,70,70,70,70,70,70,79,68,68,68,68,68,68,68,63,63,43,84,84,83,73,73,84,81,79,52,52,42,44,72,59,61,91,56],"gold":280,"neow_bonus":"ONE_RANDOM_RARE_CARD","is_prod":false,"is_daily":false,"chose_seed":false,"campfire_upgraded":6,"win_rate":0,"timestamp":1561077525,"path_taken":["M","M","M","$","?","R","E","?","T","M","R","M","M","?","R","BOSS","M","?","M","?","$","E","?","R","T","R","?","E","M","M","R","BOSS","M","M","?","$","?","E","M","E","T","M","M","R","M","M","R","BOSS"],"build_version":"2019-01-23","purchased_purges":2,"victory":true,"max_hp_per_floor":[70,70,70,70,70,70,70,70,70,70,70,70,70,70,70,70,70,70,70,70,70,70,84,84,84,84,84,84,84,84,84,84,84,84,84,84,84,84,84,84,84,91,91,93,95,95,99,103,103,103],"card_choices":[{"not_picked":["Underhanded Strike","Flying Knee"],"picked":"Skewer","floor":1},{"not_picked":["Endless Agony","Prepared"],"picked":"Caltrops","floor":2},{"not_picked":["Dagger Spray","Reflex","Underhanded Strike"],"picked":"SKIP","floor":3},{"not_picked":["Glass Knife","Heel Hook"],"picked":"Acrobatics","floor":7},{"not_picked":["Bane","Sucker Punch"],"picked":"Dodge and Roll","floor":8},{"not_picked":["Caltrops","Endless Agony","Distraction"],"picked":"SKIP","floor":10},{"not_picked":["Outmaneuver","Masterful Stab","Prepared"],"picked":"SKIP","floor":12},{"not_picked":["Riddle With Holes","Bouncing Flask"],"picked":"Backflip","floor":13},{"not_picked":["Venomology","Die Die Die"],"picked":"Adrenaline","floor":16},{"not_picked":["PiercingWail","Blade Dance","Expertise"],"picked":"SKIP","floor":18},{"not_picked":["Flying Knee+1","Terror+1","Deflect"],"picked":"SKIP","floor":20},{"not_picked":["Slice","Underhanded Strike"],"picked":"Predator","floor":23},{"not_picked":["Dagger Throw","Bouncing Flask"],"picked":"Noxious Fumes+1","floor":24},{"not_picked":["Outmaneuver","Flying Knee"],"picked":"Dodge and Roll+1","floor":29},{"not_picked":["Cloak And Dagger+1","Dagger Spray+1"],"picked":"Calculated Gamble+1","floor":30},{"not_picked":["Bane","Dagger Throw"],"picked":"Noxious Fumes","floor":31},{"not_picked":["Flying Knee+1","Finisher+1","Dagger Spray"],"picked":"SKIP","floor":35},{"not_picked":["Dagger Throw+1","Deflect+1","Endless Agony"],"picked":"SKIP","floor":36},{"not_picked":["Trip+1","Discovery+1"],"picked":"Panache","floor":37},{"not_picked":["Dramatic Entrance","Trip+1"],"picked":"Madness+1","floor":37},{"not_picked":["Bandage Up+1","Purity+1"],"picked":"Panacea+1","floor":37},{"not_picked":["Dodge and Roll+1","Dagger Throw"],"picked":"Catalyst+1","floor":40},{"not_picked":["Cloak And Dagger+1","Prepared+1"],"picked":"Acrobatics+1","floor":41},{"not_picked":["Finisher+1","Dodge and Roll+1"],"picked":"Noxious Fumes","floor":42},{"not_picked":["Outmaneuver+1","Skewer","Calculated Gamble+1"],"picked":"Singing Bowl","floor":44},{"not_picked":["Underhanded Strike","Outmaneuver+1"],"picked":"Escape Plan+1","floor":44},{"not_picked":["Skewer+1","Slice","Finisher+1"],"picked":"Singing Bowl","floor":45},{"not_picked":["Catalyst+1","Underhanded Strike+1"],"picked":"Acrobatics+1","floor":45},{"not_picked":["Cloak And Dagger+1","Outmaneuver+1","Slice"],"picked":"Singing Bowl","floor":47},{"not_picked":["Setup+1","Expertise+1","Leg Sweep+1"],"picked":"Singing Bowl","floor":47},{"not_picked":["Deflect+1","Eviscerate+1","Slice"],"picked":"Singing Bowl","floor":48},{"not_picked":["Slice","Phantasmal Killer+1","Accuracy"],"picked":"Singing Bowl","floor":48}],"player_experience":244610,"relics_obtained":[{"floor":7,"key":"Omamori"},{"floor":9,"key":"Juzu Bracelet"},{"floor":23,"key":"Mango"},{"floor":24,"key":"Red Mask"},{"floor":26,"key":"Ornamental Fan"},{"floor":29,"key":"Toxic Egg 2"},{"floor":40,"key":"Happy Flower"},{"floor":40,"key":"War Paint"},{"floor":42,"key":"Strawberry"},{"floor":42,"key":"Prayer Wheel"},{"floor":43,"key":"The Courier"}],"event_choices":[{"damage_healed":0,"gold_gain":0,"player_choice":"Forge","damage_taken":0,"max_hp_gain":0,"max_hp_loss":0,"event_name":"Accursed Blacksmith","floor":5,"gold_loss":0,"cards_upgraded":["Footwork"]},{"cards_removed":["Strike_G"],"damage_healed":0,"gold_gain":0,"player_choice":"Card Removal","damage_taken":7,"max_hp_gain":0,"max_hp_loss":0,"event_name":"Golden Wing","floor":14,"gold_loss":0},{"cards_removed":["Strike_G"],"damage_healed":0,"gold_gain":0,"player_choice":"Purged","damage_taken":0,"max_hp_gain":0,"max_hp_loss":0,"event_name":"Purifier","floor":19,"gold_loss":0},{"damage_healed":0,"gold_gain":0,"player_choice":"Opened","damage_taken":0,"relics_obtained":["Letter Opener"],"max_hp_gain":0,"max_hp_loss":0,"event_name":"The Mausoleum","floor":21,"gold_loss":0},{"damage_healed":0,"gold_gain":0,"player_choice":"Fought Bandits","damage_taken":0,"max_hp_gain":0,"max_hp_loss":0,"event_name":"Masked Bandits","floor":24,"gold_loss":0},{"damage_healed":0,"gold_gain":0,"player_choice":"Memory 3","damage_taken":10,"max_hp_gain":0,"max_hp_loss":0,"event_name":"SensoryStone","floor":37,"gold_loss":0},{"damage_healed":21,"gold_gain":0,"player_choice":"Writhe","damage_taken":0,"max_hp_gain":0,"max_hp_loss":0,"event_name":"Winding Halls","floor":39,"gold_loss":0,"cards_obtained":["Writhe"]}],"is_beta":false,"boss_relics":[{"not_picked":["Calling Bell","Astrolabe"],"picked":"Sozu"},{"not_picked":["Orrery","Pandora\u0027s Box"],"picked":"Black Star"}],"items_purged_floors":[22,28],"is_endless":false,"potions_floor_spawned":[3,10,12,18,23,29,31,42,44,47,48],"ascension_level":0}