{"gold_per_floor":[115,130,142,162,162,162,192,192,238,273,285,297,309,337,349,458,470,494,506,518,542,573,585,611,623,635,647,684,713,739,751,763,873,885,909,937,959,985,997],"floor_reached":39,"playtime":2867,"items_purged":[],"score":440,"play_id":"02bd7bda-7e79-4196-a2ca-6e876f957b1d","local_time":"20190207191501","is_ascension_mode":false,"campfire_choices":[{"data":"Neutralize","floor":6,"key":"SMITH"},{"floor":11,"key":"REST"},{"floor":13,"key":"REST"},{"data":"Catalyst","floor":15,"key":"SMITH"},{"data":"Deadly Poison","floor":23,"key":"SMITH"},{"floor":27,"key":"REST"},{"floor":32,"key":"REST"}],"neow_cost":"NONE","seed_source_timestamp":86763244256692,"circlet_count":0,"master_deck":["Defend_G","Defend_G+1","Defend_G","Defend_G","Defend_G","Strike_G","Strike_G+1","Strike_G","Strike_G+1","Strike_G+1","Survivor","Neutralize+1","Catalyst+1","Deadly Poison+1","Corpse Explosion","Crippling Poison","Deadly Poison","Envenom","Deadly Poison+1","Backstab+1","Catalyst+1","Noxious Fumes+1"],"relics":["Ring of the Snake","NeowsBlessing","Paper Crane","Orichalcum","MawBank","Regal Pillow","Orrery","Question Card","Whetstone","Dream Catcher","Empty Cage"],"potions_floor_usage":[33,33,38,39],"damage_taken":[{"damage":0,"enemies":"2 Louse","floor":1,"turns":1},{"damage":0,"enemies":"Cultist","floor":2,"turns":1},{"damage":0,"enemies":"Jaw Worm","floor":3,"turns":1},{"damage":6,"enemies":"2 Fungi Beasts","floor":4,"turns":4},{"damage":28,"enemies":"Lagavulin","floor":7,"turns":8},{"damage":6,"enemies":"Gremlin Nob","floor":10,"turns":4},{"damage":5,"enemies":"Red Slaver","floor":14,"turns":3},{"damage":19,"enemies":"The Guardian","floor":16,"turns":7},{"damage":0,"enemies":"Chosen","floor":18,"turns":5},{"damage":23,"enemies":"2 Thieves","floor":21,"turns":3},{"damage":0,"enemies":"3 Cultists","floor":22,"turns":2},{"damage":10,"enemies":"Centurion and Healer","floor":24,"turns":4},{"damage":13,"enemies":"Book of Stabbing","floor":28,"turns":5},{"damage":3,"enemies":"Snecko","floor":29,"turns":5},{"damage":13,"enemies":"Sentry and Sphere","floor":30,"turns":3},{"damage":57,"enemies":"Automaton","floor":33,"turns":9},{"damage":16,"enemies":"3 Darklings","floor":35,"turns":5},{"damage":12,"enemies":"Orb Walker","floor":36,"turns":3},{"damage":14,"enemies":"Maw","floor":37,"turns":7},{"damage":4,"enemies":"Jaw Worm Horde","floor":38,"turns":2},{"damage":36,"enemies":"Spire Growth","floor":39,"turns":4}],"seed_played":"4984779331832287191","potions_obtained":[{"floor":4,"key":"EssenceOfSteel"},{"floor":7,"key":"Energy Potion"},{"floor":14,"key":"LiquidBronze"},{"floor":35,"key":"Block Potion"},{"floor":38,"key":"Poison Potion"}],"is_trial":false,"path_per_floor":["M","M","M","M","?","R","E","?","T","E","R","?","R","M","R","B",null,"M","?","$","M","M","R","M","$","T","R","E","M","M","?","R","B",null,"M","M","M","M","M"],"character_chosen":"THE_SILENT","items_purchased":[],"campfire_rested":4,"item_purchase_floors":[],"current_hp_per_floor":[70,70,70,64,64,64,36,22,22,16,37,25,61,56,56,37,70,70,63,63,40,40,40,30,30,30,66,53,50,37,37,70,13,70,54,42,28,24,0],"gold":997,"neow_bonus":"THREE_ENEMY_KILL","is_prod":false,"is_daily":false,"chose_seed":false,"campfire_upgraded":3,"win_rate":0.0,"timestamp":1549527301,"path_taken":["M","M","M","M","?","R","E","?","T","E","R","?","R","M","R","BOSS","M","?","$","M","M","R","?","$","T","R","E","M","M","?","R","BOSS","M","M","M","M","M"],"build_version":"2019-01-23","purchased_purges":0,"victory":false,"max_hp_per_floor":[70,70,70,70,70,70,70,70,70,70,70,70,70,70,70,70,70,70,70,70,70,70,70,70,70,70,70,70,70,70,70,70,70,70,70,70,70,70,70],"card_choices":[{"not_picked":["Sucker Punch","Outmaneuver","Slice"],"picked":"SKIP","floor":1},{"not_picked":["Backflip","Prepared"],"picked":"Catalyst","floor":2},{"not_picked":["Acrobatics","Night Terror","Blur"],"picked":"SKIP","floor":3},{"not_picked":["Bane","Eviscerate"],"picked":"Deadly Poison","floor":4},{"not_picked":["Bouncing Flask","Backstab"],"picked":"Corpse Explosion","floor":7},{"not_picked":["Cloak And Dagger","Deadly Poison"],"picked":"Crippling Poison","floor":10},{"not_picked":["Poisoned Stab","Quick Slash"],"picked":"Deadly Poison","floor":14},{"not_picked":["Dagger Throw","Deflect"],"picked":"Backflip","floor":17},{"not_picked":["Dagger Throw","Blade Dance"],"picked":"Envenom","floor":17},{"not_picked":["Infinite Blades","Poisoned Stab"],"picked":"Deadly Poison+1","floor":18},{"not_picked":["Riddle With Holes","Backflip","Dodge and Roll"],"picked":"SKIP","floor":21},{"not_picked":["Backflip","Dodge and Roll+1","Underhanded Strike"],"picked":"SKIP","floor":22},{"not_picked":["Predator","Blade Dance","Escape Plan"],"picked":"SKIP","floor":24},{"not_picked":["Heel Hook+1","Crippling Poison+1","Finisher"],"picked":"Backstab+1","floor":28},{"not_picked":["Skewer","Malaise","Dagger Spray+1","Crippling Poison"],"picked":"SKIP","floor":29},{"not_picked":["Flying Knee","Masterful Stab+1","Backflip","Underhanded Strike"],"picked":"SKIP","floor":30},{"not_picked":["Blur","Underhanded Strike","Setup"],"picked":"Catalyst+1","floor":32},{"not_picked":["Dash+1","Outmaneuver+1","Heel Hook"],"picked":"Noxious Fumes+1","floor":35},{"not_picked":["Blade Dance","Deflect","Dodge and Roll+1","Leg Sweep+1"],"picked":"SKIP","floor":36},{"not_picked":["Dagger Spray+1","Cloak And Dagger+1","Quick Slash+1","Storm of Steel"],"picked":"SKIP","floor":37},{"not_picked":["Quick Slash+1","Sucker Punch","Flechettes","Blade Dance+1"],"picked":"SKIP","floor":38}],"player_experience":149353,"relics_obtained":[{"floor":7,"key":"Paper Crane"},{"floor":9,"key":"Orichalcum"},{"floor":10,"key":"MawBank"},{"floor":26,"key":"Question Card"},{"floor":28,"key":"Whetstone"}],"event_choices":[{"damage_healed":0,"gold_gain":0,"player_choice":"Leave","damage_taken":0,"max_hp_gain":0,"max_hp_loss":0,"event_name":"The Cleric","floor":5,"gold_loss":0},{"damage_healed":0,"gold_gain":0,"player_choice":"Entered Light","damage_taken":14,"max_hp_gain":0,"max_hp_loss":0,"event_name":"Shining Light","floor":8,"gold_loss":0,"cards_upgraded":["Strike_G","Defend_G"]},{"damage_healed":0,"gold_gain":0,"player_choice":"Success","damage_taken":12,"relics_obtained":["Regal Pillow"],"max_hp_gain":0,"max_hp_loss":0,"event_name":"Scrap Ooze","floor":12,"gold_loss":0},{"damage_healed":0,"gold_gain":0,"player_choice":"","damage_taken":7,"max_hp_gain":0,"max_hp_loss":0,"event_name":"Knowing Skull","floor":19,"potions_obtained":[],"gold_loss":0,"cards_obtained":[]},{"damage_healed":0,"gold_gain":0,"player_choice":"Opened","damage_taken":0,"relics_obtained":["Dream Catcher"],"max_hp_gain":0,"max_hp_loss":0,"event_name":"The Mausoleum","floor":31,"gold_loss":0,"cards_obtained":["Writhe"]}],"is_beta":false,"boss_relics":[{"not_picked":["Pandora\u0027s Box","Coffee Dripper"],"picked":"Orrery"},{"not_picked":["Cursed Key","HoveringKite"],"picked":"Empty Cage"}],"items_purged_floors":[],"is_endless":false,"potions_floor_spawned":[4,7,14,24,28,30,35,38],"killed_by":"Spire Growth","ascension_level":0}