{"gold_per_floor":[119,119,143,163,174,189,189,223,246,258,277,277,18,36,36,136,136,147,163,163,177,193,193,213,228,228,228],"floor_reached":27,"playtime":1474,"items_purged":[],"score":221,"play_id":"623ef49e-32c2-4635-9146-82b0a17e3c2e","local_time":"20190112193731","is_ascension_mode":false,"campfire_choices":[{"data":"White Noise","floor":7,"key":"SMITH"},{"floor":15,"key":"REST"},{"floor":23,"key":"REST"}],"neow_cost":"NONE","seed_source_timestamp":173059510463788,"circlet_count":0,"master_deck":["Strike_B","Strike_B","Strike_B","Strike_B","Defend_B","Defend_B","Defend_B","Defend_B","Zap","Dualcast","Storm","White Noise+1","Capacitor","Self Repair","Sweeping Beam+1","Redo","Cold Snap","Chrysalis","Storm","Genetic Algorithm","Creative AI","Gash","Barrage","Decay","White Noise+1","Turbo","Go for the Eyes+1","Heatsinks+1"],"relics":["Cracked Core","NeowsBlessing","Orichalcum","Bottled Tornado","Ancient Tea Set","Busted Crown","Darkstone Periapt"],"potions_floor_usage":[25,25],"damage_taken":[{"damage":0,"enemies":"2 Louse","floor":1,"turns":1},{"damage":0,"enemies":"Jaw Worm","floor":4,"turns":1},{"damage":0,"enemies":"Small Slimes","floor":5,"turns":1},{"damage":9,"enemies":"Blue Slaver","floor":6,"turns":3},{"damage":12,"enemies":"Gremlin Nob","floor":8,"turns":4},{"damage":12,"enemies":"3 Louse","floor":10,"turns":3},{"damage":23,"enemies":"Gremlin Gang","floor":11,"turns":3},{"damage":9,"enemies":"Red Slaver","floor":14,"turns":3},{"damage":12,"enemies":"Slime Boss","floor":16,"turns":7},{"damage":28,"enemies":"2 Thieves","floor":18,"turns":3},{"damage":8,"enemies":"Chosen","floor":19,"turns":4},{"damage":22,"enemies":"Centurion and Healer","floor":21,"turns":5},{"damage":15,"enemies":"Snake Plant","floor":22,"turns":3},{"damage":21,"enemies":"Snecko","floor":24,"turns":4},{"damage":15,"enemies":"Centurion and Healer","floor":25,"turns":4},{"damage":5,"enemies":"Sentry and Sphere","floor":27,"turns":2}],"seed_played":"-4417983687760741067","potions_obtained":[{"floor":1,"key":"SkillPotion"},{"floor":6,"key":"FocusPotion"},{"floor":8,"key":"FearPotion"},{"floor":10,"key":"AttackPotion"},{"floor":18,"key":"Energy Potion"}],"is_trial":false,"path_per_floor":["M","?","T","M","M","M","R","E","T","M","M","?","$","M","R","B",null,"M","M","?","M","M","R","M","M","T","M"],"character_chosen":"DEFECT","items_purchased":["Chrysalis","Storm"],"campfire_rested":2,"item_purchase_floors":[13,13],"current_hp_per_floor":[75,75,75,75,75,66,66,61,61,56,40,40,40,38,60,55,75,47,46,46,24,9,31,17,2,2,0],"gold":228,"neow_bonus":"THREE_ENEMY_KILL","is_prod":false,"is_daily":false,"chose_seed":false,"campfire_upgraded":1,"win_rate":0.0,"timestamp":1547282251,"path_taken":["M","?","?","M","M","M","R","E","T","?","M","?","$","M","R","BOSS","M","M","?","M","M","R","M","M","T","?"],"build_version":"2019-01-10","purchased_purges":0,"victory":false,"max_hp_per_floor":[75,75,75,75,75,75,75,75,75,75,75,75,75,75,75,75,75,75,75,75,75,75,75,75,75,75,75],"card_choices":[{"not_picked":["Undo","Turbo"],"picked":"Storm","floor":1},{"not_picked":["Tempest","FTL"],"picked":"White Noise","floor":4},{"not_picked":["Go for the Eyes","Sweeping Beam"],"picked":"Capacitor","floor":5},{"not_picked":["Rebound","Coolheaded"],"picked":"Self Repair","floor":6},{"not_picked":["Stack","Skim"],"picked":"Sweeping Beam","floor":8},{"not_picked":["Heatsinks","Steam"],"picked":"Redo","floor":10},{"not_picked":["Steam","Steam Power"],"picked":"Cold Snap","floor":11},{"not_picked":["Barrage","Glacier"],"picked":"Genetic Algorithm","floor":14},{"not_picked":["Buffer","Rainbow"],"picked":"Creative AI","floor":16},{"not_picked":[],"picked":"Gash","floor":18},{"not_picked":[],"picked":"Barrage","floor":19},{"not_picked":[],"picked":"White Noise+1","floor":21},{"not_picked":[],"picked":"Turbo","floor":22},{"not_picked":[],"picked":"Go for the Eyes+1","floor":24},{"not_picked":[],"picked":"Heatsinks+1","floor":25}],"player_experience":25181,"relics_obtained":[{"floor":3,"key":"Orichalcum"},{"floor":8,"key":"Bottled Tornado"},{"floor":9,"key":"Ancient Tea Set"},{"floor":26,"key":"Darkstone Periapt"}],"event_choices":[{"damage_healed":0,"gold_gain":0,"player_choice":"Leave","damage_taken":0,"max_hp_gain":0,"max_hp_loss":0,"event_name":"The Cleric","floor":2,"gold_loss":0},{"damage_healed":0,"gold_gain":0,"player_choice":"Grow","damage_taken":0,"max_hp_gain":0,"max_hp_loss":0,"event_name":"Living Wall","floor":12,"gold_loss":0,"cards_upgraded":["Sweeping Beam"]},{"damage_healed":0,"gold_gain":0,"player_choice":"Cursed","damage_taken":0,"max_hp_gain":0,"max_hp_loss":0,"event_name":"Wheel of Change","floor":20,"gold_loss":0,"cards_obtained":["Decay"]}],"is_beta":false,"boss_relics":[{"not_picked":["Runic Dome","Coffee Dripper"],"picked":"Busted Crown"}],"items_purged_floors":[],"is_endless":false,"potions_floor_spawned":[1,6,8,10,18,24],"killed_by":"Sentry and Sphere","ascension_level":0}