{"gold_per_floor":[363,376,29,42,7,40,53,85,85,85,111,111,111,135,135,259,259,277,295,319,319,342,373,373,373,373,3,24,49,89,103,103,223,223,238,254,7,28,52,87,107,126,126,41,41,166,186,200,200,200],"floor_reached":51,"playtime":3793,"items_purged":["Strike_B","Strike_B"],"score":1125,"play_id":"f3f4a39d-3c93-4004-9b50-9d21995bcc84","local_time":"20190623110120","is_ascension_mode":true,"campfire_choices":[{"floor":12.0,"key":"REST"},{"floor":15.0,"key":"REST"},{"data":"Buffer","floor":25.0,"key":"SMITH"},{"floor":32.0,"key":"REST"},{"data":"Buffer","floor":45,"key":"SMITH"},{"floor":49,"key":"REST"}],"neow_cost":"TEN_PERCENT_HP_LOSS","seed_source_timestamp":0,"circlet_count":0,"master_deck":["Strike_B","Strike_B","Defend_B","Defend_B","Defend_B","Defend_B","Zap","Dualcast","Sunder","Apotheosis+1","Biased Cognition","Coolheaded","Cold Snap","Echo Form","Reinforced Body","Buffer+1","Ball Lightning","Defragment+1","Ghostly","Ghostly","Ghostly","Ghostly","Ghostly","Loop","Mayhem","Sweeping Beam+1","Stack+1","Echo Form","Loop+1","White Noise","Buffer+1","Reinforced Body","Capacitor+1","Rainbow"],"special_seed":0,"relics":["Cracked Core","Membership Card","Oddly Smooth Stone","Singing Bowl","Shuriken","Golden Idol","Runic Dome","Bag of Marbles","Unceasing Top","Nloth\u0027s Gift","Letter Opener","Bag of Preparation","Strawberry","ClockworkSouvenir","Dream Catcher","Lizard Tail","Meat on the Bone","Pen Nib","Ancient Tea Set","Frozen Egg 2","Emotion Chip"],"potions_floor_usage":[50,50],"damage_taken":[{"damage":2.0,"enemies":"2 Louse","floor":1.0,"turns":3.0},{"damage":10.0,"enemies":"Small Slimes","floor":2.0,"turns":3.0},{"damage":2.0,"enemies":"Jaw Worm","floor":4.0,"turns":3.0},{"damage":14.0,"enemies":"Lagavulin","floor":6.0,"turns":5.0},{"damage":0.0,"enemies":"Exordium Wildlife","floor":7.0,"turns":3.0},{"damage":18.0,"enemies":"Gremlin Nob","floor":8.0,"turns":5.0},{"damage":10.0,"enemies":"3 Sentries","floor":11.0,"turns":8.0},{"damage":11.0,"enemies":"Looter","floor":14.0,"turns":2.0},{"damage":28.0,"enemies":"The Guardian","floor":16.0,"turns":8.0},{"damage":2.0,"enemies":"2 Thieves","floor":18.0,"turns":5.0},{"damage":12.0,"enemies":"Chosen","floor":19.0,"turns":4.0},{"damage":14.0,"enemies":"3 Cultists","floor":20.0,"turns":5.0},{"damage":0.0,"enemies":"Book of Stabbing","floor":23.0,"turns":7.0},{"damage":21.0,"enemies":"Sentry and Sphere","floor":28.0,"turns":5.0},{"damage":0.0,"enemies":"Snecko","floor":29.0,"turns":6.0},{"damage":3.0,"enemies":"Gremlin Leader","floor":30.0,"turns":7.0},{"damage":3.0,"enemies":"Centurion and Healer","floor":31.0,"turns":7.0},{"damage":0.0,"enemies":"Collector","floor":33.0,"turns":11.0},{"damage":5.0,"enemies":"3 Darklings","floor":35.0,"turns":6.0},{"damage":1.0,"enemies":"Orb Walker","floor":36.0,"turns":5.0},{"damage":47.0,"enemies":"Transient","floor":38.0,"turns":5.0},{"damage":0.0,"enemies":"4 Shapes","floor":39.0,"turns":7.0},{"damage":20.0,"enemies":"Reptomancer","floor":40.0,"turns":7.0},{"damage":5,"enemies":"3 Darklings","floor":41,"turns":5},{"damage":0,"enemies":"Spire Growth","floor":42,"turns":7},{"damage":0,"enemies":"Mind Bloom Boss Battle","floor":46,"turns":7},{"damage":7,"enemies":"Writhing Mass","floor":47,"turns":7},{"damage":3,"enemies":"4 Shapes","floor":48,"turns":3},{"damage":26,"enemies":"Donu and Deca","floor":50,"turns":10}],"seed_played":"-9205338532230570101","potions_obtained":[{"floor":1.0,"key":"Explosive Potion"},{"floor":6.0,"key":"Fire Potion"},{"floor":7.0,"key":"PowerPotion"},{"floor":14.0,"key":"PowerPotion"},{"floor":28.0,"key":"Dexterity Potion"},{"floor":30.0,"key":"SteroidPotion"},{"floor":31.0,"key":"Energy Potion"},{"floor":41,"key":"EssenceOfSteel"}],"is_trial":false,"path_per_floor":["M","M","$","M","?","E","M","E","T","?","E","R","?","M","R","B",null,"M","M","M","?","T","E","?","R","T","$","M","M","E","M","R","B",null,"M","M","$","M","M","E","M","M","T","$","R","?","M","M","R","B",null],"character_chosen":"DEFECT","items_purchased":["Membership Card","Apotheosis","Biased Cognition","Bag of Preparation","Mayhem","Strawberry","ClockworkSouvenir","Meat on the Bone","Pen Nib","White Noise","Capacitor+1"],"campfire_rested":4,"item_purchase_floors":[3,3,3,27,27,27,27,37,37,37,44],"current_hp_per_floor":[66,56,56,54,68,54,54,38,38,38,28,49,49,38,57,29,56,54,42,30,30,30,30,30,30,30,37,18,20,19,16,29,29,42,39,38,38,36,38,30,39,39,39,39,39,39,34,33,52,38],"gold":200,"neow_bonus":"TWO_FIFTY_GOLD","is_prod":false,"is_daily":false,"chose_seed":false,"campfire_upgraded":2,"win_rate":0,"timestamp":1561302080,"path_taken":["M","M","$","M","?","E","M","E","T","?","E","R","?","M","R","BOSS","M","M","M","?","?","E","?","R","T","$","M","?","E","M","R","BOSS","M","?","$","M","M","E","?","M","T","$","R","?","M","M","R","BOSS"],"build_version":"2019-01-23","purchased_purges":2,"victory":true,"max_hp_per_floor":[68,68,68,68,68,68,68,70,70,70,70,70,65,65,65,65,65,65,65,67,33,33,33,33,33,33,40,42,44,46,46,46,46,46,48,48,48,50,52,52,54,54,54,54,54,54,56,58,60,60],"card_choices":[{"not_picked":["Force Field","Go for the Eyes"],"picked":"Sunder","floor":1.0},{"not_picked":["Double Energy","Tempest","Leap"],"picked":"SKIP","floor":2.0},{"not_picked":["Go for the Eyes","Barrage"],"picked":"Coolheaded","floor":4.0},{"not_picked":["Go for the Eyes","Sunder"],"picked":"Cold Snap","floor":6.0},{"not_picked":["Blizzard","Gash","Hyperbeam"],"picked":"SKIP","floor":7.0},{"not_picked":["Scrape","Double Energy","Stack"],"picked":"Singing Bowl","floor":8.0},{"not_picked":["Sweeping Beam","Creative AI"],"picked":"Echo Form","floor":11.0},{"not_picked":["Cold Snap","Streamline"],"picked":"Reinforced Body","floor":14.0},{"not_picked":["Rainbow","Reboot"],"picked":"Buffer","floor":16.0},{"not_picked":["Force Field+1","Melter+1"],"picked":"Ball Lightning","floor":18.0},{"not_picked":["Storm","Ball Lightning+1"],"picked":"Defragment+1","floor":19.0},{"not_picked":["Leap+1","Reinforced Body","Steam"],"picked":"Singing Bowl","floor":20.0},{"not_picked":["Stack","Compile Driver"],"picked":"Loop","floor":23.0},{"not_picked":["Creative AI","Barrage","Beam Cell+1"],"picked":"Singing Bowl","floor":28.0},{"not_picked":["Steam+1","Hologram+1","Cold Snap"],"picked":"Singing Bowl","floor":29.0},{"not_picked":["Steam+1","Rebound","Barrage"],"picked":"Singing Bowl","floor":30.0},{"not_picked":["Ball Lightning","Gash+1"],"picked":"Sweeping Beam+1","floor":31.0},{"not_picked":["Rebound","Gash"],"picked":"Stack+1","floor":32.0},{"not_picked":["Amplify","Seek"],"picked":"Echo Form","floor":33.0},{"not_picked":["Cold Snap","Gash","Rebound"],"picked":"Singing Bowl","floor":35.0},{"not_picked":["Steam","Cold Snap"],"picked":"Loop+1","floor":36.0},{"not_picked":["Steam","Storm","Sweeping Beam"],"picked":"Singing Bowl","floor":38.0},{"not_picked":["Rebound+1","Stack","Genetic Algorithm+1"],"picked":"Singing Bowl","floor":39.0},{"not_picked":["Gash","Rip and Tear+1"],"picked":"Buffer","floor":40.0},{"not_picked":["Auto Shields","Coolheaded+1","Leap+1"],"picked":"Singing Bowl","floor":41},{"not_picked":["Turbo+1","Gash+1"],"picked":"Reinforced Body","floor":42},{"not_picked":["Steam","Stack"],"picked":"Rainbow","floor":46},{"not_picked":["Hologram","Streamline+1","Sweeping Beam+1"],"picked":"Singing Bowl","floor":47},{"not_picked":["Redo","All For One","Chaos+1"],"picked":"Singing Bowl","floor":48},{"not_picked":["Cold Snap","Turbo+1","Tempest+1"],"picked":"Singing Bowl","floor":49}],"player_experience":367203,"relics_obtained":[{"floor":6.0,"key":"Oddly Smooth Stone"},{"floor":8.0,"key":"Singing Bowl"},{"floor":9.0,"key":"Shuriken"},{"floor":11.0,"key":"Centennial Puzzle"},{"floor":22.0,"key":"Bag of Marbles"},{"floor":23.0,"key":"Unceasing Top"},{"floor":26.0,"key":"Letter Opener"},{"floor":30.0,"key":"Dream Catcher"},{"floor":40.0,"key":"Ancient Tea Set"},{"floor":43,"key":"Frozen Egg 2"},{"floor":46,"key":"Emotion Chip"}],"event_choices":[{"damage_healed":17.0,"max_hp_gain":0.0,"max_hp_loss":0.0,"gold_gain":0.0,"event_name":"The Cleric","player_choice":"Healed","floor":5.0,"gold_loss":35.0,"damage_taken":0.0},{"damage_healed":0.0,"max_hp_gain":0.0,"max_hp_loss":0.0,"gold_gain":0.0,"event_name":"Living Wall","player_choice":"Grow","floor":10.0,"gold_loss":0.0,"damage_taken":0.0,"cards_upgraded":["Apotheosis"]},{"damage_healed":0.0,"max_hp_gain":0.0,"max_hp_loss":5.0,"gold_gain":0.0,"event_name":"Golden Idol","player_choice":"Lose Max HP","floor":13.0,"gold_loss":0.0,"damage_taken":0.0,"relics_obtained":["Golden Idol"]},{"damage_healed":0.0,"max_hp_gain":0.0,"max_hp_loss":34.0,"gold_gain":0.0,"event_name":"Ghosts","player_choice":"Became a Ghost","floor":21.0,"gold_loss":0.0,"damage_taken":0.0,"cards_obtained":["Ghostly","Ghostly","Ghostly","Ghostly","Ghostly"]},{"damage_healed":0.0,"max_hp_gain":0.0,"max_hp_loss":0.0,"gold_gain":0.0,"event_name":"N\u0027loth","player_choice":"Traded Relic","floor":24.0,"relics_lost":["Centennial Puzzle"],"gold_loss":0.0,"damage_taken":0.0,"relics_obtained":["Nloth\u0027s Gift"]},{"damage_healed":0,"gold_gain":0,"player_choice":"Fight","damage_taken":0,"max_hp_gain":0,"max_hp_loss":0,"event_name":"MindBloom","floor":46,"gold_loss":0}],"is_beta":false,"boss_relics":[{"not_picked":["Coffee Dripper","Pandora\u0027s Box"],"picked":"Runic Dome"},{"not_picked":["Empty Cage","White Beast Statue"],"picked":"Lizard Tail"}],"items_purged_floors":[27,44],"is_endless":false,"potions_floor_spawned":[1,6,7,14,19,28,29,30,31,36,39,41,48],"ascension_level":8}