{"gold_per_floor":[110,285,300,375,386,411,411,440,440,440,475,493,493,153,153,252,252,266,285,285,285,61,88,108,108,108,119,19,19,19,37,37,136,136,148,159,18,18],"floor_reached":38,"playtime":2807,"items_purged":["Decay","Decay"],"score":494,"play_id":"6e5282ac-02eb-4bdd-9bc1-8d6732367bfb","local_time":"20190602164522","is_ascension_mode":true,"campfire_choices":[{"floor":7,"key":"REST"},{"floor":10,"key":"REST"},{"floor":13,"key":"REST"},{"floor":15,"key":"DIG"},{"floor":25,"key":"REST"},{"data":"Echo Form","floor":29,"key":"SMITH"},{"floor":32,"key":"REST"}],"neow_cost":"NONE","seed_source_timestamp":1283386265093848,"circlet_count":0,"master_deck":["Strike_B","Strike_B","Defend_B","Defend_B","Defend_B","Defend_B","Zap","Dualcast","Cold Snap","Stack","Conserve Battery","Echo Form+1","Conserve Battery","Ball Lightning","Melter","Electrodynamics+1","Double Energy+1","Barrage+1","Ball Lightning","Fusion+1","Genetic Algorithm","Redo","Hologram","Creative AI+1","Machine Learning+1","Sunder","Hologram","Streamline","Hologram","Self Repair+1","Conserve Battery+1","Core Surge"],"relics":["Cracked Core","NeowsBlessing","Shovel","Thread and Needle","Incense Burner","Blood Vial","Frozen Egg 2","Centennial Puzzle","Astrolabe","DataDisk","Pear","Meat on the Bone","Orrery"],"potions_floor_usage":[16,36],"damage_taken":[{"damage":0,"enemies":"2 Louse","floor":1,"turns":1},{"damage":0,"enemies":"Small Slimes","floor":3,"turns":1},{"damage":0,"enemies":"Jaw Worm","floor":5,"turns":1},{"damage":29,"enemies":"3 Sentries","floor":6,"turns":9},{"damage":26,"enemies":"Gremlin Nob","floor":8,"turns":5},{"damage":17,"enemies":"Lagavulin","floor":11,"turns":11},{"damage":6,"enemies":"Large Slime","floor":12,"turns":5},{"damage":12,"enemies":"Hexaghost","floor":16,"turns":11},{"damage":11,"enemies":"2 Thieves","floor":18,"turns":4},{"damage":0,"enemies":"Spheric Guardian","floor":19,"turns":2},{"damage":7,"enemies":"Gremlin Leader","floor":23,"turns":5},{"damage":47,"enemies":"Snake Plant","floor":24,"turns":6},{"damage":22,"enemies":"Shelled Parasite and Fungi","floor":27,"turns":5},{"damage":15,"enemies":"Cultist and Chosen","floor":31,"turns":5},{"damage":46,"enemies":"Collector","floor":33,"turns":9},{"damage":54,"enemies":"3 Darklings","floor":35,"turns":5},{"damage":11,"enemies":"3 Shapes","floor":36,"turns":4},{"damage":53,"enemies":"Spire Growth","floor":38,"turns":4}],"seed_played":"-6217814116423391564","potions_obtained":[{"floor":12,"key":"AttackPotion"},{"floor":16,"key":"SteroidPotion"},{"floor":18,"key":"Explosive Potion"},{"floor":19,"key":"LiquidBronze"}],"is_trial":false,"path_per_floor":["M","?","M","?","M","E","R","E","T","R","E","M","R","$","R","B",null,"M","M","?","?","$","E","M","R","T","M","$","R","$","M","R","B",null,"M","M","$","M"],"character_chosen":"DEFECT","items_purchased":["Melter","Frozen Egg 2","DataDisk","Core Surge"],"campfire_rested":5,"item_purchase_floors":[14,14,22,37],"current_hp_per_floor":[75,75,75,64,64,35,57,31,31,53,36,32,54,54,54,44,75,64,66,66,66,66,71,26,51,51,43,43,43,43,42,67,35,85,43,46,46,0],"gold":18,"neow_bonus":"THREE_ENEMY_KILL","is_prod":false,"is_daily":false,"chose_seed":false,"campfire_upgraded":1,"win_rate":0,"timestamp":1559457922,"path_taken":["M","?","M","?","M","E","R","E","T","R","E","M","R","$","R","BOSS","M","M","?","?","$","E","M","R","T","M","$","R","?","M","R","BOSS","M","M","$","M"],"build_version":"2019-01-23","purchased_purges":2,"victory":false,"max_hp_per_floor":[75,75,75,75,75,75,75,75,75,75,75,75,75,75,75,75,75,75,75,75,75,75,85,85,85,85,85,85,85,85,85,85,85,85,85,85,85,85],"card_choices":[{"not_picked":["Leap","Stack"],"picked":"Cold Snap","floor":1},{"not_picked":["Go for the Eyes","Beam Cell"],"picked":"Stack","floor":3},{"not_picked":["Loop","Chill"],"picked":"Conserve Battery","floor":5},{"not_picked":["Consume","Undo"],"picked":"Echo Form","floor":6},{"not_picked":["Leap","Turbo"],"picked":"Conserve Battery","floor":8},{"not_picked":["Lockon","Hologram"],"picked":"Ball Lightning","floor":11},{"not_picked":["Steam Power","Scrape","Stack"],"picked":"SKIP","floor":12},{"not_picked":["Rainbow","Seek"],"picked":"Electrodynamics+1","floor":16},{"not_picked":["Gash+1","Rip and Tear"],"picked":"Ball Lightning","floor":18},{"not_picked":["Steam Power+1","Hello World+1"],"picked":"Fusion+1","floor":19},{"not_picked":["Steam Power+1","Cold Snap"],"picked":"Genetic Algorithm","floor":23},{"not_picked":["Reprogram","Ball Lightning"],"picked":"Redo","floor":24},{"not_picked":["Lockon","Turbo"],"picked":"Hologram","floor":27},{"not_picked":["Go for the Eyes","Steam"],"picked":"Creative AI+1","floor":31},{"not_picked":["Thunder Strike","Hyperbeam"],"picked":"Machine Learning+1","floor":33},{"not_picked":["Rebound","Leap"],"picked":"Sunder","floor":34},{"not_picked":["Steam","Compile Driver"],"picked":"Hologram","floor":34},{"not_picked":["Rebound+1","Conserve Battery"],"picked":"Streamline","floor":34},{"not_picked":["Leap","Beam Cell"],"picked":"Hologram","floor":34},{"not_picked":["Rainbow","Ball Lightning"],"picked":"Self Repair+1","floor":35},{"not_picked":["Hologram+1","Reprogram"],"picked":"Conserve Battery+1","floor":36}],"player_experience":415586,"relics_obtained":[{"floor":6,"key":"Shovel"},{"floor":8,"key":"Thread and Needle"},{"floor":9,"key":"Incense Burner"},{"floor":11,"key":"Blood Vial"},{"floor":15,"key":"Centennial Puzzle"},{"floor":23,"key":"Pear"},{"floor":26,"key":"Meat on the Bone"}],"event_choices":[{"damage_healed":0,"gold_gain":175,"player_choice":"AGREE","damage_taken":0,"max_hp_gain":0,"max_hp_loss":0,"event_name":"Liars Game","floor":2,"gold_loss":0,"cards_obtained":["Doubt"]},{"damage_healed":0,"gold_gain":75,"player_choice":"Gather Gold","damage_taken":11,"max_hp_gain":0,"max_hp_loss":0,"event_name":"World of Goop","floor":4,"gold_loss":0},{"damage_healed":0,"gold_gain":0,"player_choice":"Smashed Altar","damage_taken":0,"max_hp_gain":0,"max_hp_loss":0,"event_name":"Forgotten Altar","floor":20,"gold_loss":0,"cards_obtained":["Decay"]},{"damage_healed":0,"gold_gain":0,"player_choice":"Ignored","damage_taken":0,"max_hp_gain":0,"max_hp_loss":0,"event_name":"Ghosts","floor":21,"gold_loss":0}],"is_beta":false,"boss_relics":[{"not_picked":["Busted Crown","Eternal Feather"],"picked":"Astrolabe"},{"not_picked":["Calling Bell","Coffee Dripper"],"picked":"Orrery"}],"items_purged_floors":[22,28],"is_endless":false,"potions_floor_spawned":[12,16,18,19,31],"killed_by":"Spire Growth","ascension_level":4}