{"gold_per_floor":[112,187,197,177,13,13,44,44,91,16,42,42,59,69,69,143,193,207,220,235,285,295,295,237,257,257,16,34,34,61,75,75,150,150,166,215,235,235,33,33,33],"floor_reached":41,"playtime":1345,"items_purged":["Defend_B","Defend_B"],"score":842,"play_id":"86a9ae7b-9886-4ddf-88e8-346dc983e624","local_time":"20190623021625","is_ascension_mode":true,"campfire_choices":[{"floor":6,"key":"REST"},{"data":"Reinforced Body","floor":8,"key":"SMITH"},{"floor":15,"key":"REST"},{"floor":23,"key":"REST"},{"floor":29,"key":"REST"},{"floor":32,"key":"REST"},{"floor":40,"key":"REST"}],"neow_cost":"PERCENT_DAMAGE","seed_source_timestamp":69446716684000,"circlet_count":0,"master_deck":["AscendersBane","Zap","Dualcast","Reinforced Body+1","Ball Lightning","White Noise+1","Chill","Melter","Biased Cognition","Coolheaded","Hologram","White Noise","Defragment","Undo","Coolheaded","Gash+1","Barrage+1","Coolheaded","Buffer","Fusion+1","Defragment+1","Amplify+1","Glacier","Glacier","Beam Cell+1"],"special_seed":0,"relics":["Cracked Core","PreservedInsect","Juzu Bracelet","Bronze Scales","Blue Candle","Tiny House","Pantograph","Regal Pillow","Tiny Chest","Vajra","Astrolabe","Dream Catcher"],"potions_floor_usage":[16,16,20,22,30],"damage_taken":[{"damage":4,"enemies":"Small Slimes","floor":1,"turns":3},{"damage":1,"enemies":"2 Louse","floor":3,"turns":3},{"damage":11,"enemies":"Gremlin Nob","floor":7,"turns":3},{"damage":30,"enemies":"3 Sentries","floor":11,"turns":4},{"damage":0,"enemies":"Cultist","floor":13,"turns":3},{"damage":0,"enemies":"Exordium Wildlife","floor":14,"turns":3},{"damage":36,"enemies":"Hexaghost","floor":16,"turns":9},{"damage":0,"enemies":"Spheric Guardian","floor":18,"turns":1},{"damage":0,"enemies":"3 Byrds","floor":19,"turns":2},{"damage":48,"enemies":"Cultist and Chosen","floor":20,"turns":6},{"damage":19,"enemies":"Snake Plant","floor":22,"turns":4},{"damage":8,"enemies":"Sentry and Sphere","floor":25,"turns":3},{"damage":18,"enemies":"Chosen and Byrds","floor":28,"turns":7},{"damage":20,"enemies":"Book of Stabbing","floor":30,"turns":6},{"damage":9,"enemies":"Centurion and Healer","floor":31,"turns":7},{"damage":44,"enemies":"Automaton","floor":33,"turns":9},{"damage":9,"enemies":"3 Shapes","floor":35,"turns":2},{"damage":46,"enemies":"3 Darklings","floor":37,"turns":5},{"damage":64,"enemies":"Reptomancer","floor":41,"turns":4}],"seed_played":"-178377586519664795","potions_obtained":[{"floor":1,"key":"Energy Potion"},{"floor":4,"key":"Dexterity Potion"},{"floor":16,"key":"Regen Potion"},{"floor":17,"key":"FearPotion"},{"floor":18,"key":"PowerPotion"},{"floor":28,"key":"FearPotion"},{"floor":30,"key":"FearPotion"},{"floor":33,"key":"EssenceOfSteel"}],"is_trial":false,"path_per_floor":["M","?","M","?","$","R","E","R","T","$","E","?","M","M","R","B",null,"M","M","M","?","M","R","?","M","T","$","M","R","E","M","R","B",null,"M","T","M","?","$","R","E"],"character_chosen":"DEFECT","items_purchased":["PreservedInsect","Tiny Chest","FairyPotion","Glacier"],"campfire_rested":6,"item_purchase_floors":[5,27,39,39],"current_hp_per_floor":[42,31,30,30,30,51,40,40,40,40,10,15,15,15,37,1,62,62,62,29,29,10,34,34,26,26,26,8,47,27,18,57,37,70,61,61,15,15,15,54,0],"gold":33,"neow_bonus":"REMOVE_TWO","is_prod":false,"is_daily":false,"chose_seed":false,"campfire_upgraded":1,"win_rate":0,"timestamp":1561227385,"path_taken":["M","?","M","?","$","R","E","R","T","$","E","?","M","M","R","BOSS","M","M","M","?","M","R","?","M","T","$","M","R","E","M","R","BOSS","M","?","M","?","$","R","E"],"build_version":"2019-01-23","purchased_purges":2,"victory":false,"max_hp_per_floor":[71,71,71,71,71,71,71,71,71,71,71,76,76,76,76,76,81,81,81,81,81,81,81,81,81,81,81,81,81,81,81,81,81,81,81,81,81,81,81,81,81],"card_choices":[{"not_picked":["Lockon","Barrage"],"picked":"Reinforced Body","floor":1},{"not_picked":["Doom and Gloom","Steam"],"picked":"Ball Lightning","floor":3},{"not_picked":["Stack","Compile Driver"],"picked":"White Noise","floor":7},{"not_picked":["Ball Lightning","Thunder Strike"],"picked":"Chill","floor":11},{"not_picked":["Compile Driver","Storm","Rebound"],"picked":"SKIP","floor":13},{"not_picked":["Tempest","Beam Cell"],"picked":"Melter","floor":14},{"not_picked":["Rainbow","Buffer"],"picked":"Biased Cognition","floor":16},{"not_picked":["Loop","Streamline"],"picked":"Coolheaded","floor":17},{"not_picked":["Go for the Eyes","Doom and Gloom"],"picked":"Hologram","floor":18},{"not_picked":["Go for the Eyes","Streamline"],"picked":"White Noise","floor":19},{"not_picked":["Tempest","Rip and Tear"],"picked":"Defragment","floor":20},{"not_picked":["Stack","Beam Cell+1"],"picked":"Undo","floor":22},{"not_picked":["Go for the Eyes","Redo+1"],"picked":"Coolheaded","floor":25},{"not_picked":["Steam","Conserve Battery"],"picked":"Gash+1","floor":28},{"not_picked":["Echo Form","Compile Driver+1"],"picked":"Barrage+1","floor":30},{"not_picked":["Doom and Gloom","Stack"],"picked":"Coolheaded","floor":31},{"not_picked":["Meteor Strike","Rainbow"],"picked":"Buffer","floor":33},{"not_picked":["Rebound","Streamline","Chaos"],"picked":"SKIP","floor":35},{"not_picked":["Beam Cell","Barrage"],"picked":"Glacier","floor":37},{"not_picked":["Doom and Gloom+1","Turbo"],"picked":"Beam Cell+1","floor":40}],"player_experience":726503,"relics_obtained":[{"floor":7,"key":"Juzu Bracelet"},{"floor":9,"key":"Bronze Scales"},{"floor":11,"key":"Blue Candle"},{"floor":26,"key":"Regal Pillow"},{"floor":30,"key":"Vajra"},{"floor":36,"key":"Dream Catcher"}],"event_choices":[{"damage_healed":0,"gold_gain":75,"player_choice":"Gather Gold","damage_taken":11,"max_hp_gain":0,"max_hp_loss":0,"event_name":"World of Goop","floor":2,"gold_loss":0},{"damage_healed":0,"gold_gain":0,"player_choice":"Bought 1 Potion","damage_taken":0,"max_hp_gain":0,"max_hp_loss":0,"event_name":"The Woman in Blue","floor":4,"gold_loss":0},{"damage_healed":0,"gold_gain":0,"player_choice":"Donut","damage_taken":0,"max_hp_gain":5,"max_hp_loss":0,"event_name":"Big Fish","floor":12,"gold_loss":0},{"damage_healed":0,"gold_gain":50,"player_choice":"Stole From Cult","damage_taken":0,"max_hp_gain":0,"max_hp_loss":0,"event_name":"Nest","floor":21,"gold_loss":0},{"damage_healed":0,"gold_gain":0,"player_choice":"Paid Gold","damage_taken":0,"relics_obtained":["Pantograph"],"max_hp_gain":0,"max_hp_loss":0,"event_name":"WeMeetAgain","floor":24,"gold_loss":58},{"cards_removed":["Strike_B"],"damage_healed":0,"gold_gain":0,"player_choice":"Offered Basic","damage_taken":0,"max_hp_gain":0,"max_hp_loss":0,"event_name":"Bonfire Elementals","floor":38,"gold_loss":0}],"is_beta":false,"boss_relics":[{"not_picked":["Runic Pyramid","Calling Bell"],"picked":"Tiny House"},{"not_picked":["Sozu","Philosopher\u0027s Stone"],"picked":"Astrolabe"}],"items_purged_floors":[10,27],"is_endless":false,"potions_floor_spawned":[1,14,16,18,19,28,30,33,35],"killed_by":"Reptomancer","ascension_level":20}