{"path_per_floor":["M","M","?","M","?","R","E","M","T","$","?","E","R","E","R","B",null,"M","$","M","?","M","E","?","M","T","M","R","$","M","M","R","B",null,"M","M","?","M","$","R","E","R","T","M","E"],"character_chosen":"IRONCLAD","items_purchased":["Lee\u0027s Waffle","Master of Strategy"],"gold_per_floor":[110,122,122,132,207,207,262,281,304,25,25,54,54,84,84,181,181,194,8,24,24,41,72,72,85,132,150,150,50,68,84,84,189,189,200,220,200,218,93,93,123,123,146,160,188],"floor_reached":46,"campfire_rested":2,"playtime":6141,"current_hp_per_floor":[67,67,60,65,54,54,17,17,17,79,79,26,49,44,44,24,79,61,61,63,63,65,42,42,31,31,10,48,48,47,47,47,29,79,69,57,57,35,35,35,37,37,37,39,40],"items_purged":["Strike_R","Decay","Writhe"],"gold":188,"score":656,"play_id":"858da662-9dc9-4ba5-a7d6-a9dee79f6c9a","local_time":"20180316163419","is_prod":false,"is_daily":false,"is_ascension_mode":true,"campfire_upgraded":5,"timestamp":1521232459,"path_taken":["M","M","?","M","?","R","E","M","T","$","?","E","R","E","R","BOSS","M","$","M","?","?","E","?","?","T","M","R","?","M","M","R","BOSS","M","M","?","?","$","R","E","R","T","M","E","?"],"build_version":"2018-03-15","purchased_purges":3,"victory":false,"master_deck":["Defend_R","Defend_R","Defend_R","Bash","Sentinel","Flex","Heavy Blade","Entrench+1","Armaments+1","Body Slam+1","Pommel Strike","Juggernaut","Offering+1","Evolve+1","Master of Strategy","Dual Wield+1","Feel No Pain","Shrug It Off","Inflame+1","Warcry+1","Dark Embrace","Clumsy","Injury","Corruption","Shrug It Off+1","Parasite","Entrench+1","Body Slam+1"],"max_hp_per_floor":[72,72,72,72,72,72,72,72,72,79,79,79,79,79,79,79,79,79,79,79,79,79,79,79,79,79,79,79,79,79,79,79,79,79,79,79,79,79,79,79,79,79,79,79,79],"relics":["Burning Blood","Tiny Chest","Happy Flower","Lee\u0027s Waffle","Mummified Hand","Regal Pillow","Cursed Key","Pantograph","Art of War","Calling Bell","Pen Nib","Dream Catcher","Shuriken","Ancient Tea Set","Bronze Scales","Singing Bowl"],"card_choices":[{"not_picked":["Havoc","Sword Boomerang"],"picked":"Heavy Blade"},{"not_picked":["Power Through","True Grit"],"picked":"Entrench"},{"not_picked":["Rampage","Heavy Blade"],"picked":"Armaments"},{"not_picked":["Dark Embrace","Clash"],"picked":"Body Slam"},{"not_picked":["Headbutt","Rampage"],"picked":"Pommel Strike"},{"not_picked":["Thunderclap","Flex"],"picked":"Juggernaut"},{"not_picked":["Berserk","Feed"],"picked":"Offering"},{"not_picked":["Clash","Seeing Red"],"picked":"Evolve"},{"not_picked":["Rampage","Intimidate"],"picked":"Dual Wield"},{"not_picked":["Hemokinesis","Battle Trance"],"picked":"Shrug It Off"},{"not_picked":["Disarm","Havoc"],"picked":"Inflame"},{"not_picked":["Feel No Pain","Heavy Blade"],"picked":"Warcry"},{"not_picked":["Juggernaut","Feed"],"picked":"Dark Embrace"},{"not_picked":["Headbutt","True Grit"],"picked":"Corruption"},{"not_picked":["Perfected Strike","Second Wind"],"picked":"Shrug It Off"},{"not_picked":["Second Wind","Sword Boomerang"],"picked":"Entrench"},{"not_picked":["Havoc","Whirlwind"],"picked":"Body Slam"}],"player_experience":209684,"potions_floor_usage":[12,16,16,23,35,36],"damage_taken":[{"damage":11,"enemies":"2 Louse","floor":1,"turns":5},{"damage":6,"enemies":"Jaw Worm","floor":2,"turns":4},{"damage":1,"enemies":"Cultist","floor":4,"turns":3},{"damage":43,"enemies":"Lagavulin","floor":7,"turns":8},{"damage":6,"enemies":"2 Fungi Beasts","floor":8,"turns":3},{"damage":59,"enemies":"Gremlin Nob","floor":12,"turns":6},{"damage":11,"enemies":"3 Sentries","floor":14,"turns":9},{"damage":26,"enemies":"Hexaghost","floor":16,"turns":11},{"damage":24,"enemies":"Chosen","floor":18,"turns":4},{"damage":4,"enemies":"3 Byrds","floor":20,"turns":6},{"damage":4,"enemies":"Centurion and Healer","floor":22,"turns":3},{"damage":29,"enemies":"Slavers","floor":23,"turns":5},{"damage":17,"enemies":"Slaver and Parasite","floor":25,"turns":6},{"damage":27,"enemies":"Snake Plant","floor":27,"turns":5},{"damage":7,"enemies":"Centurion and Healer","floor":30,"turns":7},{"damage":6,"enemies":"Slaver and Parasite","floor":31,"turns":3},{"damage":49,"enemies":"Champ","floor":33,"turns":7},{"damage":16,"enemies":"3 Shapes","floor":35,"turns":4},{"damage":18,"enemies":"3 Darklings","floor":36,"turns":3},{"damage":28,"enemies":"Maw","floor":38,"turns":3},{"damage":4,"enemies":"Giant Head","floor":41,"turns":2},{"damage":4,"enemies":"Sphere and 2 Shapes","floor":44,"turns":1},{"damage":5,"enemies":"2 Orb Walkers","floor":45,"turns":3},{"damage":43,"enemies":"4 Shapes","floor":46,"turns":4}],"event_choices":[{"event_name":"Golden Wing","player_choice":"Card Removal","floor":3,"damage_taken":0},{"event_name":"World of Goop","player_choice":"Gather Gold","floor":5,"damage_taken":0},{"event_name":"Living Wall","player_choice":"Forget","floor":11,"damage_taken":0},{"event_name":"The Library","player_choice":"Read","floor":21,"damage_taken":0},{"event_name":"Wheel of Change","player_choice":"Card Removal","floor":24,"damage_taken":0},{"event_name":"The Woman in Blue","player_choice":"Bought 1 Potion","floor":37,"damage_taken":0}],"boss_relics":[{"not_picked":["Lizard Tail","Philosopher\u0027s Stone"],"picked":"Cursed Key"},{"not_picked":["Black Star","Orrery"],"picked":"Calling Bell"}],"potions_floor_spawned":[2,4,12,14,20,23,27,30,38,44,45],"seed_played":"7936182476085408270","killed_by":"4 Shapes","ascension_level":3,"is_trial":false}