{"gold_per_floor":[119,119,47,64,64,99,111,145,194,209,273,273,307,62,62,165,165,177,196,81,81,94,127,127,154,154,179,199,214,214,232,232,331,331,350,362,362,0,14,49,49,76,76,76,76,86,86,113,113,113,113,113,46,71,71],"floor_reached":56,"playtime":17659,"items_purged":["Strike_B"],"score":1510,"play_id":"12dabbdf-0f69-4668-8e5d-8d8f46313c75","local_time":"20190621104613","is_ascension_mode":true,"campfire_choices":[{"data":"Zap","floor":12.0,"key":"SMITH"},{"data":"Coolheaded","floor":15.0,"key":"SMITH"},{"floor":32,"key":"REST"},{"floor":41,"key":"RECALL"},{"floor":45,"key":"REST"},{"floor":47,"key":"REST"},{"floor":49,"key":"REST"},{"floor":52,"key":"REST"}],"neow_cost":"NONE","seed_source_timestamp":648881235937400,"circlet_count":0,"master_deck":["Defend_B","Defend_B+1","Defend_B","Zap+1","Skim+1","Chill","Cold Snap","Reinforced Body","Cold Snap","Gash","Heatsinks","Coolheaded+1","All For One","Go for the Eyes","FTL","Coolheaded","Skim","Go for the Eyes+1","Undo","Recycle+1","Self Repair","Capacitor","Coolheaded","Machine Learning","Blizzard+1","Undo+1","Steam","White Noise+1","Chaos+1","Heatsinks+1","Biased Cognition+1","Parasite","Loop+1","Echo Form+1"],"special_seed":0,"relics":["Cracked Core","Blue Candle","War Paint","Regal Pillow","Anchor","Tiny Chest","Matryoshka","OrangePellets","Fusion Hammer","Prayer Wheel","Bag of Marbles","Mercury Hourglass","Potion Belt","Singing Bowl","PreservedInsect","Bottled Flame","Astrolabe","Red Mask","Pen Nib","Ginger","Frozen Egg 2","Juzu Bracelet","Pocketwatch"],"potions_floor_usage":[27,42,55,55],"damage_taken":[{"damage":7.0,"enemies":"Jaw Worm","floor":1.0,"turns":3.0},{"damage":0.0,"enemies":"Cultist","floor":4.0,"turns":4.0},{"damage":6.0,"enemies":"3 Sentries","floor":6.0,"turns":10.0},{"damage":7.0,"enemies":"Small Slimes","floor":7.0,"turns":4.0},{"damage":15.0,"enemies":"Gremlin Nob","floor":8.0,"turns":6.0},{"damage":0.0,"enemies":"Exordium Thugs","floor":10.0,"turns":6.0},{"damage":7.0,"enemies":"Lagavulin","floor":11.0,"turns":9.0},{"damage":5.0,"enemies":"3 Sentries","floor":13.0,"turns":12.0},{"damage":14.0,"enemies":"The Guardian","floor":16.0,"turns":15.0},{"damage":4.0,"enemies":"2 Thieves","floor":18.0,"turns":4.0},{"damage":7,"enemies":"3 Byrds","floor":19,"turns":7},{"damage":15,"enemies":"Snecko","floor":22,"turns":9},{"damage":0,"enemies":"Book of Stabbing","floor":23,"turns":5},{"damage":22,"enemies":"Gremlin Leader","floor":25,"turns":7},{"damage":4,"enemies":"Slavers","floor":27,"turns":5},{"damage":4,"enemies":"Shelled Parasite and Fungi","floor":28,"turns":5},{"damage":2,"enemies":"Centurion and Healer","floor":29,"turns":7},{"damage":4,"enemies":"Snecko","floor":31,"turns":4},{"damage":30,"enemies":"Collector","floor":33,"turns":11},{"damage":7,"enemies":"3 Darklings","floor":35,"turns":6},{"damage":0,"enemies":"3 Shapes","floor":36,"turns":3},{"damage":5,"enemies":"Spire Growth","floor":39,"turns":6},{"damage":0,"enemies":"Giant Head","floor":40,"turns":8},{"damage":9,"enemies":"Reptomancer","floor":42,"turns":6},{"damage":14,"enemies":"Writhing Mass","floor":46,"turns":7},{"damage":3,"enemies":"Nemesis","floor":48,"turns":7},{"damage":1,"enemies":"Donu and Deca","floor":50,"turns":9},{"damage":13,"enemies":"Shield and Spear","floor":54,"turns":7},{"damage":57,"enemies":"The Heart","floor":55,"turns":10}],"seed_played":"-8817200923979060900","potions_obtained":[{"floor":1.0,"key":"Poison Potion"},{"floor":6.0,"key":"SmokeBomb"},{"floor":7.0,"key":"SmokeBomb"},{"floor":11.0,"key":"Poison Potion"},{"floor":23,"key":"PowerPotion"},{"floor":25,"key":"Energy Potion"},{"floor":33,"key":"Ancient Potion"},{"floor":36,"key":"Block Potion"},{"floor":39,"key":"Weak Potion"}],"is_trial":false,"path_per_floor":["M","?","$","M","?","E","M","E","T","M","E","R","E","$","R","B",null,"M","M","$","?","M","E","T","E","T","E","M","M","T","M","R","B",null,"M","M","?","?","M","E","R","E","T","?","R","M","R","E","R","B",null,"R","$","E","B",null],"character_chosen":"DEFECT","items_purchased":["Chill","Coolheaded","OrangePellets","FTL","Loop+1"],"campfire_rested":5,"item_purchase_floors":[3,14,14,20,53],"current_hp_per_floor":[68,68,68,68,68,62,55,40,40,40,33,33,28,28,28,14,75,71,64,64,50,35,35,35,13,13,9,7,5,5,8,47,24,82,84,86,82,82,84,86,86,84,84,84,86,83,90,92,92,92,92,92,92,86,36],"gold":71,"neow_bonus":"REMOVE_CARD","is_prod":false,"is_daily":false,"chose_seed":false,"campfire_upgraded":2,"win_rate":0,"timestamp":1561128373,"path_taken":["M","?","$","?","?","E","?","E","T","M","E","R","E","?","R","BOSS","M","M","$","?","M","E","?","E","T","E","M","M","?","M","R","BOSS","M","M","?","?","M","E","R","E","T","?","R","M","R","E","R","BOSS","R","$","E","BOSS"],"build_version":"2019-01-23","purchased_purges":1,"victory":true,"max_hp_per_floor":[75,75,75,75,75,75,75,75,75,75,75,75,75,75,75,75,75,75,75,75,80,80,80,80,80,80,80,82,82,82,82,82,82,82,84,86,82,82,84,86,86,86,86,86,86,90,90,92,92,92,92,92,92,92,92],"card_choices":[{"not_picked":["Redo","Turbo"],"picked":"Skim","floor":1.0},{"not_picked":["Leap","Doom and Gloom"],"picked":"Cold Snap","floor":4.0},{"not_picked":["Auto Shields","Darkness","Stack"],"picked":"SKIP","floor":6.0},{"not_picked":["Ball Lightning","Hyperbeam"],"picked":"Reinforced Body","floor":7.0},{"not_picked":["Consume","Go for the Eyes"],"picked":"Cold Snap","floor":8.0},{"not_picked":["Conserve Battery","Sweeping Beam"],"picked":"Gash","floor":10.0},{"not_picked":["Coolheaded","Fusion"],"picked":"Heatsinks","floor":11.0},{"not_picked":["Redo","Leap","Go for the Eyes"],"picked":"SKIP","floor":13.0},{"not_picked":["Hyperbeam","Thunder Strike"],"picked":"All For One","floor":16.0},{"not_picked":["Steam","Streamline","Stack"],"picked":"SKIP","floor":18.0},{"not_picked":["Doom and Gloom","Force Field"],"picked":"Go for the Eyes","floor":19},{"not_picked":["Stack","Cold Snap+1"],"picked":"Coolheaded","floor":22},{"not_picked":["Echo Form","Chill"],"picked":"Skim","floor":23},{"not_picked":["Barrage+1","Reprogram","Redo"],"picked":"SKIP","floor":25},{"not_picked":["Turbo+1","Force Field"],"picked":"Go for the Eyes+1","floor":27},{"not_picked":["Consume","Rebound","Sweeping Beam"],"picked":"Singing Bowl","floor":28},{"not_picked":["Lockon","Barrage+1"],"picked":"Undo","floor":28},{"not_picked":["Redo","Compile Driver+1"],"picked":"Recycle+1","floor":29},{"not_picked":["Aggregate+1","Double Energy"],"picked":"Self Repair","floor":29},{"not_picked":["Stack","Streamline"],"picked":"Capacitor","floor":31},{"not_picked":["Compile Driver","Barrage+1"],"picked":"Coolheaded","floor":31},{"not_picked":["Reboot","Echo Form"],"picked":"Machine Learning","floor":33},{"not_picked":["Steam","Lockon","Rebound"],"picked":"Singing Bowl","floor":35},{"not_picked":["Rebound","Go for the Eyes+1"],"picked":"Steam","floor":35},{"not_picked":["Gash+1","Skim+1"],"picked":"White Noise+1","floor":36},{"not_picked":["Streamline+1","Hello World","Fusion+1"],"picked":"Singing Bowl","floor":36},{"not_picked":["Ball Lightning+1","Heatsinks+1"],"picked":"Chaos+1","floor":39},{"not_picked":["Steam Power+1","Undo+1","Coolheaded"],"picked":"Singing Bowl","floor":39},{"not_picked":["Melter+1","Turbo","Streamline+1"],"picked":"Singing Bowl","floor":40},{"not_picked":["Streamline","Reinforced Body"],"picked":"Heatsinks+1","floor":42},{"not_picked":["Conserve Battery+1","Leap","Cold Snap+1"],"picked":"Singing Bowl","floor":46},{"not_picked":["Rebound+1","Steam","Turbo+1"],"picked":"Singing Bowl","floor":46},{"not_picked":["Go for the Eyes+1","Conserve Battery","Sunder+1"],"picked":"Singing Bowl","floor":48},{"not_picked":["Rebound","Gash+1"],"picked":"Echo Form+1","floor":54}],"player_experience":277204,"relics_obtained":[{"floor":6.0,"key":"War Paint"},{"floor":8.0,"key":"Regal Pillow"},{"floor":9.0,"key":"Anchor"},{"floor":11.0,"key":"Tiny Chest"},{"floor":13.0,"key":"Matryoshka"},{"floor":23,"key":"Prayer Wheel"},{"floor":24,"key":"Bag of Marbles"},{"floor":24,"key":"Mercury Hourglass"},{"floor":25,"key":"Potion Belt"},{"floor":26,"key":"Singing Bowl"},{"floor":27,"key":"PreservedInsect"},{"floor":30,"key":"Bottled Flame"},{"floor":40,"key":"Pen Nib"},{"floor":42,"key":"Ginger"},{"floor":43,"key":"Frozen Egg 2"},{"floor":48,"key":"Juzu Bracelet"},{"floor":54,"key":"Pocketwatch"}],"event_choices":[{"cards_removed":["Dualcast"],"damage_healed":0.0,"max_hp_gain":0.0,"max_hp_loss":0.0,"gold_gain":0.0,"event_name":"Bonfire Elementals","player_choice":"Offered Basic","floor":2.0,"gold_loss":0.0,"damage_taken":0.0},{"damage_healed":0.0,"max_hp_gain":0.0,"max_hp_loss":0.0,"gold_gain":0.0,"event_name":"WeMeetAgain","player_choice":"Gave Potion","floor":5.0,"gold_loss":0.0,"damage_taken":0.0,"relics_obtained":["Blue Candle"]},{"damage_healed":0,"gold_gain":0,"player_choice":"Shed Blood","damage_taken":19,"max_hp_gain":5,"max_hp_loss":0,"event_name":"Forgotten Altar","floor":21,"gold_loss":0},{"damage_healed":0,"gold_gain":0,"player_choice":"Max HP","damage_taken":0,"max_hp_gain":0,"max_hp_loss":4,"event_name":"Winding Halls","floor":37,"gold_loss":0},{"damage_healed":0,"gold_gain":0,"player_choice":"Paid","damage_taken":0,"relics_obtained":["Red Mask"],"max_hp_gain":0,"max_hp_loss":0,"event_name":"Tomb of Lord Red Mask","floor":38,"gold_loss":362},{"damage_healed":0,"gold_gain":0,"cards_transformed":["Reprogram"],"player_choice":"Transformed","damage_taken":0,"max_hp_gain":0,"max_hp_loss":0,"event_name":"Transmorgrifier","floor":44,"gold_loss":0,"cards_obtained":["Biased Cognition"]}],"is_beta":false,"boss_relics":[{"not_picked":["Lizard Tail","Ectoplasm"],"picked":"Fusion Hammer"},{"not_picked":["Busted Crown","Eternal Feather"],"picked":"Astrolabe"}],"items_purged_floors":[20],"is_endless":false,"potions_floor_spawned":[1,6,7,11,23,25,33,36,39],"ascension_level":2}