{"gold_per_floor":[117,117,132,147,157,192,192,221,221,221,240,271,271,271,271,375,375,395,409,508,32,46,75,75,91,137,149,149,149,149,165,165,270,270,286,286,301,95,95,95,112,112,112,143,154,154,166,166,166,166],"floor_reached":51,"playtime":3995,"items_purged":["Strike_B"],"score":896,"play_id":"7511a7dc-5365-458a-88f6-c9fdbd179311","local_time":"20190611024328","is_ascension_mode":true,"campfire_choices":[{"data":"Rip and Tear","floor":7.0,"key":"SMITH"},{"floor":10.0,"key":"REST"},{"floor":15.0,"key":"REST"},{"floor":24.0,"key":"REST"},{"data":"Rainbow","floor":32.0,"key":"SMITH"},{"data":"Hologram","floor":40,"key":"SMITH"},{"data":"Seek","floor":42,"key":"SMITH"},{"data":"Consume","floor":46,"key":"SMITH"},{"data":"Defragment","floor":49,"key":"SMITH"}],"neow_cost":"NONE","seed_source_timestamp":147501842119014,"circlet_count":0,"master_deck":["Strike_B","Strike_B","Defend_B+1","Defend_B+1","Defend_B+1","Defend_B","Zap","Dualcast","Go for the Eyes","White Noise+1","Compile Driver","Rip and Tear+1","Undo","Capacitor","Rainbow+1","Glacier","Hologram+1","Compile Driver","Steam+1","Loop+1","Chill","Capacitor+1","Echo Form","Coolheaded+1","Shame","Defragment+1","Consume+1","Core Surge","Echo Form","Barrage+1","Seek+1","Defragment+1"],"special_seed":0,"relics":["FrozenCore","War Paint","Pantograph","Du-Vu Doll","Prayer Wheel","Mummified Hand","Cursed Key","DataDisk","Happy Flower","Strawberry","Nloth\u0027s Gift","HandDrill","Bronze Scales"],"potions_floor_usage":[41],"damage_taken":[{"damage":2.0,"enemies":"Jaw Worm","floor":1.0,"turns":3.0},{"damage":0.0,"enemies":"Cultist","floor":3.0,"turns":3.0},{"damage":3.0,"enemies":"Small Slimes","floor":4.0,"turns":3.0},{"damage":5.0,"enemies":"Blue Slaver","floor":5.0,"turns":3.0},{"damage":30.0,"enemies":"3 Sentries","floor":6.0,"turns":7.0},{"damage":19.0,"enemies":"Lagavulin","floor":8.0,"turns":6.0},{"damage":20.0,"enemies":"Exordium Thugs","floor":11.0,"turns":4.0},{"damage":7.0,"enemies":"Gremlin Nob","floor":12.0,"turns":3.0},{"damage":8.0,"enemies":"Slime Boss","floor":16.0,"turns":8.0},{"damage":6.0,"enemies":"Chosen","floor":18.0,"turns":5.0},{"damage":15.0,"enemies":"Shell Parasite","floor":19.0,"turns":6.0},{"damage":0.0,"enemies":"Snecko","floor":22.0,"turns":4.0},{"damage":36.0,"enemies":"Slavers","floor":23.0,"turns":9.0},{"damage":2.0,"enemies":"3 Cultists","floor":25.0,"turns":6.0},{"damage":20.0,"enemies":"Shelled Parasite and Fungi","floor":27.0,"turns":5.0},{"damage":0.0,"enemies":"Cultist and Chosen","floor":31.0,"turns":5.0},{"damage":0.0,"enemies":"Champ","floor":33.0,"turns":9.0},{"damage":0.0,"enemies":"3 Shapes","floor":35.0,"turns":7.0},{"damage":5,"enemies":"Orb Walker","floor":37,"turns":4},{"damage":0,"enemies":"4 Shapes","floor":41,"turns":6},{"damage":4,"enemies":"Giant Head","floor":44,"turns":7},{"damage":10,"enemies":"3 Darklings","floor":45,"turns":4},{"damage":0,"enemies":"Sphere and 2 Shapes","floor":47,"turns":4},{"damage":12,"enemies":"Time Eater","floor":50,"turns":9}],"seed_played":"-6958560425371950793","potions_obtained":[{"floor":1.0,"key":"Block Potion"},{"floor":3.0,"key":"Fire Potion"},{"floor":6.0,"key":"Fire Potion"},{"floor":8.0,"key":"Explosive Potion"},{"floor":12.0,"key":"Regen Potion"},{"floor":23.0,"key":"Explosive Potion"},{"floor":25.0,"key":"Regen Potion"},{"floor":27.0,"key":"SteroidPotion"},{"floor":33.0,"key":"Explosive Potion"},{"floor":41,"key":"Ancient Potion"},{"floor":45,"key":"Energy Potion"},{"floor":48,"key":"Dexterity Potion"}],"is_trial":false,"path_per_floor":["M","?","M","M","M","E","R","E","T","R","M","E","?","T","R","B",null,"M","M","?","$","M","E","R","M","T","M","?","?","?","M","R","B",null,"M","?","M","$","?","R","M","R","T","E","M","R","M","?","R","B",null],"character_chosen":"DEFECT","items_purchased":["DataDisk","Loop","Happy Flower","Chill","HandDrill"],"campfire_rested":3,"item_purchase_floors":[21,21,21,21,38],"current_hp_per_floor":[80,80,80,77,72,42,42,23,23,47,27,20,4,4,28,45,73,67,52,52,52,52,38,64,62,62,42,42,42,42,42,42,67,84,84,84,79,79,79,79,79,79,79,75,65,65,65,65,65,77],"gold":166,"neow_bonus":"TEN_PERCENT_HP_BONUS","is_prod":false,"is_daily":false,"chose_seed":false,"campfire_upgraded":6,"win_rate":0,"timestamp":1560235408,"path_taken":["M","?","?","M","M","E","R","E","T","R","M","E","?","?","R","BOSS","M","M","?","$","M","E","R","M","T","M","?","?","?","?","R","BOSS","M","?","M","$","?","R","M","R","T","E","?","R","M","?","R","BOSS"],"build_version":"2019-01-23","purchased_purges":1,"victory":true,"max_hp_per_floor":[82,82,82,82,82,82,82,82,82,82,82,82,82,82,82,82,82,82,82,82,82,82,89,89,89,89,89,89,89,89,89,89,89,89,89,89,89,89,89,89,89,89,89,89,89,89,89,89,89,89],"card_choices":[{"not_picked":["Skim","Heatsinks"],"picked":"Go for the Eyes","floor":1.0},{"not_picked":["Leap","Turbo"],"picked":"White Noise","floor":3.0},{"not_picked":["Static Discharge","Go for the Eyes","Double Energy"],"picked":"SKIP","floor":4.0},{"not_picked":["Hologram","Redo"],"picked":"Compile Driver","floor":5.0},{"not_picked":["Stack","Glacier"],"picked":"Rip and Tear","floor":6.0},{"not_picked":["Double Energy","Aggregate"],"picked":"Undo","floor":8.0},{"not_picked":["Redo","Leap","Chaos"],"picked":"SKIP","floor":11.0},{"not_picked":["Skim","Barrage"],"picked":"Capacitor","floor":12.0},{"not_picked":["Reboot","Multi-Cast"],"picked":"Rainbow","floor":16.0},{"not_picked":["Go for the Eyes","Beam Cell"],"picked":"Glacier","floor":18.0},{"not_picked":["Turbo","Conserve Battery"],"picked":"Hologram","floor":18.0},{"not_picked":["Chill","Leap"],"picked":"Compile Driver","floor":19.0},{"not_picked":["Redo","Turbo"],"picked":"Steam+1","floor":19.0},{"not_picked":["Hologram","Rebound"],"picked":"Capacitor+1","floor":22.0},{"not_picked":["Rebound+1","Undo"],"picked":"Echo Form","floor":22.0},{"not_picked":["Double Energy","Lockon"],"picked":"Coolheaded+1","floor":23.0},{"not_picked":["Coolheaded","FTL","Redo"],"picked":"SKIP","floor":25.0},{"not_picked":["Recycle","Conserve Battery+1","Coolheaded"],"picked":"SKIP","floor":25.0},{"not_picked":["Ball Lightning","Creative AI"],"picked":"Defragment+1","floor":27.0},{"not_picked":["FTL+1","Darkness","Reprogram+1"],"picked":"SKIP","floor":27.0},{"not_picked":["Doom and Gloom","Cold Snap"],"picked":"Core Surge","floor":31.0},{"not_picked":["Fusion","Stack+1","Coolheaded"],"picked":"SKIP","floor":31.0},{"not_picked":["Rainbow","Reboot"],"picked":"Echo Form","floor":33.0},{"not_picked":["Sweeping Beam+1","Beam Cell","Streamline+1"],"picked":"SKIP","floor":35.0},{"not_picked":["Redo","Cold Snap+1","Meteor Strike"],"picked":"SKIP","floor":35.0},{"not_picked":["Leap","Undo"],"picked":"Barrage+1","floor":37},{"not_picked":["White Noise","Force Field","Doom and Gloom+1"],"picked":"SKIP","floor":37},{"not_picked":["Darkness+1","Conserve Battery"],"picked":"Seek","floor":41},{"not_picked":["Hologram+1","Compile Driver+1","Redo"],"picked":"SKIP","floor":41},{"not_picked":["Biased Cognition","Darkness+1","Barrage"],"picked":"SKIP","floor":44},{"not_picked":["Leap","Cold Snap","Glacier+1"],"picked":"SKIP","floor":45},{"not_picked":["Stack","Steam+1","Electrodynamics"],"picked":"SKIP","floor":45},{"not_picked":["Rebound+1","Redo+1"],"picked":"Defragment","floor":47},{"not_picked":["Sweeping Beam+1","Rip and Tear","Coolheaded"],"picked":"SKIP","floor":47}],"player_experience":319685,"relics_obtained":[{"floor":6.0,"key":"War Paint"},{"floor":8.0,"key":"Pantograph"},{"floor":9.0,"key":"Du-Vu Doll"},{"floor":12.0,"key":"Prayer Wheel"},{"floor":14.0,"key":"Mummified Hand"},{"floor":23.0,"key":"Strawberry"},{"floor":26.0,"key":"Vajra"},{"floor":44,"key":"Bronze Scales"}],"event_choices":[{"cards_removed":["Strike_B"],"damage_healed":0.0,"max_hp_gain":0.0,"max_hp_loss":0.0,"gold_gain":0.0,"event_name":"Purifier","player_choice":"Purged","floor":2.0,"gold_loss":0.0,"damage_taken":0.0},{"damage_healed":0.0,"max_hp_gain":0.0,"max_hp_loss":0.0,"gold_gain":0.0,"event_name":"Shining Light","player_choice":"Entered Light","floor":13.0,"gold_loss":0.0,"damage_taken":16.0,"cards_upgraded":["Defend_B","White Noise"]},{"damage_healed":0.0,"max_hp_gain":0.0,"max_hp_loss":0.0,"gold_gain":99.0,"event_name":"Nest","player_choice":"Stole From Cult","floor":20.0,"gold_loss":0.0,"damage_taken":0.0},{"damage_healed":0.0,"max_hp_gain":0.0,"max_hp_loss":0.0,"gold_gain":0.0,"event_name":"Vampires","player_choice":"Ignored","floor":28.0,"gold_loss":0.0,"damage_taken":0.0},{"damage_healed":0.0,"max_hp_gain":0.0,"max_hp_loss":0.0,"gold_gain":0.0,"event_name":"The Library","player_choice":"Read","floor":29.0,"gold_loss":0.0,"damage_taken":0.0,"cards_obtained":["Consume"]},{"damage_healed":0.0,"max_hp_gain":0.0,"max_hp_loss":0.0,"gold_gain":0.0,"event_name":"N\u0027loth","player_choice":"Traded Relic","floor":30.0,"relics_lost":["Vajra"],"gold_loss":0.0,"damage_taken":0.0,"relics_obtained":["Nloth\u0027s Gift"]},{"damage_healed":0,"gold_gain":0,"player_choice":"Ignored","damage_taken":0,"max_hp_gain":0,"max_hp_loss":0,"event_name":"Mysterious Sphere","floor":36,"gold_loss":0},{"damage_healed":0,"gold_gain":0,"player_choice":"Forge","damage_taken":0,"max_hp_gain":0,"max_hp_loss":0,"event_name":"Accursed Blacksmith","floor":39,"gold_loss":0,"cards_upgraded":["Loop"]},{"damage_healed":0,"gold_gain":0,"player_choice":"Got Potions","damage_taken":0,"max_hp_gain":0,"max_hp_loss":0,"event_name":"Lab","floor":48,"gold_loss":0}],"is_beta":false,"boss_relics":[{"not_picked":["Sozu","Calling Bell"],"picked":"Cursed Key"},{"not_picked":["Coffee Dripper","Runic Dome"],"picked":"FrozenCore"}],"items_purged_floors":[21],"is_endless":false,"potions_floor_spawned":[1,3,6,8,12,23,25,27,33,41,45],"ascension_level":5}