{"gold_per_floor":[110,60,75,150,170,205,205,205,205,222,238,238],"floor_reached":12,"playtime":506,"items_purged":[],"score":96,"play_id":"a7b5cb9d-9a78-4f33-a2df-3f30458aa761","local_time":"20190606024424","is_ascension_mode":true,"campfire_choices":[{"floor":7,"key":"REST"}],"neow_cost":"NONE","seed_source_timestamp":83812383680302,"circlet_count":0,"master_deck":["Strike_B","Strike_B","Defend_B","Defend_B","Defend_B","Defend_B","Zap","Dualcast","Rebound","Gash","Streamline","Self Repair","Beam Cell+1","Buffer"],"relics":["Cracked Core","Ornamental Fan","Molten Egg 2"],"potions_floor_usage":[11,12,12],"damage_taken":[{"damage":9,"enemies":"Jaw Worm","floor":1,"turns":3},{"damage":0,"enemies":"Small Slimes","floor":3,"turns":3},{"damage":14,"enemies":"2 Louse","floor":5,"turns":2},{"damage":16,"enemies":"Gremlin Nob","floor":6,"turns":3},{"damage":16,"enemies":"Exordium Thugs","floor":10,"turns":4},{"damage":17,"enemies":"Gremlin Gang","floor":11,"turns":4},{"damage":24,"enemies":"3 Sentries","floor":12,"turns":6}],"seed_played":"-5246173852308184178","potions_obtained":[{"floor":3,"key":"Block Potion"},{"floor":5,"key":"GamblersBrew"},{"floor":6,"key":"FocusPotion"}],"is_trial":false,"path_per_floor":["M","?","M","?","M","E","R","?","T","M","M","E"],"character_chosen":"DEFECT","items_purchased":[],"campfire_rested":1,"item_purchase_floors":[],"current_hp_per_floor":[66,66,66,55,41,25,47,40,40,31,21,0],"gold":238,"neow_bonus":"THREE_CARDS","is_prod":false,"is_daily":false,"chose_seed":false,"campfire_upgraded":0,"win_rate":0,"timestamp":1559803464,"path_taken":["M","?","M","?","M","E","R","?","T","M","?","E"],"build_version":"2019-01-23","purchased_purges":0,"victory":false,"max_hp_per_floor":[75,75,75,75,75,75,75,75,75,75,75,75],"card_choices":[{"not_picked":["Coolheaded","Steam"],"picked":"Rebound","floor":0},{"not_picked":["Coolheaded","Fusion","Chaos"],"picked":"SKIP","floor":1},{"not_picked":["Chaos","Loop"],"picked":"Gash","floor":3},{"not_picked":["Scrape","Leap"],"picked":"Streamline","floor":5},{"not_picked":["Tempest","Double Energy"],"picked":"Self Repair","floor":6},{"not_picked":["Streamline+1","Heatsinks"],"picked":"Beam Cell+1","floor":10},{"not_picked":["Barrage+1","Coolheaded"],"picked":"Buffer","floor":11}],"player_experience":312176,"relics_obtained":[{"floor":6,"key":"Ornamental Fan"},{"floor":9,"key":"Molten Egg 2"}],"event_choices":[{"cards_removed":["Strike_B"],"damage_healed":0,"gold_gain":0,"player_choice":"Card Removal","damage_taken":0,"max_hp_gain":0,"max_hp_loss":0,"event_name":"The Cleric","floor":2,"gold_loss":50},{"damage_healed":0,"gold_gain":75,"player_choice":"Gather Gold","damage_taken":11,"max_hp_gain":0,"max_hp_loss":0,"event_name":"World of Goop","floor":4,"gold_loss":0},{"cards_removed":["Strike_B"],"damage_healed":0,"gold_gain":0,"player_choice":"Card Removal","damage_taken":7,"max_hp_gain":0,"max_hp_loss":0,"event_name":"Golden Wing","floor":8,"gold_loss":0}],"is_beta":false,"boss_relics":[],"items_purged_floors":[],"is_endless":false,"potions_floor_spawned":[3,5,6,10],"killed_by":"3 Sentries","ascension_level":4}