{"gold_per_floor":[112,112,122,135,85,85,45,70,70,102,149,163,183,203,203,304,304,315,315],"floor_reached":19,"playtime":867,"items_purged":[],"score":324,"play_id":"71721b7d-2c6d-4022-8ae6-6617ef3f6e67","local_time":"20190624230418","is_ascension_mode":true,"campfire_choices":[{"data":"Bash","floor":6,"key":"SMITH"},{"floor":15,"key":"REST"}],"neow_cost":"NONE","seed_source_timestamp":170281611845800,"circlet_count":0,"master_deck":["Strike_R","Strike_R","Strike_R","Strike_R","Strike_R","Defend_R","Defend_R","Defend_R","Defend_R","Bash+1","Clash","Whirlwind","Sentinel","Corruption+1","Normality","Armaments","Shame","Flame Barrier","Shrug It Off","Pommel Strike","Dark Embrace+1","Decay","Parasite","Decay","Burning Pact","Heavy Blade"],"relics":["Cursed Key","Frozen Egg 2","Oddly Smooth Stone","Shuriken","Centennial Puzzle","Calling Bell","Boot","Paper Frog","Prayer Wheel"],"potions_floor_usage":[8,13,16,16,16],"damage_taken":[{"damage":0,"enemies":"Small Slimes","floor":1,"turns":3},{"damage":1,"enemies":"Cultist","floor":3,"turns":3},{"damage":2,"enemies":"Jaw Worm","floor":4,"turns":2},{"damage":36,"enemies":"Lagavulin","floor":8,"turns":6},{"damage":22,"enemies":"3 Sentries","floor":10,"turns":7},{"damage":2,"enemies":"Blue Slaver","floor":12,"turns":3},{"damage":10,"enemies":"Gremlin Gang","floor":13,"turns":4},{"damage":0,"enemies":"3 Louse","floor":14,"turns":1},{"damage":20,"enemies":"Slime Boss","floor":16,"turns":6},{"damage":11,"enemies":"Chosen","floor":18,"turns":6},{"damage":54,"enemies":"Masked Bandits","floor":19,"turns":3}],"seed_played":"-6414582959325233310","potions_obtained":[{"floor":2,"key":"Poison Potion"},{"floor":2,"key":"Weak Potion"},{"floor":2,"key":"BloodPotion"},{"floor":8,"key":"FearPotion"},{"floor":13,"key":"Strength Potion"}],"is_trial":false,"path_per_floor":["M","?","M","M","?","R","$","E","T","E","T","M","M","M","R","B",null,"M","?"],"character_chosen":"IRONCLAD","items_purchased":["Sentinel"],"campfire_rested":1,"item_purchase_floors":[7],"current_hp_per_floor":[80,80,79,77,77,77,77,49,49,27,27,25,15,15,39,19,65,54,0],"gold":315,"neow_bonus":"BOSS_RELIC","is_prod":false,"is_daily":false,"chose_seed":false,"campfire_upgraded":1,"win_rate":0,"timestamp":1561381458,"path_taken":["M","?","?","M","?","R","?","E","T","E","?","?","M","M","R","BOSS","M","?"],"build_version":"2019-01-23","purchased_purges":0,"victory":false,"max_hp_per_floor":[80,80,80,80,80,80,80,80,80,80,80,80,80,80,80,80,80,80,80],"card_choices":[{"not_picked":["Anger","Wild Strike"],"picked":"Clash","floor":1},{"not_picked":["Anger","Thunderclap"],"picked":"Sword Boomerang","floor":3},{"not_picked":["Battle Trance","Flex"],"picked":"Whirlwind","floor":4},{"not_picked":["Sword Boomerang","Anger"],"picked":"Corruption","floor":8},{"not_picked":["Body Slam","Cleave"],"picked":"Armaments","floor":10},{"not_picked":["Clothesline","Clash"],"picked":"Flame Barrier","floor":12},{"not_picked":["Combust+1","Wild Strike"],"picked":"Shrug It Off","floor":13},{"not_picked":["Clash","Flame Barrier"],"picked":"Pommel Strike","floor":14},{"not_picked":["Brutality+1","Feed"],"picked":"Dark Embrace+1","floor":16},{"not_picked":["Clash+1","True Grit"],"picked":"Burning Pact","floor":18},{"not_picked":["Combust+1","Hemokinesis"],"picked":"Heavy Blade","floor":18}],"player_experience":160924,"relics_obtained":[{"floor":8,"key":"Frozen Egg 2"},{"floor":9,"key":"Oddly Smooth Stone"},{"floor":10,"key":"Shuriken"},{"floor":11,"key":"Centennial Puzzle"},{"floor":17,"key":"Boot"},{"floor":17,"key":"Paper Frog"},{"floor":17,"key":"Prayer Wheel"}],"event_choices":[{"damage_healed":0,"gold_gain":0,"player_choice":"Got Potions","damage_taken":0,"max_hp_gain":0,"max_hp_loss":0,"event_name":"Lab","floor":2,"gold_loss":0},{"cards_removed":["Sword Boomerang"],"damage_healed":0,"gold_gain":0,"player_choice":"Card Removal","damage_taken":0,"max_hp_gain":0,"max_hp_loss":0,"event_name":"The Cleric","floor":5,"gold_loss":50},{"damage_healed":0,"gold_gain":0,"player_choice":"Fought Bandits","damage_taken":0,"max_hp_gain":0,"max_hp_loss":0,"event_name":"Masked Bandits","floor":19,"gold_loss":0}],"is_beta":false,"boss_relics":[{"not_picked":["Sozu","Empty Cage"],"picked":"Calling Bell"}],"items_purged_floors":[],"is_endless":false,"potions_floor_spawned":[3,8,10,13,14],"killed_by":"Masked Bandits","ascension_level":5}