{"gold_per_floor":[117,133,54,66,76,76,87,113,113,125,125,158,158,175,175,250,250,260,93,112,131,142,169,169,197,197,197,217,217,31,31,31,108,108,124,1123,471,471,136,136,116,116,139,139,159,190,190,205,205,205],"floor_reached":51,"playtime":5345,"items_purged":["Strike_G","Strike_G","Normality","Normality"],"score":1561,"play_id":"0f1da411-255a-442d-855c-bbaf04675dec","local_time":"20190622235511","is_ascension_mode":true,"campfire_choices":[{"data":"Leg Sweep","floor":6.0,"key":"SMITH"},{"floor":11.0,"key":"REST"},{"floor":13.0,"key":"REST"},{"data":"Noxious Fumes","floor":15.0,"key":"SMITH"},{"floor":24,"key":"REST"},{"floor":27,"key":"REST"},{"floor":32,"key":"REST"},{"floor":40,"key":"REST"},{"floor":42,"key":"REST"},{"data":"Apotheosis","floor":44,"key":"SMITH"},{"data":"Wraith Form v2","floor":47,"key":"SMITH"},{"floor":49,"key":"REST"}],"neow_cost":"NONE","seed_source_timestamp":0,"circlet_count":0,"master_deck":["AscendersBane","Survivor","Neutralize+1","Dash","Leg Sweep+1","Noxious Fumes+1","Quick Slash+1","Dagger Spray","Poisoned Stab+1","Blur","Infinite Blades","Backflip","Blur","Wraith Form v2+1","Catalyst+1","Noxious Fumes","PiercingWail","Poisoned Stab","Footwork","Deadly Poison","Predator+1","PiercingWail","Writhe","Dodge and Roll","Wraith Form v2","Glass Knife+1","Dagger Spray+1","Riddle With Holes+1","Tactician","Die Die Die+1","Envenom","After Image","Dodge and Roll","Catalyst","Bouncing Flask+1","Apotheosis+1","Well Laid Plans","Master of Strategy","Shame"],"special_seed":0,"relics":["Ring of the Snake","Snake Skull","Mummified Hand","Pantograph","Cursed Key","Molten Egg 2","Art of War","Gremlin Horn","Pandora\u0027s Box","Membership Card","Bottled Tornado","Juzu Bracelet","Whetstone","Smiling Mask","Ancient Tea Set"],"potions_floor_usage":[22,23,25],"damage_taken":[{"damage":1.0,"enemies":"Cultist","floor":1.0,"turns":5.0},{"damage":0.0,"enemies":"Small Slimes","floor":2.0,"turns":4.0},{"damage":0.0,"enemies":"Jaw Worm","floor":4.0,"turns":5.0},{"damage":0.0,"enemies":"2 Fungi Beasts","floor":5.0,"turns":4.0},{"damage":11.0,"enemies":"Large Slime","floor":7.0,"turns":8.0},{"damage":21.0,"enemies":"Gremlin Nob","floor":8.0,"turns":5.0},{"damage":6.0,"enemies":"Lots of Slimes","floor":10.0,"turns":3.0},{"damage":10.0,"enemies":"Lagavulin","floor":12.0,"turns":6.0},{"damage":9.0,"enemies":"2 Fungi Beasts","floor":14.0,"turns":4.0},{"damage":26.0,"enemies":"Hexaghost","floor":16.0,"turns":12.0},{"damage":16,"enemies":"3 Byrds","floor":18,"turns":7},{"damage":2,"enemies":"Spheric Guardian","floor":20,"turns":6},{"damage":0,"enemies":"Centurion and Healer","floor":21,"turns":8},{"damage":30,"enemies":"Cultist and Chosen","floor":22,"turns":9},{"damage":16,"enemies":"Slavers","floor":23,"turns":6},{"damage":25,"enemies":"Book of Stabbing","floor":25,"turns":4},{"damage":12,"enemies":"Chosen and Byrds","floor":28,"turns":5},{"damage":43,"enemies":"Collector","floor":33,"turns":7},{"damage":31,"enemies":"3 Darklings","floor":35,"turns":4},{"damage":3,"enemies":"3 Shapes","floor":45,"turns":3},{"damage":0,"enemies":"Reptomancer","floor":46,"turns":5},{"damage":22,"enemies":"Spire Growth","floor":48,"turns":5},{"damage":0,"enemies":"Time Eater","floor":50,"turns":6}],"seed_played":"6677850430259861847","potions_obtained":[{"floor":4.0,"key":"PowerPotion"},{"floor":7.0,"key":"Ancient Potion"},{"floor":10.0,"key":"Weak Potion"},{"floor":12.0,"key":"FearPotion"},{"floor":22,"key":"Regen Potion"},{"floor":33,"key":"Energy Potion"}],"is_trial":false,"path_per_floor":["M","M","$","M","M","R","M","E","T","M","R","E","R","M","R","B",null,"M","$","M","M","M","E","R","E","T","R","M","?","$","?","R","B",null,"M","?","$","?","$","R","?","R","T","R","M","E","R","M","R","B",null],"character_chosen":"THE_SILENT","items_purchased":["Noxious Fumes","Noxious Fumes","PiercingWail","Wraith Form v2","Membership Card","Apotheosis","Bottled Tornado","Juzu Bracelet","Well Laid Plans","GhostInAJar","Whetstone","Master of Strategy"],"campfire_rested":8,"item_purchase_floors":[3,19,19,30,37,37,37,37,39,39,39,39],"current_hp_per_floor":[58,58,58,58,58,58,47,26,26,20,39,29,48,39,39,38,59,43,43,41,41,11,10,29,4,4,23,11,11,11,24,43,23,55,24,24,24,24,24,42,42,60,60,60,57,57,57,35,53,63],"gold":205,"neow_bonus":"UPGRADE_CARD","is_prod":false,"is_daily":false,"chose_seed":false,"campfire_upgraded":4,"win_rate":0,"timestamp":1561262111,"path_taken":["M","M","?","M","M","R","M","E","T","M","R","E","R","M","R","BOSS","M","$","?","M","M","E","R","E","T","R","M","?","$","?","R","BOSS","M","?","$","?","$","R","?","R","T","R","M","E","R","M","R","BOSS"],"build_version":"2019-01-23","purchased_purges":4,"victory":true,"max_hp_per_floor":[66,66,66,66,66,66,66,66,66,66,66,66,66,66,66,66,66,66,66,66,66,66,66,66,66,66,66,66,66,66,66,66,66,66,66,66,66,63,63,63,63,63,63,63,63,63,63,63,63,63],"card_choices":[{"not_picked":["Dagger Throw","Deflect"],"picked":"Dash","floor":1.0},{"not_picked":["Acrobatics","Slice"],"picked":"Leg Sweep","floor":2.0},{"not_picked":["Dodge and Roll","Acrobatics"],"picked":"Quick Slash","floor":4.0},{"not_picked":["Slice","Reflex"],"picked":"Dagger Spray","floor":5.0},{"not_picked":["Dodge and Roll","Prepared"],"picked":"Poisoned Stab","floor":7.0},{"not_picked":["Tools of the Trade","Slice"],"picked":"Blur","floor":8.0},{"not_picked":["Deflect","Sucker Punch"],"picked":"Infinite Blades","floor":10.0},{"not_picked":["Flechettes","Terror"],"picked":"Backflip","floor":12.0},{"not_picked":["Terror","Poisoned Stab"],"picked":"Blur","floor":14.0},{"not_picked":["Burst","Night Terror"],"picked":"Wraith Form v2","floor":16.0},{"not_picked":["Dagger Spray","Terror+1"],"picked":"Catalyst+1","floor":18},{"not_picked":["Distraction","Concentrate"],"picked":"Poisoned Stab","floor":20},{"not_picked":["Bouncing Flask","Sucker Punch"],"picked":"Footwork","floor":21},{"not_picked":["Dagger Throw","Cloak And Dagger"],"picked":"Deadly Poison","floor":22},{"not_picked":["Reflex","Accuracy"],"picked":"Predator","floor":23},{"not_picked":["Bane+1","Grand Finale+1"],"picked":"PiercingWail","floor":25},{"not_picked":["Blade Dance","Dagger Spray+1"],"picked":"Dodge and Roll","floor":28},{"not_picked":["Tools of the Trade","Malaise"],"picked":"Glass Knife+1","floor":33},{"not_picked":["Terror+1","Distraction"],"picked":"Bouncing Flask+1","floor":35},{"not_picked":["Sucker Punch+1","Finisher+1","Outmaneuver"],"picked":"SKIP","floor":45},{"not_picked":["Tactician+1","Slice+1","Dagger Spray+1"],"picked":"SKIP","floor":46},{"not_picked":["Underhanded Strike+1","Deflect","Outmaneuver+1"],"picked":"SKIP","floor":48}],"player_experience":858228,"relics_obtained":[{"floor":8.0,"key":"Snake Skull"},{"floor":9.0,"key":"Mummified Hand"},{"floor":12.0,"key":"Pantograph"},{"floor":23,"key":"Molten Egg 2"},{"floor":25,"key":"Art of War"},{"floor":26,"key":"Gremlin Horn"},{"floor":43,"key":"Smiling Mask"},{"floor":46,"key":"Ancient Tea Set"}],"event_choices":[{"damage_healed":13,"gold_gain":0,"player_choice":"Heal","damage_taken":0,"max_hp_gain":0,"max_hp_loss":0,"event_name":"The Library","floor":31,"gold_loss":0},{"damage_healed":0,"gold_gain":999,"player_choice":"Gold","damage_taken":0,"max_hp_gain":0,"max_hp_loss":0,"event_name":"MindBloom","floor":36,"gold_loss":0,"cards_obtained":["Normality","Normality"]},{"damage_healed":0,"gold_gain":0,"player_choice":"Max HP","damage_taken":0,"max_hp_gain":0,"max_hp_loss":3,"event_name":"Winding Halls","floor":38,"gold_loss":0},{"damage_healed":0,"gold_gain":0,"player_choice":"Bought 1 Potion","damage_taken":0,"max_hp_gain":0,"max_hp_loss":0,"event_name":"The Woman in Blue","floor":41,"gold_loss":0}],"is_beta":false,"boss_relics":[{"not_picked":["White Beast Statue","HoveringKite"],"picked":"Cursed Key"},{"not_picked":["Eternal Feather","Busted Crown"],"picked":"Pandora\u0027s Box"}],"items_purged_floors":[19,30,37,39],"is_endless":false,"potions_floor_spawned":[4,7,10,12,18,22,33,45,48],"ascension_level":19}