{"gold_per_floor":[113,388,104,124,124,159,179,200,200,218,232,197,197,241,241,241],"floor_reached":16,"playtime":696,"items_purged":["Regret"],"score":151,"play_id":"23403242-9438-43c1-8f40-0401e41451ea","local_time":"20190520182753","is_ascension_mode":true,"campfire_choices":[{"floor":13,"key":"REST"},{"data":"Blade Dance","floor":15,"key":"SMITH"}],"neow_cost":"NONE","seed_source_timestamp":168417931915966,"circlet_count":0,"master_deck":["Defend_G","Defend_G","Defend_G","Defend_G","Defend_G","Strike_G","Strike_G","Strike_G","Strike_G","Strike_G","Survivor","Neutralize","Deflect","Leg Sweep","Die Die Die","Blade Dance+1","Deflect"],"relics":["Ring of the Snake","NeowsBlessing","TwistedFunnel","Golden Idol","Mummified Hand","The Specimen","Torii"],"potions_floor_usage":[8,16],"damage_taken":[{"damage":0,"enemies":"Cultist","floor":1,"turns":1},{"damage":0,"enemies":"Jaw Worm","floor":4,"turns":1},{"damage":0,"enemies":"Lagavulin","floor":6,"turns":1},{"damage":1,"enemies":"2 Louse","floor":7,"turns":2},{"damage":15,"enemies":"Large Slime","floor":8,"turns":8},{"damage":0,"enemies":"Exordium Wildlife","floor":10,"turns":3},{"damage":5,"enemies":"Gremlin Gang","floor":11,"turns":2},{"damage":16,"enemies":"Gremlin Nob","floor":14,"turns":6},{"damage":54,"enemies":"Hexaghost","floor":16,"turns":16}],"seed_played":"2532700230739723126","potions_obtained":[{"floor":1,"key":"Energy Potion"},{"floor":4,"key":"Explosive Potion"},{"floor":14,"key":"SkillPotion"}],"is_trial":false,"path_per_floor":["M","?","$","M","?","E","M","M","T","M","M","?","R","E","R","B"],"character_chosen":"THE_SILENT","items_purchased":["TwistedFunnel"],"campfire_rested":1,"item_purchase_floors":[3],"current_hp_per_floor":[70,70,70,70,53,53,52,37,37,37,32,49,70,54,54,0],"gold":241,"neow_bonus":"THREE_ENEMY_KILL","is_prod":false,"is_daily":false,"chose_seed":false,"campfire_upgraded":1,"win_rate":0,"timestamp":1558340873,"path_taken":["M","?","$","?","?","E","M","M","T","M","M","?","R","E","R","BOSS"],"build_version":"2019-01-23","purchased_purges":1,"victory":false,"max_hp_per_floor":[70,70,70,70,70,70,70,70,70,70,70,70,70,70,70,70],"card_choices":[{"not_picked":["Riddle With Holes","Accuracy","Dagger Throw"],"picked":"SKIP","floor":1},{"not_picked":["Bane","Acrobatics"],"picked":"Deflect","floor":4},{"not_picked":["Deflect","Dash"],"picked":"Leg Sweep","floor":6},{"not_picked":["Sucker Punch","Flying Knee","All Out Attack"],"picked":"SKIP","floor":7},{"not_picked":["Bane","Dodge and Roll"],"picked":"Die Die Die","floor":8},{"not_picked":["Eviscerate","Quick Slash"],"picked":"Blade Dance","floor":10},{"not_picked":["Poisoned Stab","Skewer"],"picked":"Deflect","floor":11},{"not_picked":["Calculated Gamble","Sucker Punch","Setup"],"picked":"SKIP","floor":14}],"player_experience":385435,"relics_obtained":[{"floor":6,"key":"Mummified Hand"},{"floor":9,"key":"The Specimen"},{"floor":14,"key":"Torii"}],"event_choices":[{"damage_healed":0,"gold_gain":275,"player_choice":"Desecrate","damage_taken":0,"max_hp_gain":0,"max_hp_loss":0,"event_name":"Golden Shrine","floor":2,"gold_loss":0,"cards_obtained":["Regret"]},{"damage_healed":0,"gold_gain":0,"player_choice":"Take Damage","damage_taken":17,"relics_obtained":["Golden Idol"],"max_hp_gain":0,"max_hp_loss":0,"event_name":"Golden Idol","floor":5,"gold_loss":0},{"damage_healed":17,"gold_gain":0,"player_choice":"Healed","damage_taken":0,"max_hp_gain":0,"max_hp_loss":0,"event_name":"The Cleric","floor":12,"gold_loss":35}],"is_beta":false,"boss_relics":[],"items_purged_floors":[3],"is_endless":false,"potions_floor_spawned":[1,4,14],"killed_by":"Hexaghost","ascension_level":2}