{"path_per_floor":["M","?","M","?","?","R","E","T","T","E","R","M","$","M","R","B",null,"M","T","M","$","T","E","M","E","T","E","M","M","M","M","R","B",null,"M","M","?","M","?","R","M","E","T","E","T","M","$","E","R","B"],"character_chosen":"IRONCLAD","items_purchased":["Bird Faced Urn","Metallicize","Blood Vial","Shrug It Off","Thread and Needle"],"gold_per_floor":[118,118,133,308,308,308,341,368,417,442,442,456,18,29,29,134,164,179,179,194,19,19,44,63,95,121,148,165,180,190,204,204,304,304,320,334,383,394,394,394,414,446,446,479,479,491,81,112,112,112],"floor_reached":51,"campfire_rested":0,"playtime":7668,"current_hp_per_floor":[80,80,70,70,70,70,44,44,44,49,49,55,55,67,67,35,80,81,81,83,83,83,53,55,49,56,61,87,94,97,100,100,65,100,95,95,103,86,76,76,83,75,75,87,87,96,96,99,99,70],"items_purged":["Strike_R","Clumsy"],"gold":112,"play_id":"9542e6bc-ace9-4097-ae57-50c129c93b20","is_prod":false,"is_daily":false,"is_ascension_mode":false,"campfire_upgraded":1,"path_taken":["M","?","M","?","?","R","E","?","T","E","R","?","$","M","R","BOSS","M","?","?","$","?","E","?","E","T","E","M","M","M","M","R","BOSS","M","M","?","M","?","R","M","E","T","E","?","M","$","E","R","BOSS"],"build_version":"2018-01-25-PROD3","purchased_purges":3,"victory":true,"master_deck":["Strike_R","Strike_R","Strike_R","Defend_R+1","Defend_R","Defend_R","Defend_R","Bash","Reaper+1","Clothesline+1","Offering+1","Iron Wave","Anger","Metallicize","Rampage","Feed","Corruption","Armaments+1","Shrug It Off","Pommel Strike","Inflame","Dark Embrace","Iron Wave","Rage+1","Spot Weakness+1","Berserk","True Grit+1","Blood for Blood","Shockwave+1","Blood for Blood","Madness","Madness","Barricade","Limit Break","Metallicize"],"max_hp_per_floor":[80,80,80,80,80,80,80,80,80,80,80,80,80,80,80,80,80,83,83,83,83,83,83,83,83,90,93,97,97,97,100,100,100,100,100,100,114,117,117,117,117,117,117,117,117,117,117,117,117,117],"relics":["Burning Blood","Sundial","Spirit Poop","Peace Pipe","Orichalcum","Bag of Marbles","Meat on the Bone","Bird Faced Urn","Calling Bell","Kunai","Tiny Chest","War Paint","Charon\u0027s Ashes","Blood Vial","Ginger","Torii","Toolbox","Strawberry","Calipers","Black Star","Mango","Letter Opener","Mercury Hourglass","Shovel","Mummified Hand","Gremlin Horn","Champion Belt","Thread and Needle","Pantograph","Shuriken","Bronze Scales"],"card_choices":[{"not_picked":["Spot Weakness","Iron Wave"],"picked":"Reaper"},{"not_picked":["Twin Strike","Heavy Blade"],"picked":"Clothesline"},{"not_picked":["Heavy Blade","Sever Soul"],"picked":"Offering"},{"not_picked":["Pommel Strike","Burning Pact"],"picked":"Iron Wave"},{"not_picked":["Clash","Headbutt"],"picked":"Anger"},{"not_picked":["Cleave","Body Slam"],"picked":"Rampage"},{"not_picked":["Fiend Fire","Reaper"],"picked":"Feed"},{"not_picked":["Thunderclap","True Grit"],"picked":"Corruption"},{"not_picked":["Hemokinesis","Sever Soul"],"picked":"Armaments"},{"not_picked":["Feed","True Grit"],"picked":"Pommel Strike"},{"not_picked":["Clothesline","Cleave"],"picked":"Inflame"},{"not_picked":["Power Through","Clothesline"],"picked":"Dark Embrace"},{"not_picked":["Body Slam","Perfected Strike"],"picked":"Iron Wave"},{"not_picked":["Body Slam","Twin Strike"],"picked":"Rage"},{"not_picked":["Anger","Clothesline"],"picked":"Spot Weakness"},{"not_picked":["Bludgeon","Fiend Fire"],"picked":"Berserk"},{"not_picked":["Perfected Strike","Body Slam"],"picked":"True Grit"},{"not_picked":["Armaments","Iron Wave"],"picked":"Blood for Blood"},{"not_picked":["Sword Boomerang","Anger"],"picked":"Shockwave"},{"not_picked":["Whirlwind","Searing Blow"],"picked":"Blood for Blood"},{"not_picked":["True Grit","Combust"],"picked":"Barricade"},{"not_picked":["Flex","Anger"],"picked":"Limit Break"},{"not_picked":["Inflame","Berserk"],"picked":"Metallicize"}],"player_experience":50458,"potions_floor_usage":[25,33,33,33,48,50],"damage_taken":[{"damage":6,"enemies":"Small Slimes","floor":1,"turns":5},{"damage":21,"enemies":"Blue Slaver","floor":3,"turns":5},{"damage":46,"enemies":"3 Sentries","floor":7,"turns":12},{"damage":8,"enemies":"Gremlin Nob","floor":10,"turns":5},{"damage":0,"enemies":"Cultist","floor":12,"turns":3},{"damage":1,"enemies":"Exordium Wildlife","floor":14,"turns":4},{"damage":59,"enemies":"Hexaghost","floor":16,"turns":11},{"damage":14,"enemies":"3 Byrds","floor":18,"turns":6},{"damage":7,"enemies":"Chosen","floor":20,"turns":4},{"damage":43,"enemies":"Slavers","floor":23,"turns":9},{"damage":27,"enemies":"Snake Plant","floor":24,"turns":4},{"damage":51,"enemies":"Gremlin Leader","floor":25,"turns":9},{"damage":41,"enemies":"Slavers","floor":27,"turns":6},{"damage":6,"enemies":"Centurion and Healer","floor":28,"turns":9},{"damage":15,"enemies":"3 Cultists","floor":29,"turns":6},{"damage":10,"enemies":"Chosen and Byrds","floor":30,"turns":6},{"damage":6,"enemies":"Centurion and Healer","floor":31,"turns":7},{"damage":68,"enemies":"Collector","floor":33,"turns":9},{"damage":18,"enemies":"3 Darklings","floor":35,"turns":7},{"damage":12,"enemies":"Orb Walker","floor":36,"turns":3},{"damage":23,"enemies":"Mysterious Sphere","floor":37,"turns":6},{"damage":41,"enemies":"Sphere and 2 Shapes","floor":38,"turns":6},{"damage":11,"enemies":"Maw","floor":41,"turns":7},{"damage":51,"enemies":"2 Orb Walkers","floor":42,"turns":5},{"damage":8,"enemies":"Giant Head","floor":44,"turns":7},{"damage":5,"enemies":"3 Darklings","floor":46,"turns":3},{"damage":16,"enemies":"Nemesis","floor":48,"turns":13},{"damage":95,"enemies":"Donu and Deca","floor":50,"turns":11}],"event_choices":[{"event_name":"Upgrade Shrine","player_choice":"Upgraded","floor":2,"damage_taken":0},{"event_name":"Liars Game","player_choice":"agreed","floor":4,"damage_taken":0},{"event_name":"Bonfire Elementals","player_choice":"CURSE","floor":5,"damage_taken":0},{"event_name":"Mysterious Sphere","player_choice":"Fight","floor":37,"damage_taken":0},{"event_name":"Winding Halls","player_choice":"Embrace Madness","floor":39,"damage_taken":0}],"boss_relics":[{"not_picked":["Question Card","Eternal Feather"],"picked":"Calling Bell"},{"not_picked":["Velvet Choker","Mark of Pain"],"picked":"Black Star"}],"potions_floor_spawned":[1,7,24,27,28,31,33,37,38],"seed_played":"-694736369323654261","ascension_level":0,"is_trial":false}