{"gold_per_floor":[114,132,152,205,205,216,216,243,243,256,256,274,284,299,299,403,403,328,328,339,25,39,39],"floor_reached":23,"playtime":2246,"items_purged":["Strike_B"],"score":185,"play_id":"ddd4e4cd-766e-4117-b9b7-3fc73453503f","local_time":"20190429195730","is_ascension_mode":false,"campfire_choices":[{"data":"Go for the Eyes","floor":7,"key":"SMITH"},{"data":"Genetic Algorithm","floor":11,"key":"SMITH"},{"floor":15,"key":"REST"}],"neow_cost":"NONE","seed_source_timestamp":21319160648509,"circlet_count":0,"master_deck":["Strike_B","Defend_B","Defend_B","Defend_B","Defend_B","Zap","Dualcast","Go for the Eyes+1","Streamline+1","Glacier","Sweeping Beam","Redo","Genetic Algorithm+1","Cold Snap","Rebound","BootSequence","Seek","Compile Driver+1","Writhe","FTL","Hello World"],"relics":["Cracked Core","Odd Mushroom","Letter Opener","Empty Cage","Darkstone Periapt","Toolbox"],"potions_floor_usage":[16,16,22,23],"damage_taken":[{"damage":0,"enemies":"Cultist","floor":1,"turns":3},{"damage":3,"enemies":"Jaw Worm","floor":2,"turns":2},{"damage":0,"enemies":"Small Slimes","floor":3,"turns":3},{"damage":3,"enemies":"Red Slaver","floor":6,"turns":5},{"damage":11,"enemies":"The Mushroom Lair","floor":8,"turns":5},{"damage":11,"enemies":"Large Slime","floor":10,"turns":4},{"damage":9,"enemies":"Looter","floor":12,"turns":3},{"damage":1,"enemies":"2 Fungi Beasts","floor":13,"turns":3},{"damage":8,"enemies":"3 Louse","floor":14,"turns":2},{"damage":38,"enemies":"Hexaghost","floor":16,"turns":13},{"damage":21,"enemies":"2 Thieves","floor":18,"turns":5},{"damage":1,"enemies":"Shell Parasite","floor":20,"turns":7},{"damage":34,"enemies":"Cultist and Chosen","floor":22,"turns":8},{"damage":36,"enemies":"Gremlin Leader","floor":23,"turns":5}],"seed_played":"7672454287033907849","potions_obtained":[{"floor":1,"key":"Explosive Potion"},{"floor":12,"key":"EssenceOfSteel"},{"floor":13,"key":"SkillPotion"},{"floor":22,"key":"Strength Potion"}],"is_trial":false,"path_per_floor":["M","M","M","?","?","M","R","?","T","M","R","M","M","M","R","B",null,"M","?","M","$","M","E"],"character_chosen":"DEFECT","items_purchased":["FTL","Toolbox"],"campfire_rested":1,"item_purchase_floors":[21,21],"current_hp_per_floor":[82,79,79,79,79,76,76,65,65,54,54,45,44,36,60,22,82,61,67,66,66,32,0],"gold":39,"neow_bonus":"TEN_PERCENT_HP_BONUS","is_prod":false,"is_daily":false,"chose_seed":false,"campfire_upgraded":2,"win_rate":0.0,"timestamp":1556582250,"path_taken":["M","M","?","?","?","?","R","?","T","M","R","M","M","M","R","BOSS","M","?","M","$","M","E"],"build_version":"2019-01-23","purchased_purges":1,"victory":false,"max_hp_per_floor":[82,82,82,82,82,82,82,82,82,82,82,82,82,82,82,82,82,82,88,88,88,88,88],"card_choices":[{"not_picked":["Lockon","Gash"],"picked":"Go for the Eyes","floor":1},{"not_picked":["Stack","Rainbow"],"picked":"Streamline","floor":2},{"not_picked":["Consume","Chill"],"picked":"Glacier","floor":3},{"not_picked":["Streamline","Stack"],"picked":"Sweeping Beam","floor":6},{"not_picked":["Loop","Stack"],"picked":"Redo","floor":8},{"not_picked":["Barrage","Scrape"],"picked":"Genetic Algorithm","floor":10},{"not_picked":["Heatsinks","Tempest"],"picked":"Cold Snap","floor":12},{"not_picked":["Thunder Strike","Darkness"],"picked":"Rebound","floor":13},{"not_picked":["Skim","Compile Driver"],"picked":"BootSequence","floor":14},{"not_picked":["Amplify","All For One"],"picked":"Seek","floor":16},{"not_picked":["Streamline","Gash+1"],"picked":"Compile Driver+1","floor":18},{"not_picked":["Leap","Rebound","Sweeping Beam+1"],"picked":"SKIP","floor":20},{"not_picked":["Go for the Eyes","Gash"],"picked":"Hello World","floor":22}],"player_experience":134140,"relics_obtained":[{"floor":8,"key":"Odd Mushroom"},{"floor":9,"key":"Letter Opener"}],"event_choices":[{"damage_healed":0,"gold_gain":53,"player_choice":"Gained Gold","damage_taken":0,"max_hp_gain":0,"max_hp_loss":0,"event_name":"Golden Wing","floor":4,"gold_loss":0},{"damage_healed":0,"gold_gain":0,"player_choice":"Upgraded","damage_taken":0,"max_hp_gain":0,"max_hp_loss":0,"event_name":"Upgrade Shrine","floor":5,"gold_loss":0,"cards_upgraded":["Streamline"]},{"damage_healed":0,"gold_gain":0,"player_choice":"Fought Mushrooms","damage_taken":0,"max_hp_gain":0,"max_hp_loss":0,"event_name":"Mushrooms","floor":8,"gold_loss":0},{"damage_healed":0,"gold_gain":0,"player_choice":"Opened","damage_taken":0,"relics_obtained":["Darkstone Periapt"],"max_hp_gain":0,"max_hp_loss":0,"event_name":"The Mausoleum","floor":19,"gold_loss":0,"cards_obtained":["Writhe"]}],"is_beta":false,"boss_relics":[{"not_picked":["Coffee Dripper","White Beast Statue"],"picked":"Empty Cage"}],"items_purged_floors":[21],"is_endless":false,"potions_floor_spawned":[1,12,13,14,22],"killed_by":"Gremlin Leader","ascension_level":0}