{"gold_per_floor":[116,116,129,145,95,95,127,127,127,127,127,162,180,212,212,313,313,326,339,438,353,37,67,100,112,165,200,233,247,108,124,124,227,227,238,238,238,250,269,298,298,40,40,40,74,74,89,102,102,102],"floor_reached":51,"playtime":3396,"items_purged":["Pain"],"score":947,"play_id":"61c92fa7-d2ff-4d87-8244-8ad92543b52c","local_time":"20190530002432","is_ascension_mode":true,"campfire_choices":[{"data":"Armaments","floor":6.0,"key":"SMITH"},{"data":"Shockwave","floor":8.0,"key":"SMITH"},{"data":"Anger","floor":10.0,"key":"SMITH"},{"floor":15.0,"key":"REST"},{"data":"Battle Trance","floor":32.0,"key":"SMITH"},{"data":"Offering","floor":44,"key":"SMITH"},{"data":"Power Through","floor":46,"key":"SMITH"},{"data":"Immolate","floor":49,"key":"SMITH"}],"neow_cost":"NONE","seed_source_timestamp":0,"circlet_count":0,"master_deck":["Bash","Armaments+1","Anger+1","Twin Strike+1","Shockwave+1","Inflame","Immolate+1","Hemokinesis","True Grit","Anger+1","Sword Boomerang","Feed","Rupture","Feed","Shrug It Off","Power Through+1","Ghostly Armor+1","Reaper","Infernal Blade","Battle Trance+1","Shrug It Off","Disarm","Shrug It Off","Offering+1","Dark Shackles","Dark Shackles","Carnage+1","Evolve"],"special_seed":0,"relics":["Burning Blood","Regal Pillow","Mercury Hourglass","The Courier","Bag of Marbles","PreservedInsect","Pandora\u0027s Box","WingedGreaves","Paper Frog","Happy Flower","Whetstone","Pen Nib","Potion Belt","Red Mask","Ginger","Sozu","WarpedTongs","Kunai","Darkstone Periapt","Ice Cream"],"potions_floor_usage":[],"damage_taken":[{"damage":5.0,"enemies":"2 Louse","floor":1.0,"turns":3.0},{"damage":2.0,"enemies":"Jaw Worm","floor":3.0,"turns":3.0},{"damage":3.0,"enemies":"Small Slimes","floor":4.0,"turns":4.0},{"damage":35.0,"enemies":"Lagavulin","floor":7.0,"turns":7.0},{"damage":25.0,"enemies":"3 Sentries","floor":12.0,"turns":6.0},{"damage":9.0,"enemies":"Red Slaver","floor":13.0,"turns":3.0},{"damage":6.0,"enemies":"Gremlin Nob","floor":14.0,"turns":3.0},{"damage":25.0,"enemies":"Hexaghost","floor":16.0,"turns":6.0},{"damage":13.0,"enemies":"3 Byrds","floor":18.0,"turns":4.0},{"damage":20.0,"enemies":"2 Thieves","floor":19.0,"turns":3.0},{"damage":7.0,"enemies":"Gremlin Leader","floor":23.0,"turns":3.0},{"damage":7.0,"enemies":"Book of Stabbing","floor":24.0,"turns":3.0},{"damage":12.0,"enemies":"Snake Plant","floor":25.0,"turns":3.0},{"damage":0.0,"enemies":"Masked Bandits","floor":27.0,"turns":1.0},{"damage":8.0,"enemies":"Gremlin Leader","floor":28.0,"turns":2.0},{"damage":8.0,"enemies":"Cultist and Chosen","floor":29.0,"turns":3.0},{"damage":8.0,"enemies":"Centurion and Healer","floor":31.0,"turns":3.0},{"damage":58.0,"enemies":"Collector","floor":33.0,"turns":10.0},{"damage":22.0,"enemies":"3 Darklings","floor":35.0,"turns":3.0},{"damage":6.0,"enemies":"3 Shapes","floor":38.0,"turns":1.0},{"damage":11.0,"enemies":"Maw","floor":39.0,"turns":5.0},{"damage":0,"enemies":"Nemesis","floor":40,"turns":3},{"damage":35,"enemies":"Reptomancer","floor":45,"turns":4},{"damage":0,"enemies":"Jaw Worm Horde","floor":47,"turns":1},{"damage":20,"enemies":"Sphere and 2 Shapes","floor":48,"turns":3},{"damage":53,"enemies":"Awakened One","floor":50,"turns":12}],"seed_played":"2235019506535215843","potions_obtained":[{"floor":1.0,"key":"LiquidBronze"},{"floor":4.0,"key":"Fire Potion"},{"floor":14.0,"key":"Swift Potion"},{"floor":24.0,"key":"LiquidBronze"},{"floor":27.0,"key":"Regen Potion"},{"floor":31.0,"key":"LiquidBronze"}],"is_trial":false,"path_per_floor":["M","?","M","M","?","R","E","R","T","R","?","E","M","E","R","B",null,"M","M","?","?","$","E","E","M","T","?","E","M","$","M","R","B",null,"M","?","?","M","M","E","?","$","T","R","E","R","M","M","R","B",null],"character_chosen":"IRONCLAD","items_purchased":["Paper Frog","Happy Flower","Shrug It Off","Disarm","Shrug It Off","Kunai"],"campfire_rested":1,"item_purchase_floors":[22,22,30,30,30,42],"current_hp_per_floor":[80,80,80,80,80,80,51,51,51,51,51,32,29,29,68,49,80,76,68,68,68,68,67,66,63,63,69,67,68,68,70,70,33,99,89,84,109,109,104,109,109,109,109,109,80,80,86,86,86,68],"gold":102,"neow_bonus":"RANDOM_COMMON_RELIC","is_prod":false,"is_daily":false,"chose_seed":false,"campfire_upgraded":7,"win_rate":0,"timestamp":1559190272,"path_taken":["M","?","M","M","?","R","E","R","T","R","?","E","?","E","R","BOSS","M","M","?","?","$","E","E","M","T","?","E","M","$","M","R","BOSS","M","?","?","?","M","E","?","$","T","R","E","R","M","M","R","BOSS"],"build_version":"2019-01-23","purchased_purges":1,"victory":true,"max_hp_per_floor":[80,80,80,80,80,80,80,80,80,80,80,80,80,80,80,80,80,83,89,89,89,89,89,89,92,92,92,92,95,95,99,99,99,99,99,99,109,109,109,109,109,109,109,109,109,109,109,109,109,115],"card_choices":[{"not_picked":["Shockwave","Flame Barrier"],"picked":"Armaments","floor":1.0},{"not_picked":["Disarm","Havoc"],"picked":"Anger","floor":3.0},{"not_picked":["Reckless Charge","Flex"],"picked":"Twin Strike","floor":4.0},{"not_picked":["Wild Strike","Havoc"],"picked":"Shockwave","floor":7.0},{"not_picked":["Havoc","Carnage"],"picked":"Juggernaut","floor":12.0},{"not_picked":["Metallicize","True Grit"],"picked":"Inflame","floor":13.0},{"not_picked":["Armaments","Havoc","Blood for Blood"],"picked":"SKIP","floor":14.0},{"not_picked":["Reaper","Limit Break"],"picked":"Immolate","floor":16.0},{"not_picked":["Cleave","Pummel"],"picked":"Shrug It Off","floor":18.0},{"not_picked":["Reckless Charge","Blood for Blood"],"picked":"Power Through","floor":19.0},{"not_picked":["Sword Boomerang","Disarm"],"picked":"Ghostly Armor+1","floor":23.0},{"not_picked":["Iron Wave","Sentinel","Clothesline"],"picked":"SKIP","floor":24.0},{"not_picked":["Sword Boomerang+1","Iron Wave"],"picked":"Reaper","floor":25.0},{"not_picked":["Headbutt","Iron Wave+1"],"picked":"Infernal Blade","floor":28.0},{"not_picked":["Body Slam","Clothesline+1"],"picked":"Battle Trance","floor":29.0},{"not_picked":["Perfected Strike","Wild Strike","Burning Pact+1"],"picked":"SKIP","floor":31.0},{"not_picked":["Reaper","Bludgeon"],"picked":"Offering","floor":33.0},{"not_picked":["Rampage","Wild Strike+1","Burning Pact"],"picked":"SKIP","floor":35.0},{"not_picked":["Mind Blast","Flash of Steel"],"picked":"Dark Shackles","floor":36.0},{"not_picked":["Bandage Up","Blind"],"picked":"Dark Shackles","floor":36.0},{"not_picked":["Corruption+1","Rage","Heavy Blade+1"],"picked":"SKIP","floor":38.0},{"not_picked":["Headbutt","Shockwave"],"picked":"Carnage+1","floor":39.0},{"not_picked":["Clash","Perfected Strike+1"],"picked":"Evolve","floor":40},{"not_picked":["Heavy Blade+1","Cleave+1","Pummel"],"picked":"SKIP","floor":45},{"not_picked":["Iron Wave","Anger+1","Inflame+1"],"picked":"SKIP","floor":47},{"not_picked":["Thunderclap","Second Wind","Flex+1"],"picked":"SKIP","floor":48}],"player_experience":267792,"relics_obtained":[{"floor":7.0,"key":"Mercury Hourglass"},{"floor":9.0,"key":"The Courier"},{"floor":12.0,"key":"Bag of Marbles"},{"floor":14.0,"key":"PreservedInsect"},{"floor":23.0,"key":"Whetstone"},{"floor":24.0,"key":"Pen Nib"},{"floor":26.0,"key":"Potion Belt"},{"floor":27.0,"key":"Red Mask"},{"floor":28.0,"key":"Ginger"},{"floor":43,"key":"Darkstone Periapt"},{"floor":45,"key":"Ice Cream"}],"event_choices":[{"damage_healed":0.0,"max_hp_gain":0.0,"max_hp_loss":0.0,"gold_gain":0.0,"event_name":"Liars Game","player_choice":"Ignored","floor":2.0,"gold_loss":0.0,"damage_taken":0.0},{"cards_removed":["Strike_R"],"damage_healed":0.0,"max_hp_gain":0.0,"max_hp_loss":0.0,"gold_gain":0.0,"event_name":"The Cleric","player_choice":"Card Removal","floor":5.0,"gold_loss":50.0,"damage_taken":0.0},{"cards_removed":["Strike_R"],"damage_healed":0.0,"max_hp_gain":0.0,"max_hp_loss":0.0,"gold_gain":0.0,"event_name":"Purifier","player_choice":"Purged","floor":11.0,"gold_loss":0.0,"damage_taken":0.0},{"damage_healed":0.0,"max_hp_gain":0.0,"max_hp_loss":0.0,"gold_gain":99.0,"event_name":"Nest","player_choice":"Stole From Cult","floor":20.0,"gold_loss":0.0,"damage_taken":0.0},{"damage_healed":0.0,"max_hp_gain":0.0,"max_hp_loss":0.0,"gold_gain":0.0,"event_name":"Addict","player_choice":"Obtained Relic","floor":21.0,"gold_loss":85.0,"damage_taken":0.0,"relics_obtained":["WingedGreaves"]},{"damage_healed":0.0,"max_hp_gain":0.0,"max_hp_loss":0.0,"gold_gain":0.0,"event_name":"Masked Bandits","player_choice":"Fought Bandits","floor":27.0,"gold_loss":0.0,"damage_taken":0.0},{"damage_healed":0.0,"max_hp_gain":0.0,"max_hp_loss":0.0,"gold_gain":0.0,"event_name":"SensoryStone","player_choice":"Memory 2","floor":36.0,"gold_loss":0.0,"damage_taken":5.0},{"cards_removed":["Juggernaut"],"damage_healed":15.0,"max_hp_gain":10.0,"max_hp_loss":0.0,"gold_gain":0.0,"event_name":"Bonfire Elementals","player_choice":"Offered Rare","floor":37.0,"gold_loss":0.0,"damage_taken":0.0},{"damage_healed":0,"gold_gain":0,"player_choice":"Rummage","damage_taken":0,"relics_obtained":["WarpedTongs"],"max_hp_gain":0,"max_hp_loss":0,"event_name":"Accursed Blacksmith","floor":41,"gold_loss":0,"cards_obtained":["Pain"]}],"is_beta":false,"boss_relics":[{"not_picked":["Lizard Tail","White Beast Statue"],"picked":"Pandora\u0027s Box"},{"not_picked":["Snecko Eye","Eternal Feather"],"picked":"Sozu"}],"items_purged_floors":[42],"is_endless":false,"potions_floor_spawned":[1,4,14,24,25,27,31,40,47,48],"ascension_level":3}