{"gold_per_floor":[119,133,150,137,155,155,189,189,213,231,262,278,295,311,311,411,411,427,413,328,347,363,363],"floor_reached":23,"playtime":2652,"items_purged":[],"score":211,"play_id":"c0475fdb-a6f4-4940-9945-0f30ddb3ee6e","local_time":"20190623212703","is_ascension_mode":false,"campfire_choices":[{"data":"Dualcast","floor":6,"key":"SMITH"},{"data":"Capacitor","floor":8,"key":"SMITH"},{"floor":15,"key":"REST"}],"neow_cost":"NONE","seed_source_timestamp":211599102560400,"circlet_count":0,"master_deck":["Strike_B","Strike_B","Strike_B+1","Strike_B","Defend_B","Defend_B","Defend_B","Defend_B","Zap","Dualcast+1","Forethought","Steam","Glacier","Cold Snap+1","Core Surge","Capacitor+1","Darkness","Defragment","Ball Lightning","White Noise","Auto Shields","Creative AI","Injury","Regret","Doubt","Glacier","Hologram+1","Chaos","BootSequence"],"relics":["Cracked Core","Bird Faced Urn","Vajra","Whetstone","Calling Bell","PreservedInsect","Meat on the Bone","Thread and Needle","Anchor"],"potions_floor_usage":[7,13,14,16],"damage_taken":[{"damage":2,"enemies":"Small Slimes","floor":1,"turns":3},{"damage":0,"enemies":"Jaw Worm","floor":2,"turns":2},{"damage":6,"enemies":"2 Louse","floor":3,"turns":2},{"damage":4,"enemies":"Exordium Thugs","floor":4,"turns":4},{"damage":6,"enemies":"Exordium Wildlife","floor":5,"turns":5},{"damage":4,"enemies":"3 Sentries","floor":7,"turns":3},{"damage":13,"enemies":"3 Louse","floor":10,"turns":4},{"damage":36,"enemies":"Gremlin Nob","floor":11,"turns":5},{"damage":0,"enemies":"Blue Slaver","floor":12,"turns":2},{"damage":2,"enemies":"Looter","floor":13,"turns":2},{"damage":0,"enemies":"Exordium Thugs","floor":14,"turns":5},{"damage":8,"enemies":"The Guardian","floor":16,"turns":11},{"damage":24,"enemies":"Chosen","floor":18,"turns":5},{"damage":11,"enemies":"2 Thieves","floor":19,"turns":4},{"damage":12,"enemies":"Centurion and Healer","floor":21,"turns":10},{"damage":13,"enemies":"Snake Plant","floor":22,"turns":8},{"damage":72,"enemies":"Gremlin Leader","floor":23,"turns":7}],"seed_played":"723142684844775946","potions_obtained":[{"floor":4,"key":"GamblersBrew"},{"floor":5,"key":"PowerPotion"},{"floor":7,"key":"Ancient Potion"},{"floor":11,"key":"Weak Potion"},{"floor":12,"key":"SpeedPotion"},{"floor":14,"key":"FearPotion"},{"floor":22,"key":"GamblersBrew"}],"is_trial":false,"path_per_floor":["M","M","M","M","M","R","E","R","T","M","E","M","M","M","R","B",null,"M","M","?","M","M","E"],"character_chosen":"DEFECT","items_purchased":[],"campfire_rested":1,"item_purchase_floors":[],"current_hp_per_floor":[73,73,67,63,57,57,53,53,53,42,8,8,6,10,32,30,75,55,48,48,58,59,0],"gold":363,"neow_bonus":"RANDOM_COLORLESS","is_prod":false,"is_daily":false,"chose_seed":false,"campfire_upgraded":2,"win_rate":0.0,"timestamp":1561339623,"path_taken":["M","M","M","M","M","R","E","R","T","M","E","M","M","M","R","BOSS","M","M","?","M","M","E"],"build_version":"2019-01-23","purchased_purges":0,"victory":false,"max_hp_per_floor":[75,75,75,75,75,75,75,75,75,75,75,75,75,75,75,75,75,75,75,75,75,75,75],"card_choices":[{"not_picked":["Leap","Sweeping Beam"],"picked":"Steam","floor":1},{"not_picked":["Reprogram","Reinforced Body","Fusion"],"picked":"SKIP","floor":2},{"not_picked":["Redo","Genetic Algorithm"],"picked":"Glacier","floor":3},{"not_picked":["Aggregate","Compile Driver"],"picked":"Cold Snap","floor":4},{"not_picked":["Genetic Algorithm","Sweeping Beam"],"picked":"Core Surge","floor":5},{"not_picked":["Coolheaded","Leap"],"picked":"Capacitor","floor":7},{"not_picked":["Hologram","Gash"],"picked":"Darkness","floor":10},{"not_picked":["Streamline","Hello World"],"picked":"Defragment","floor":11},{"not_picked":["Streamline","Beam Cell"],"picked":"Ball Lightning","floor":12},{"not_picked":["Compile Driver","Consume"],"picked":"White Noise","floor":13},{"not_picked":["Beam Cell","Doom and Gloom"],"picked":"Auto Shields","floor":14},{"not_picked":["Fission","All For One"],"picked":"Creative AI","floor":16},{"not_picked":["Reinforced Body","Beam Cell"],"picked":"Glacier","floor":18},{"not_picked":["Recycle","Double Energy"],"picked":"Hologram+1","floor":19},{"not_picked":["Fusion+1","Double Energy"],"picked":"Chaos","floor":21},{"not_picked":["Conserve Battery+1","Reinforced Body"],"picked":"BootSequence","floor":22}],"player_experience":98704,"relics_obtained":[{"floor":7,"key":"Bird Faced Urn"},{"floor":9,"key":"Vajra"},{"floor":11,"key":"Whetstone"},{"floor":17,"key":"PreservedInsect"},{"floor":17,"key":"Meat on the Bone"},{"floor":17,"key":"Thread and Needle"}],"event_choices":[{"damage_healed":0,"gold_gain":0,"player_choice":"Obtained Relic","damage_taken":0,"relics_obtained":["Anchor"],"max_hp_gain":0,"max_hp_loss":0,"event_name":"Addict","floor":20,"gold_loss":85}],"is_beta":false,"boss_relics":[{"not_picked":["Coffee Dripper","Runic Dome"],"picked":"Calling Bell"}],"items_purged_floors":[],"is_endless":false,"potions_floor_spawned":[4,5,7,11,12,14,22],"killed_by":"Gremlin Leader","ascension_level":0}