{"path_per_floor":["M","M","M","?","$","R","E","$","T","M","M","E","M","E","R","B",null,"M","M","M","$","?","E","M"],"character_chosen":"IRONCLAD","items_purchased":["Apotheosis","Inflame","Shuriken"],"gold_per_floor":[115,127,138,238,58,58,83,10,10,28,46,80,91,116,116,220,220,235,254,264,4,254,287,306],"floor_reached":25,"campfire_rested":0,"playtime":2089,"current_hp_per_floor":[80,80,80,80,80,80,74,74,74,75,67,79,74,74,74,57,80,72,69,59,59,65,39,16],"items_purged":[],"gold":306,"score":282,"play_id":"df5a66f3-ef39-4faf-baa9-0c7ba988ddde","local_time":"20180316145144","is_prod":false,"is_daily":false,"is_ascension_mode":true,"campfire_upgraded":2,"timestamp":1521226304,"path_taken":["M","M","M","?","$","R","E","$","T","?","M","E","M","E","R","BOSS","M","M","M","$","?","E","M","E"],"build_version":"2018-03-15","purchased_purges":1,"victory":false,"master_deck":["Strike_R","Strike_R","Strike_R","Strike_R","Strike_R","Defend_R","Defend_R","Defend_R","Defend_R","Bash","Headbutt","Brutality","Cleave","Apotheosis+1","Body Slam","Inflame","Heavy Blade","Dark Embrace","Rupture+1","Juggernaut","Warcry","Corruption+1","Spot Weakness","Regret","Berserk","Havoc"],"max_hp_per_floor":[80,80,80,80,80,80,80,80,80,80,80,80,80,80,80,80,80,80,80,80,80,86,86,86],"relics":["Burning Blood","Bronze Scales","Toolbox","Bird Faced Urn","Darkstone Periapt","Letter Opener","White Beast Statue","Shuriken","Blue Candle"],"card_choices":[{"not_picked":["Reckless Charge","Clothesline"],"picked":"Headbutt"},{"not_picked":["Wild Strike","Pummel"],"picked":"Brutality"},{"not_picked":["Twin Strike","Entrench"],"picked":"Cleave"},{"not_picked":["Infernal Blade","Perfected Strike"],"picked":"Body Slam"},{"not_picked":["Headbutt","Perfected Strike"],"picked":"Heavy Blade"},{"not_picked":["Shrug It Off","Rampage"],"picked":"Dark Embrace"},{"not_picked":["Combust","Shrug It Off"],"picked":"Rupture"},{"not_picked":["Double Tap","Immolate"],"picked":"Juggernaut"},{"not_picked":["Anger","Headbutt"],"picked":"Warcry"},{"not_picked":["Thunderclap","Flex"],"picked":"Corruption"},{"not_picked":["Armaments","Rage"],"picked":"Spot Weakness"},{"not_picked":["Uppercut","Anger"],"picked":"Berserk"},{"not_picked":["True Grit","Hemokinesis"],"picked":"Havoc"}],"player_experience":207595,"potions_floor_usage":[7,12,12,16,20,23,23,25,25],"damage_taken":[{"damage":4,"enemies":"Jaw Worm","floor":1,"turns":4},{"damage":1,"enemies":"Cultist","floor":2,"turns":3},{"damage":4,"enemies":"Small Slimes","floor":3,"turns":4},{"damage":12,"enemies":"3 Sentries","floor":7,"turns":4},{"damage":9,"enemies":"Red Slaver","floor":10,"turns":3},{"damage":16,"enemies":"Lots of Slimes","floor":11,"turns":3},{"damage":12,"enemies":"Lagavulin","floor":12,"turns":5},{"damage":16,"enemies":"Exordium Wildlife","floor":13,"turns":4},{"damage":10,"enemies":"Gremlin Nob","floor":14,"turns":3},{"damage":29,"enemies":"Hexaghost","floor":16,"turns":6},{"damage":18,"enemies":"Shell Parasite","floor":18,"turns":5},{"damage":17,"enemies":"3 Byrds","floor":19,"turns":4},{"damage":32,"enemies":"Slaver and Parasite","floor":20,"turns":4},{"damage":42,"enemies":"Book of Stabbing","floor":23,"turns":5},{"damage":41,"enemies":"Snake Plant","floor":24,"turns":4},{"damage":25,"enemies":"Slavers","floor":25,"turns":1}],"event_choices":[{"event_name":"Wheel of Change","player_choice":"Gold","floor":4,"damage_taken":0},{"event_name":"Golden Shrine","player_choice":"Desecrate","floor":22,"damage_taken":0}],"boss_relics":[{"not_picked":["Runic Dome","Ectoplasm"],"picked":"White Beast Statue"}],"potions_floor_spawned":[3,10,11,12,16,18,19,20,23,24],"seed_played":"-7092073441057658759","killed_by":"Slavers","ascension_level":3,"is_trial":false}