{"gold_per_floor":[110,129,103,178,178,178,189,224,272,272,290,302,330,330],"floor_reached":14,"playtime":581,"items_purged":[],"score":90,"play_id":"1cbb5c0d-2df8-4dd5-966b-5128d4957ffe","local_time":"20190319184214","is_ascension_mode":false,"campfire_choices":[{"data":"Backflip","floor":6,"key":"SMITH"},{"floor":10,"key":"REST"}],"neow_cost":"NONE","seed_source_timestamp":348900769324571,"circlet_count":0,"master_deck":["Defend_G","Defend_G","Defend_G","Defend_G","Defend_G+1","Strike_G","Strike_G","Strike_G","Strike_G","Strike_G","Survivor","Neutralize","Backflip+1","Deflect","Footwork","Bouncing Flask+1","Die Die Die","Cloak And Dagger","Accuracy"],"relics":["Ring of the Snake","NeowsBlessing","Oddly Smooth Stone","War Paint","Odd Mushroom"],"potions_floor_usage":[],"damage_taken":[{"damage":0,"enemies":"Cultist","floor":1,"turns":1},{"damage":0,"enemies":"Jaw Worm","floor":2,"turns":1},{"damage":0,"enemies":"2 Louse","floor":7,"turns":1},{"damage":58,"enemies":"Gremlin Nob","floor":8,"turns":7},{"damage":2,"enemies":"2 Fungi Beasts","floor":11,"turns":4},{"damage":6,"enemies":"Exordium Thugs","floor":12,"turns":4},{"damage":10,"enemies":"The Mushroom Lair","floor":13,"turns":5},{"damage":6,"enemies":"Exordium Wildlife","floor":14,"turns":5}],"seed_played":"2702378067570910302","potions_obtained":[{"floor":2,"key":"Swift Potion"},{"floor":11,"key":"Ancient Potion"},{"floor":12,"key":"Fire Potion"}],"is_trial":false,"path_per_floor":["M","M","$","?","?","R","M","E","T","R","M","M","?","M"],"character_chosen":"THE_SILENT","items_purchased":["Deflect"],"campfire_rested":1,"item_purchase_floors":[3],"current_hp_per_floor":[70,70,70,59,59,59,59,1,1,22,20,14,4,0],"gold":330,"neow_bonus":"THREE_ENEMY_KILL","is_prod":false,"is_daily":false,"chose_seed":false,"campfire_upgraded":1,"win_rate":0,"timestamp":1552981334,"path_taken":["M","M","?","?","?","R","M","E","T","R","M","M","?","M"],"build_version":"2019-01-23","purchased_purges":0,"victory":false,"max_hp_per_floor":[70,70,70,70,70,70,70,70,70,70,70,70,70,70],"card_choices":[{"not_picked":["Dagger Spray","Prepared"],"picked":"Backflip","floor":1},{"not_picked":["Endless Agony","Backflip","Poisoned Stab"],"picked":"SKIP","floor":2},{"not_picked":["Prepared","PiercingWail"],"picked":"Footwork","floor":7},{"not_picked":["PiercingWail","Deadly Poison"],"picked":"Bouncing Flask","floor":8},{"not_picked":["Dagger Spray","PiercingWail"],"picked":"Die Die Die","floor":11},{"not_picked":["Backflip","Distraction"],"picked":"Cloak And Dagger","floor":12},{"not_picked":["Outmaneuver","Flying Knee"],"picked":"Accuracy","floor":13}],"player_experience":242378,"relics_obtained":[{"floor":8,"key":"Oddly Smooth Stone"},{"floor":9,"key":"War Paint"},{"floor":13,"key":"Odd Mushroom"}],"event_choices":[{"damage_healed":0,"gold_gain":75,"player_choice":"Gather Gold","damage_taken":11,"max_hp_gain":0,"max_hp_loss":0,"event_name":"World of Goop","floor":4,"gold_loss":0},{"damage_healed":0,"gold_gain":0,"player_choice":"Leave","damage_taken":0,"max_hp_gain":0,"max_hp_loss":0,"event_name":"The Cleric","floor":5,"gold_loss":0},{"damage_healed":0,"gold_gain":0,"player_choice":"Fought Mushrooms","damage_taken":0,"max_hp_gain":0,"max_hp_loss":0,"event_name":"Mushrooms","floor":13,"gold_loss":0}],"is_beta":false,"boss_relics":[],"items_purged_floors":[],"is_endless":false,"potions_floor_spawned":[2,11,12],"killed_by":"Exordium Wildlife","ascension_level":0}