{"gold_per_floor":[114,114,130,145,145,145,173,173,241,260,271,290,4,0,0,0],"floor_reached":16,"playtime":400,"items_purged":[],"score":158,"play_id":"c07fbecf-8707-44a8-8bd3-dd56c3569ebf","local_time":"20190623173215","is_ascension_mode":true,"campfire_choices":[{"data":"Bash","floor":6,"key":"SMITH"},{"data":"Metallicize","floor":15,"key":"SMITH"}],"neow_cost":"NONE","seed_source_timestamp":864503869929747,"circlet_count":0,"master_deck":["AscendersBane","Strike_R","Strike_R","Strike_R","Strike_R","Strike_R","Defend_R","Defend_R","Defend_R","Defend_R","Bash+1","Cleave","Twin Strike","Cleave","Metallicize+1","Burning Pact","Intimidate","Feed","Metallicize"],"relics":["Burning Blood","Bag of Preparation","Blue Candle","Mercury Hourglass","Bottled Flame","Matryoshka"],"potions_floor_usage":[2,16,16,16],"damage_taken":[{"damage":6,"enemies":"Cultist","floor":1,"turns":4},{"damage":0,"enemies":"Small Slimes","floor":3,"turns":3},{"damage":12,"enemies":"Jaw Worm","floor":4,"turns":2},{"damage":32,"enemies":"Gremlin Nob","floor":7,"turns":4},{"damage":13,"enemies":"Red Slaver","floor":10,"turns":3},{"damage":14,"enemies":"Looter","floor":11,"turns":3},{"damage":0,"enemies":"2 Fungi Beasts","floor":12,"turns":2},{"damage":45,"enemies":"Hexaghost","floor":16,"turns":10}],"seed_played":"6803053481529932480","potions_obtained":[{"floor":2,"key":"Fruit Juice"},{"floor":2,"key":"Dexterity Potion"},{"floor":2,"key":"EntropicBrew"},{"floor":12,"key":"Ancient Potion"}],"is_trial":false,"path_per_floor":["M","?","M","M","?","R","E","T","T","M","M","M","$","?","R","B"],"character_chosen":"IRONCLAD","items_purchased":["Metallicize","Matryoshka"],"campfire_rested":0,"item_purchase_floors":[13,13],"current_hp_per_floor":[72,77,83,77,77,77,51,51,51,44,36,42,42,42,42,0],"gold":0,"neow_bonus":"RANDOM_COMMON_RELIC","is_prod":false,"is_daily":false,"chose_seed":false,"campfire_upgraded":2,"win_rate":0,"timestamp":1561275135,"path_taken":["M","?","?","M","?","R","E","?","T","?","M","M","$","?","R","BOSS"],"build_version":"2019-01-23","purchased_purges":0,"victory":false,"max_hp_per_floor":[80,85,85,85,85,85,85,85,85,85,85,85,85,85,85,85],"card_choices":[{"not_picked":["Wild Strike","Sword Boomerang"],"picked":"Cleave","floor":1},{"not_picked":["Second Wind","Wild Strike"],"picked":"Twin Strike","floor":3},{"not_picked":["Thunderclap","Iron Wave"],"picked":"Cleave","floor":4},{"not_picked":["True Grit","Inflame"],"picked":"Metallicize","floor":7},{"not_picked":["Flex","Pommel Strike"],"picked":"Burning Pact","floor":10},{"not_picked":["Body Slam","Wild Strike"],"picked":"Intimidate","floor":11},{"not_picked":["Headbutt","Pommel Strike"],"picked":"Feed","floor":12}],"player_experience":499257,"relics_obtained":[{"floor":7,"key":"Blue Candle"},{"floor":8,"key":"Mercury Hourglass"},{"floor":9,"key":"Bottled Flame"}],"event_choices":[{"damage_healed":0,"gold_gain":0,"player_choice":"Got Potions","damage_taken":0,"max_hp_gain":0,"max_hp_loss":0,"event_name":"Lab","floor":2,"gold_loss":0},{"damage_healed":0,"gold_gain":0,"player_choice":"Ignored","damage_taken":0,"max_hp_gain":0,"max_hp_loss":0,"event_name":"Golden Wing","floor":5,"gold_loss":0},{"damage_healed":0,"gold_gain":0,"player_choice":"Left Gold","damage_taken":0,"max_hp_gain":0,"max_hp_loss":0,"event_name":"World of Goop","floor":14,"gold_loss":4}],"is_beta":false,"boss_relics":[],"items_purged_floors":[],"is_endless":false,"potions_floor_spawned":[10,11,12],"killed_by":"Hexaghost","ascension_level":11}