{"gold_per_floor":[112,112,124,2,2,12,12,30,30,30,30,30,44,44,44,144,144,157,157,175,75,94,94,108,108,108,125,143,242,256,276,276,276],"floor_reached":33,"playtime":3903,"items_purged":["Regret","Pain"],"score":241,"play_id":"45995c7a-5876-4bf4-99c2-74840c418564","local_time":"20190429151934","is_ascension_mode":false,"campfire_choices":[{"data":"Dagger Spray","floor":7,"key":"SMITH"},{"data":"Deflect","floor":10,"key":"SMITH"},{"data":"Blade Dance","floor":12,"key":"SMITH"},{"floor":15,"key":"REST"},{"floor":23,"key":"REST"},{"floor":32,"key":"REST"}],"neow_cost":"NONE","seed_source_timestamp":2986293776063,"circlet_count":0,"master_deck":["Defend_G","Defend_G","Defend_G","Defend_G","Strike_G","Strike_G","Strike_G","Survivor","Neutralize","Blade Dance+1","Cloak And Dagger","Dagger Spray+1","Deflect+1","Bullet Time","Venomology+1","Dash+1","Setup+1","Dagger Throw+1","Flying Knee","Escape Plan","Dagger Spray+1","Slice","Die Die Die"],"relics":["Ring of the Snake","Art of War","Strawberry","WarpedTongs","Meat on the Bone","Astrolabe","Ornamental Fan"],"potions_floor_usage":[16,16,16,18,22,22,24,27,27,28,30,31,33,33,33],"damage_taken":[{"damage":0,"enemies":"Cultist","floor":1,"turns":4},{"damage":2,"enemies":"Small Slimes","floor":3,"turns":3},{"damage":2,"enemies":"2 Louse","floor":6,"turns":2},{"damage":17,"enemies":"Large Slime","floor":8,"turns":7},{"damage":14,"enemies":"Exordium Wildlife","floor":13,"turns":4},{"damage":64,"enemies":"The Guardian","floor":16,"turns":18},{"damage":20,"enemies":"Chosen","floor":18,"turns":7},{"damage":3,"enemies":"2 Thieves","floor":20,"turns":4},{"damage":15,"enemies":"Snake Plant","floor":22,"turns":6},{"damage":3,"enemies":"Centurion and Healer","floor":24,"turns":8},{"damage":2,"enemies":"Snecko","floor":27,"turns":6},{"damage":26,"enemies":"Snake Plant","floor":28,"turns":5},{"damage":1,"enemies":"Cultist and Chosen","floor":30,"turns":6},{"damage":3,"enemies":"Centurion and Healer","floor":31,"turns":9},{"damage":63,"enemies":"Champ","floor":33,"turns":11}],"seed_played":"3469682111227429514","potions_obtained":[{"floor":1,"key":"Block Potion"},{"floor":6,"key":"GhostInAJar"},{"floor":8,"key":"Weak Potion"},{"floor":16,"key":"EssenceOfSteel"},{"floor":22,"key":"GhostInAJar"},{"floor":27,"key":"LiquidBronze"},{"floor":28,"key":"AttackPotion"},{"floor":30,"key":"Block Potion"}],"is_trial":false,"path_per_floor":["M","?","M","$","?","M","R","M","T","R","?","R","M","$","R","B",null,"M","?","M","$","M","R","M","?","T","M","M","?","M","M","R","B"],"character_chosen":"THE_SILENT","items_purchased":["Dagger Spray"],"campfire_rested":3,"item_purchase_floors":[4],"current_hp_per_floor":[70,77,75,75,75,73,73,56,56,56,56,56,42,42,65,13,77,57,57,54,54,39,62,59,59,59,57,43,43,42,39,62,0],"gold":276,"neow_bonus":"RANDOM_COMMON_RELIC","is_prod":false,"is_daily":false,"chose_seed":false,"campfire_upgraded":3,"win_rate":0.0,"timestamp":1556565574,"path_taken":["M","?","M","$","?","M","R","?","T","R","?","R","M","$","R","BOSS","M","?","M","$","M","R","M","?","T","M","M","?","?","M","R","BOSS"],"build_version":"2019-01-23","purchased_purges":2,"victory":false,"max_hp_per_floor":[70,77,77,77,77,77,77,77,77,77,77,77,77,77,77,77,77,77,77,77,77,77,77,77,77,77,77,77,77,77,77,77,77],"card_choices":[{"not_picked":["Escape Plan","PiercingWail"],"picked":"Blade Dance","floor":1},{"not_picked":["Accuracy","Deflect"],"picked":"Cloak And Dagger","floor":3},{"not_picked":["Bane","Noxious Fumes","Footwork"],"picked":"SKIP","floor":6},{"not_picked":["Quick Slash","Eviscerate"],"picked":"Deflect","floor":8},{"not_picked":["Catalyst","Backflip","Predator"],"picked":"SKIP","floor":13},{"not_picked":["Phantasmal Killer","Wraith Form v2"],"picked":"Bullet Time","floor":16},{"not_picked":["Outmaneuver","Calculated Gamble"],"picked":"Dagger Throw+1","floor":18},{"not_picked":["PiercingWail","Flying Knee+1","Quick Slash"],"picked":"SKIP","floor":20},{"not_picked":["Underhanded Strike","Setup"],"picked":"Escape Plan","floor":22},{"not_picked":["Underhanded Strike+1","Wraith Form v2","Noxious Fumes"],"picked":"SKIP","floor":24},{"not_picked":["Skewer","Dagger Throw"],"picked":"Dagger Spray+1","floor":27},{"not_picked":["Eviscerate","Deadly Poison"],"picked":"Slice","floor":28},{"not_picked":["Acrobatics","Infinite Blades","Blade Dance"],"picked":"SKIP","floor":30},{"not_picked":["Underhanded Strike","Dagger Spray"],"picked":"Die Die Die","floor":31}],"player_experience":128409,"relics_obtained":[{"floor":9,"key":"Meat on the Bone"},{"floor":26,"key":"Ornamental Fan"}],"event_choices":[{"damage_healed":0,"gold_gain":0,"player_choice":"Box","damage_taken":0,"relics_obtained":["Strawberry"],"max_hp_gain":0,"max_hp_loss":0,"event_name":"Big Fish","floor":2,"gold_loss":0,"cards_obtained":["Regret"]},{"damage_healed":0,"gold_gain":0,"player_choice":"Rummage","damage_taken":0,"relics_obtained":["WarpedTongs"],"max_hp_gain":0,"max_hp_loss":0,"event_name":"Accursed Blacksmith","floor":5,"gold_loss":0,"cards_obtained":["Pain"]},{"damage_healed":0,"gold_gain":0,"player_choice":"Leave","damage_taken":0,"max_hp_gain":0,"max_hp_loss":0,"event_name":"The Cleric","floor":11,"gold_loss":0},{"damage_healed":0,"gold_gain":0,"player_choice":"Read","damage_taken":0,"max_hp_gain":0,"max_hp_loss":0,"event_name":"The Library","floor":19,"gold_loss":0,"cards_obtained":["Flying Knee"]},{"damage_healed":0,"gold_gain":0,"player_choice":"Ignored","damage_taken":0,"max_hp_gain":0,"max_hp_loss":0,"event_name":"Ghosts","floor":25,"gold_loss":0},{"damage_healed":0,"gold_gain":99,"player_choice":"Stole From Cult","damage_taken":0,"max_hp_gain":0,"max_hp_loss":0,"event_name":"Nest","floor":29,"gold_loss":0}],"is_beta":false,"boss_relics":[{"not_picked":["WristBlade","Black Star"],"picked":"Astrolabe"}],"items_purged_floors":[4,21],"is_endless":false,"potions_floor_spawned":[1,6,8,16,22,27,28,30],"killed_by":"Champ","ascension_level":0}