{"gold_per_floor":[116,116,133,144,35,35,66,82,82,114,130,141,159,178,178,276,276,259,259,259,259,271,271],"floor_reached":23,"playtime":1946,"items_purged":["Pain"],"score":277,"play_id":"f2652d40-3294-4da9-af71-95fdf7543d9b","local_time":"20190621003501","is_ascension_mode":true,"campfire_choices":[{"data":"Neutralize","floor":6.0,"key":"SMITH"},{"floor":15.0,"key":"REST"}],"neow_cost":"NONE","seed_source_timestamp":0,"circlet_count":0,"master_deck":["Defend_G","Defend_G","Defend_G","Defend_G","Defend_G","Strike_G","Strike_G","Strike_G","Survivor","Neutralize+1","Dagger Spray","Slice","Terror","Choke","Cloak And Dagger","Footwork","Well Laid Plans","Dodge and Roll","Backflip","Blur","Malaise","Dagger Spray","Storm of Steel","Calculated Gamble","Crippling Poison"],"special_seed":0,"relics":["Ring of the Snake","NeowsBlessing","WarpedTongs","Smiling Mask","Ninja Scroll","StoneCalendar","Philosopher\u0027s Stone"],"potions_floor_usage":[16,16,23,23],"damage_taken":[{"damage":0.0,"enemies":"Jaw Worm","floor":1.0,"turns":1.0},{"damage":1.0,"enemies":"Cultist","floor":3.0,"turns":1.0},{"damage":0.0,"enemies":"2 Louse","floor":4.0,"turns":1.0},{"damage":25.0,"enemies":"Gremlin Nob","floor":7.0,"turns":4.0},{"damage":3.0,"enemies":"Looter","floor":8.0,"turns":3.0},{"damage":1.0,"enemies":"Lagavulin","floor":10.0,"turns":5.0},{"damage":11.0,"enemies":"Exordium Wildlife","floor":11.0,"turns":4.0},{"damage":2.0,"enemies":"Red Slaver","floor":12.0,"turns":3.0},{"damage":0.0,"enemies":"2 Fungi Beasts","floor":13.0,"turns":2.0},{"damage":1.0,"enemies":"Looter","floor":14.0,"turns":3.0},{"damage":15,"enemies":"Slime Boss","floor":16,"turns":7},{"damage":12,"enemies":"2 Thieves","floor":18,"turns":4},{"damage":3,"enemies":"Shell Parasite","floor":22,"turns":5},{"damage":45,"enemies":"Gremlin Leader","floor":23,"turns":6}],"seed_played":"1219556203884342280","potions_obtained":[{"floor":7.0,"key":"GamblersBrew"},{"floor":8.0,"key":"Weak Potion"},{"floor":11.0,"key":"AttackPotion"},{"floor":18,"key":"Block Potion"},{"floor":22,"key":"Fire Potion"}],"is_trial":false,"path_per_floor":["M","?","M","M","$","R","E","M","T","E","M","M","M","M","R","B",null,"M","?","?","?","M","E"],"character_chosen":"THE_SILENT","items_purchased":["Choke"],"campfire_rested":1,"item_purchase_floors":[5],"current_hp_per_floor":[63,63,62,62,62,62,37,34,34,33,22,20,20,19,40,25,59,47,47,47,47,44,0],"gold":271,"neow_bonus":"THREE_ENEMY_KILL","is_prod":false,"is_daily":false,"chose_seed":false,"campfire_upgraded":1,"win_rate":0,"timestamp":1561091701,"path_taken":["M","?","?","M","$","R","E","M","T","E","M","M","M","M","R","BOSS","M","?","?","?","?","E"],"build_version":"2019-01-23","purchased_purges":1,"victory":false,"max_hp_per_floor":[70,70,70,70,70,70,70,70,70,70,70,70,70,70,70,70,70,70,70,70,70,70,70],"card_choices":[{"not_picked":["Flying Knee","Accuracy"],"picked":"Dagger Spray","floor":1.0},{"not_picked":["Reflex","Prepared"],"picked":"Slice","floor":3.0},{"not_picked":["Expertise","Acrobatics"],"picked":"Terror","floor":4.0},{"not_picked":["Quick Slash","Acrobatics"],"picked":"Cloak And Dagger","floor":7.0},{"not_picked":["Choke","Night Terror"],"picked":"Footwork","floor":8.0},{"not_picked":["Flying Knee","Backflip"],"picked":"Well Laid Plans","floor":10.0},{"not_picked":["Acrobatics","Sucker Punch"],"picked":"Dodge and Roll","floor":11.0},{"not_picked":["Blade Dance","Acrobatics"],"picked":"Backflip","floor":12.0},{"not_picked":["Underhanded Strike","Skewer","Bouncing Flask"],"picked":"SKIP","floor":13.0},{"not_picked":["Leg Sweep","Dagger Throw"],"picked":"Blur","floor":14.0},{"not_picked":["Die Die Die","Night Terror"],"picked":"Malaise","floor":16},{"not_picked":["Deadly Poison","Flying Knee"],"picked":"Dagger Spray","floor":18},{"not_picked":["Outmaneuver","Skewer","Sucker Punch+1"],"picked":"SKIP","floor":22}],"player_experience":360774,"relics_obtained":[{"floor":7.0,"key":"Smiling Mask"},{"floor":9.0,"key":"Ninja Scroll"},{"floor":10.0,"key":"StoneCalendar"}],"event_choices":[{"damage_healed":0.0,"max_hp_gain":0.0,"max_hp_loss":0.0,"gold_gain":0.0,"event_name":"Accursed Blacksmith","player_choice":"Rummage","floor":2.0,"gold_loss":0.0,"damage_taken":0.0,"relics_obtained":["WarpedTongs"],"cards_obtained":["Pain"]},{"damage_healed":0,"gold_gain":0,"cards_transformed":["Strike_G","Strike_G"],"player_choice":"Became Test Subject","damage_taken":0,"max_hp_gain":0,"max_hp_loss":0,"event_name":"Drug Dealer","floor":19,"gold_loss":0,"cards_obtained":["Storm of Steel","Calculated Gamble"]},{"damage_healed":0,"gold_gain":0,"player_choice":"Read","damage_taken":0,"max_hp_gain":0,"max_hp_loss":0,"event_name":"The Library","floor":20,"gold_loss":0,"cards_obtained":["Crippling Poison"]},{"damage_healed":0,"gold_gain":0,"player_choice":"Ignored","damage_taken":0,"max_hp_gain":0,"max_hp_loss":0,"event_name":"Ghosts","floor":21,"gold_loss":0}],"is_beta":false,"boss_relics":[{"not_picked":["Calling Bell","Black Star"],"picked":"Philosopher\u0027s Stone"}],"items_purged_floors":[5],"is_endless":false,"potions_floor_spawned":[7,8,11,12,13,18,22],"killed_by":"Gremlin Leader","ascension_level":7}