{"gold_per_floor":[115,115,126,140,140,174,186,198,263,298,351,363,394,37,37,37],"floor_reached":16,"playtime":718,"items_purged":["Injury"],"score":121,"play_id":"0e90d38c-c549-43c3-ba65-03c64461fc9b","local_time":"20190130213012","is_ascension_mode":true,"campfire_choices":[{"data":"Infernal Blade","floor":7,"key":"SMITH"},{"data":"Infernal Blade","floor":12,"key":"SMITH"},{"floor":15,"key":"REST"}],"neow_cost":"NONE","seed_source_timestamp":1735812370812802,"circlet_count":0,"master_deck":["Strike_R","Strike_R","Strike_R","Strike_R","Strike_R","Defend_R","Defend_R","Defend_R","Defend_R","Bash","Infernal Blade+1","Infernal Blade+1","Perfected Strike","Infernal Blade"],"relics":["Burning Blood","MawBank","Golden Idol","Pen Nib","Dead Branch","Red Skull","Dream Catcher"],"potions_floor_usage":[16,16],"damage_taken":[{"damage":6,"enemies":"Cultist","floor":1,"turns":3},{"damage":6,"enemies":"Small Slimes","floor":3,"turns":2},{"damage":9,"enemies":"Jaw Worm","floor":4,"turns":2},{"damage":20,"enemies":"Gremlin Nob","floor":6,"turns":4},{"damage":17,"enemies":"Looter","floor":10,"turns":4},{"damage":31,"enemies":"3 Sentries","floor":11,"turns":5},{"damage":13,"enemies":"Gremlin Gang","floor":13,"turns":4},{"damage":45,"enemies":"Hexaghost","floor":16,"turns":10}],"seed_played":"-1910805181018587586","potions_obtained":[{"floor":10,"key":"SpeedPotion"},{"floor":11,"key":"EssenceOfSteel"}],"is_trial":false,"path_per_floor":["M","?","M","M","?","E","R","?","T","M","E","R","M","$","R","B"],"character_chosen":"IRONCLAD","items_purchased":["Red Skull","Dream Catcher"],"campfire_rested":1,"item_purchase_floors":[14,14],"current_hp_per_floor":[80,80,80,77,77,63,63,63,63,52,27,27,20,20,44,0],"gold":37,"neow_bonus":"THREE_CARDS","is_prod":false,"is_daily":false,"chose_seed":false,"campfire_upgraded":2,"win_rate":0,"timestamp":1548844212,"path_taken":["M","?","M","M","?","E","R","?","T","M","E","R","M","?","R","BOSS"],"build_version":"2019-01-23","purchased_purges":1,"victory":false,"max_hp_per_floor":[80,80,80,80,80,80,80,80,80,80,80,80,80,80,80,80],"card_choices":[{"not_picked":["Ghostly Armor","Shrug It Off"],"picked":"Infernal Blade","floor":0},{"not_picked":["Anger","Wild Strike","Armaments"],"picked":"SKIP","floor":1},{"not_picked":["Pommel Strike","Anger"],"picked":"Infernal Blade","floor":3},{"not_picked":["Flex","Body Slam","Headbutt"],"picked":"SKIP","floor":4},{"not_picked":["Heavy Blade","Corruption","Warcry"],"picked":"SKIP","floor":6},{"not_picked":["Anger","Hemokinesis"],"picked":"Perfected Strike","floor":10},{"not_picked":["Pommel Strike","Battle Trance","Armaments"],"picked":"SKIP","floor":11},{"not_picked":["Offering","Hemokinesis","Disarm"],"picked":"SKIP","floor":13},{"not_picked":["Twin Strike","Wild Strike"],"picked":"Infernal Blade","floor":15}],"player_experience":116879,"relics_obtained":[{"floor":6,"key":"MawBank"},{"floor":9,"key":"Pen Nib"},{"floor":11,"key":"Dead Branch"}],"event_choices":[{"damage_healed":0,"gold_gain":0,"player_choice":"Ignored","damage_taken":0,"max_hp_gain":0,"max_hp_loss":0,"event_name":"Golden Wing","floor":2,"gold_loss":0},{"damage_healed":0,"gold_gain":0,"player_choice":"Ignored","damage_taken":0,"max_hp_gain":0,"max_hp_loss":0,"event_name":"Liars Game","floor":5,"gold_loss":0},{"damage_healed":0,"gold_gain":0,"player_choice":"Take Wound","damage_taken":0,"relics_obtained":["Golden Idol"],"max_hp_gain":0,"max_hp_loss":0,"event_name":"Golden Idol","floor":8,"gold_loss":0,"cards_obtained":["Injury"]}],"is_beta":false,"boss_relics":[],"items_purged_floors":[14],"is_endless":false,"potions_floor_spawned":[10,11],"killed_by":"Hexaghost","ascension_level":2}