{"gold_per_floor":[112,39,39,39,51,83,152,152,179,179,191,223,270,298,310,422,434,462,474,585,597,609,621,665,677,689,701,739,764,776,788],"floor_reached":31,"playtime":1050,"items_purged":[],"score":317,"play_id":"089d3e27-1685-407b-be06-cf41fa6f4292","local_time":"20190330145439","is_ascension_mode":true,"campfire_choices":[{"data":"Loop","floor":8,"key":"SMITH"},{"floor":15,"key":"REST"},{"data":"Ball Lightning","floor":23,"key":"SMITH"},{"floor":25,"key":"REST"},{"floor":27,"key":"REST"}],"neow_cost":"NONE","seed_source_timestamp":763012121649194,"circlet_count":0,"master_deck":["Strike_B","Strike_B","Strike_B","Strike_B","Defend_B+1","Defend_B+1","Defend_B","Defend_B","Zap+1","Dualcast+1","Melter","Capacitor+1","Loop+1","Sweeping Beam","Loop","Core Surge","Writhe","Ball Lightning+1","Conserve Battery","Coolheaded+1"],"relics":["Cracked Core","NeowsBlessing","Sundial","PreservedInsect","MawBank","Juzu Bracelet","Sozu","Dodecahedron","War Paint","Bag of Preparation"],"potions_floor_usage":[31],"damage_taken":[{"damage":0,"enemies":"Jaw Worm","floor":1,"turns":1},{"damage":0,"enemies":"Small Slimes","floor":5,"turns":1},{"damage":0,"enemies":"Lagavulin","floor":6,"turns":1},{"damage":1,"enemies":"2 Louse","floor":12,"turns":3},{"damage":18,"enemies":"3 Sentries","floor":13,"turns":5},{"damage":9,"enemies":"2 Fungi Beasts","floor":14,"turns":3},{"damage":35,"enemies":"Slime Boss","floor":16,"turns":7},{"damage":15,"enemies":"Chosen","floor":18,"turns":5},{"damage":29,"enemies":"Gremlin Leader","floor":24,"turns":4},{"damage":31,"enemies":"Slavers","floor":28,"turns":5},{"damage":25,"enemies":"3 Byrds","floor":29,"turns":5},{"damage":20,"enemies":"Gremlin Leader","floor":31,"turns":2}],"seed_played":"-1384238147866389361","potions_obtained":[{"floor":6,"key":"Block Potion"},{"floor":12,"key":"Energy Potion"},{"floor":13,"key":"AttackPotion"}],"is_trial":false,"path_per_floor":["M","$","?","$","M","E","?","R","T","T","?","M","E","M","R","B",null,"M","?","?","?","?","R","E","R","T","R","E","M","?","E"],"character_chosen":"DEFECT","items_purchased":["Melter"],"campfire_rested":3,"item_purchase_floors":[2],"current_hp_per_floor":[75,75,75,75,75,75,75,75,75,75,60,59,41,32,54,19,75,60,60,60,60,60,60,31,53,53,75,44,19,19,0],"gold":788,"neow_bonus":"THREE_ENEMY_KILL","is_prod":false,"is_daily":false,"chose_seed":false,"campfire_upgraded":2,"win_rate":0,"timestamp":1553918079,"path_taken":["M","$","?","$","M","E","?","R","T","?","?","M","E","M","R","BOSS","M","?","?","?","?","R","E","R","T","R","E","M","?","E"],"build_version":"2019-01-23","purchased_purges":0,"victory":false,"max_hp_per_floor":[75,75,75,75,75,75,75,75,75,75,75,75,75,75,75,75,75,75,75,75,75,75,75,75,75,75,75,75,75,75,75],"card_choices":[{"not_picked":["Gash","Steam Power","Steam"],"picked":"SKIP","floor":1},{"not_picked":["Sunder","Darkness"],"picked":"Capacitor","floor":5},{"not_picked":["Biased Cognition","Multi-Cast"],"picked":"Loop","floor":6},{"not_picked":["Stack","Streamline","Double Energy"],"picked":"SKIP","floor":12},{"not_picked":["Rebound","Melter"],"picked":"Sweeping Beam","floor":13},{"not_picked":["Cold Snap","Stack"],"picked":"Loop","floor":14},{"not_picked":["Biased Cognition","Seek"],"picked":"Core Surge","floor":16},{"not_picked":["Barrage","Lockon","Streamline"],"picked":"SKIP","floor":18},{"not_picked":["Glacier","Streamline"],"picked":"Conserve Battery","floor":24},{"not_picked":["Fusion","Stack","Multi-Cast"],"picked":"SKIP","floor":28},{"not_picked":["Redo+1","Skim"],"picked":"Coolheaded+1","floor":29}],"player_experience":289188,"relics_obtained":[{"floor":6,"key":"Sundial"},{"floor":9,"key":"PreservedInsect"},{"floor":10,"key":"MawBank"},{"floor":13,"key":"Juzu Bracelet"},{"floor":24,"key":"War Paint"},{"floor":28,"key":"Bag of Preparation"}],"event_choices":[{"damage_healed":0,"gold_gain":0,"player_choice":"Grow","damage_taken":0,"max_hp_gain":0,"max_hp_loss":0,"event_name":"Living Wall","floor":3,"gold_loss":0,"cards_upgraded":["Zap"]},{"damage_healed":0,"gold_gain":69,"player_choice":"Gained Gold","damage_taken":0,"max_hp_gain":0,"max_hp_loss":0,"event_name":"Golden Wing","floor":7,"gold_loss":0},{"damage_healed":0,"gold_gain":0,"player_choice":"Entered Light","damage_taken":15,"max_hp_gain":0,"max_hp_loss":0,"event_name":"Shining Light","floor":11,"gold_loss":0,"cards_upgraded":["Capacitor","Defend_B"]},{"damage_healed":0,"gold_gain":0,"player_choice":"Ignored","damage_taken":0,"max_hp_gain":0,"max_hp_loss":0,"event_name":"Vampires","floor":19,"gold_loss":0},{"damage_healed":0,"gold_gain":99,"player_choice":"Stole From Cult","damage_taken":0,"max_hp_gain":0,"max_hp_loss":0,"event_name":"Nest","floor":20,"gold_loss":0},{"damage_healed":0,"gold_gain":0,"player_choice":"Opened","damage_taken":0,"relics_obtained":["Dodecahedron"],"max_hp_gain":0,"max_hp_loss":0,"event_name":"The Mausoleum","floor":21,"gold_loss":0,"cards_obtained":["Writhe"]},{"damage_healed":0,"gold_gain":0,"player_choice":"Read","damage_taken":0,"max_hp_gain":0,"max_hp_loss":0,"event_name":"The Library","floor":22,"gold_loss":0,"cards_obtained":["Ball Lightning"]},{"damage_healed":0,"gold_gain":0,"player_choice":"Ignored","damage_taken":0,"max_hp_gain":0,"max_hp_loss":0,"event_name":"Ghosts","floor":30,"gold_loss":0}],"is_beta":false,"boss_relics":[{"not_picked":["Velvet Choker","Coffee Dripper"],"picked":"Sozu"}],"items_purged_floors":[],"is_endless":false,"potions_floor_spawned":[6,12,13,18],"killed_by":"Gremlin Leader","ascension_level":1}