{"gold_per_floor":[167,183,194,11,25,25,53,3,74,44,77,77,77,77,77,174,174,186,261,11,26,42,42,67,67,67,95,95,113,113,113,113,214,214,226,226,226,240,240],"floor_reached":39,"playtime":2730,"items_purged":[],"score":549,"play_id":"43d8468e-e848-4713-badb-0116149df0c4","local_time":"20190602022020","is_ascension_mode":true,"campfire_choices":[{"data":"Footwork","floor":6,"key":"SMITH"},{"floor":15,"key":"REST"},{"floor":23,"key":"REST"},{"data":"Flechettes","floor":25,"key":"SMITH"},{"data":"Malaise","floor":28,"key":"SMITH"},{"floor":32,"key":"REST"}],"neow_cost":"NONE","seed_source_timestamp":29936846296348,"circlet_count":0,"master_deck":["Defend_G","Defend_G","Defend_G","Defend_G+1","Strike_G","Strike_G","Survivor","Neutralize","Well Laid Plans","Heel Hook","Flying Knee","Flechettes+1","The Bomb","Footwork+1","Backflip","Blur","Acrobatics","Malaise+1","Catalyst","PiercingWail","Catalyst+1","Cloak And Dagger+1","Bouncing Flask","Venomology","Deadly Poison","Deadly Poison","PiercingWail+1"],"relics":["Tiny House","The Specimen","Matryoshka","Omamori","Cursed Key","Gremlin Horn","Kunai","Juzu Bracelet","StoneCalendar","Prayer Wheel","Vajra","Eternal Feather"],"potions_floor_usage":[7,27,30,38,39],"damage_taken":[{"damage":2,"enemies":"Jaw Worm","floor":1,"turns":5},{"damage":5,"enemies":"Small Slimes","floor":2,"turns":3},{"damage":0,"enemies":"2 Louse","floor":3,"turns":3},{"damage":6,"enemies":"Red Slaver","floor":5,"turns":3},{"damage":21,"enemies":"3 Sentries","floor":7,"turns":6},{"damage":9,"enemies":"Exordium Thugs","floor":10,"turns":5},{"damage":22,"enemies":"Gremlin Nob","floor":11,"turns":4},{"damage":0,"enemies":"Slime Boss","floor":16,"turns":11},{"damage":4,"enemies":"3 Byrds","floor":18,"turns":5},{"damage":11,"enemies":"2 Thieves","floor":21,"turns":4},{"damage":9,"enemies":"Shelled Parasite and Fungi","floor":22,"turns":8},{"damage":16,"enemies":"Gremlin Leader","floor":24,"turns":8},{"damage":9,"enemies":"Book of Stabbing","floor":27,"turns":7},{"damage":0,"enemies":"3 Cultists","floor":29,"turns":4},{"damage":6,"enemies":"Masked Bandits","floor":30,"turns":3},{"damage":6,"enemies":"Automaton","floor":33,"turns":12},{"damage":44,"enemies":"3 Shapes","floor":35,"turns":4},{"damage":13,"enemies":"Orb Walker","floor":38,"turns":5},{"damage":22,"enemies":"Sphere and 2 Shapes","floor":39,"turns":3}],"seed_played":"8866982496885185359","potions_obtained":[{"floor":0,"key":"GhostInAJar"},{"floor":2,"key":"Poison Potion"},{"floor":3,"key":"SmokeBomb"},{"floor":5,"key":"Explosive Potion"},{"floor":7,"key":"GamblersBrew"},{"floor":27,"key":"EssenceOfSteel"}],"is_trial":false,"path_per_floor":["M","M","M","$","M","R","E","?","T","M","E","?","?","?","R","B",null,"M","?","$","M","M","R","E","R","T","E","R","M","?","?","R","B",null,"M","?","?","M","M"],"character_chosen":"THE_SILENT","items_purchased":["The Bomb","Gremlin Horn"],"campfire_rested":3,"item_purchase_floors":[4,20],"current_hp_per_floor":[73,68,68,68,62,62,41,41,41,32,10,10,10,10,32,32,75,71,64,64,53,44,66,50,50,50,41,41,41,35,35,57,51,75,31,31,31,18,0],"gold":240,"neow_bonus":"BOSS_RELIC","is_prod":false,"is_daily":false,"chose_seed":false,"campfire_upgraded":3,"win_rate":0,"timestamp":1559456420,"path_taken":["M","M","M","$","M","R","E","?","T","M","E","?","?","?","R","BOSS","M","?","?","M","M","R","E","R","T","E","R","M","?","?","R","BOSS","M","?","?","M","M"],"build_version":"2019-01-23","purchased_purges":0,"victory":false,"max_hp_per_floor":[75,75,75,75,75,75,75,75,75,75,75,75,75,75,75,75,75,75,75,75,75,75,75,75,75,75,75,75,75,75,75,75,75,75,75,75,75,75,75],"card_choices":[{"not_picked":["Slice","Deflect"],"picked":"Well Laid Plans","floor":0},{"not_picked":["Prepared","Bane"],"picked":"Heel Hook","floor":1},{"not_picked":["Expertise","Cloak And Dagger"],"picked":"Flying Knee","floor":2},{"not_picked":["All Out Attack","Slice"],"picked":"Flechettes","floor":3},{"not_picked":["Finisher","Deadly Poison"],"picked":"Footwork","floor":5},{"not_picked":["Riddle With Holes","Deflect","Quick Slash"],"picked":"SKIP","floor":7},{"not_picked":["Masterful Stab","Malaise"],"picked":"Backflip","floor":10},{"not_picked":["Prepared","Backflip"],"picked":"Blur","floor":11},{"not_picked":["Doppelganger","Die Die Die"],"picked":"Malaise","floor":16},{"not_picked":["Sucker Punch","Slice"],"picked":"Catalyst","floor":18},{"not_picked":["Sucker Punch+1","Acrobatics+1"],"picked":"PiercingWail","floor":21},{"not_picked":["Eviscerate","Predator","Tactician"],"picked":"SKIP","floor":22},{"not_picked":["Blade Dance","Doppelganger"],"picked":"Catalyst+1","floor":24},{"not_picked":["Riddle With Holes+1","Underhanded Strike+1"],"picked":"Cloak And Dagger+1","floor":27},{"not_picked":["Bane","Deflect"],"picked":"Bouncing Flask","floor":29},{"not_picked":["Dagger Spray","Prepared","Flying Knee"],"picked":"SKIP","floor":29},{"not_picked":["A Thousand Cuts","Corpse Explosion"],"picked":"Venomology","floor":33},{"not_picked":["Slice","Quick Slash"],"picked":"Deadly Poison","floor":35},{"not_picked":["Sucker Punch","All Out Attack"],"picked":"Deadly Poison","floor":35},{"not_picked":["Slice","Flechettes+1"],"picked":"PiercingWail+1","floor":38},{"not_picked":["Well Laid Plans+1","Deadly Poison","Sucker Punch+1"],"picked":"SKIP","floor":38}],"player_experience":288966,"relics_obtained":[{"floor":7,"key":"The Specimen"},{"floor":9,"key":"Matryoshka"},{"floor":11,"key":"Omamori"},{"floor":24,"key":"Kunai"},{"floor":26,"key":"Juzu Bracelet"},{"floor":26,"key":"StoneCalendar"},{"floor":27,"key":"Prayer Wheel"}],"event_choices":[{"cards_removed":["Strike_G"],"damage_healed":0,"gold_gain":0,"player_choice":"Card Removal","damage_taken":0,"max_hp_gain":0,"max_hp_loss":0,"event_name":"The Cleric","floor":8,"gold_loss":50},{"damage_healed":0,"gold_gain":0,"player_choice":"Fled","damage_taken":0,"max_hp_gain":0,"max_hp_loss":0,"event_name":"Scrap Ooze","floor":12,"gold_loss":0},{"damage_healed":0,"gold_gain":0,"cards_transformed":["Strike_G"],"player_choice":"Change","damage_taken":0,"max_hp_gain":0,"max_hp_loss":0,"event_name":"Living Wall","floor":13,"gold_loss":0,"cards_obtained":["Acrobatics"]},{"cards_removed":["Strike_G"],"damage_healed":0,"gold_gain":0,"player_choice":"Purged","damage_taken":0,"max_hp_gain":0,"max_hp_loss":0,"event_name":"Purifier","floor":14,"gold_loss":0},{"damage_healed":0,"gold_gain":75,"player_choice":"Touch","damage_taken":7,"max_hp_gain":0,"max_hp_loss":0,"event_name":"FaceTrader","floor":19,"gold_loss":0},{"damage_healed":0,"gold_gain":0,"player_choice":"Fought Bandits","damage_taken":0,"max_hp_gain":0,"max_hp_loss":0,"event_name":"Masked Bandits","floor":30,"gold_loss":0},{"damage_healed":0,"gold_gain":0,"player_choice":"Opened","damage_taken":0,"relics_obtained":["Vajra"],"max_hp_gain":0,"max_hp_loss":0,"event_name":"The Mausoleum","floor":31,"gold_loss":0,"cards_obtained":["Writhe"]},{"damage_healed":0,"gold_gain":0,"player_choice":"Bought 0 Potions","damage_taken":0,"max_hp_gain":0,"max_hp_loss":0,"event_name":"The Woman in Blue","floor":36,"gold_loss":0},{"cards_removed":["Defend_G"],"damage_healed":0,"gold_gain":0,"player_choice":"Removed Skill","damage_taken":0,"max_hp_gain":0,"max_hp_loss":0,"event_name":"Falling","floor":37,"gold_loss":0}],"is_beta":false,"boss_relics":[{"not_picked":["Sozu","Black Star"],"picked":"Cursed Key"},{"not_picked":["Runic Dome","Coffee Dripper"],"picked":"Eternal Feather"}],"items_purged_floors":[],"is_endless":false,"potions_floor_spawned":[2,3,5,7,21,27,30,35],"killed_by":"Sphere and 2 Shapes","ascension_level":3}