{"gold_per_floor":[117,144,144,96,96,96,130,130,130,130,96,96,96,123,123,222,222,238,238,238,81,94,128,128,162,162,162,179,179,179,194,194,293,293,307,307,323,9,23,23,23,50,50,66,66],"floor_reached":45,"playtime":1943,"items_purged":[],"score":605,"play_id":"62bb4004-86e9-4183-959b-f09365dd0c71","local_time":"20190623172524","is_ascension_mode":true,"campfire_choices":[{"data":"Zap","floor":6,"key":"SMITH"},{"floor":8,"key":"REST"},{"data":"Storm","floor":10,"key":"SMITH"},{"floor":15,"key":"REST"},{"floor":24,"key":"REST"},{"floor":32,"key":"REST"},{"floor":40,"key":"REST"}],"neow_cost":"NONE","seed_source_timestamp":862547831975999,"circlet_count":0,"master_deck":["Strike_B","Strike_B","Strike_B+1","Defend_B","Defend_B","Defend_B","Defend_B","Zap+1","Dualcast","Impatience","Storm+1","Stack","Redo","Defragment","Zap","Buffer","Creative AI","Conserve Battery+1","Capacitor","Melter+1","Streamline+1","Leap+1","Undo","Decay","Coolheaded","Ball Lightning","Thunder Strike","Self Repair","Glacier+1","Echo Form","Loop","Madness","Madness","Conserve Battery+1","Hologram+1"],"relics":["Cracked Core","Happy Flower","Juzu Bracelet","Shuriken","Blood Vial","Pen Nib","Snecko Eye","Gremlin Horn","Whetstone","Mummified Hand","Centennial Puzzle","Black Star","Regal Pillow","Bag of Preparation","Orichalcum","Strawberry"],"potions_floor_usage":[25],"damage_taken":[{"damage":0,"enemies":"Cultist","floor":1,"turns":2},{"damage":27,"enemies":"3 Sentries","floor":7,"turns":9},{"damage":27,"enemies":"Lagavulin","floor":14,"turns":5},{"damage":45,"enemies":"Slime Boss","floor":16,"turns":10},{"damage":12,"enemies":"Chosen","floor":18,"turns":4},{"damage":9,"enemies":"Shell Parasite","floor":22,"turns":5},{"damage":10,"enemies":"Gremlin Leader","floor":23,"turns":6},{"damage":46,"enemies":"Book of Stabbing","floor":25,"turns":5},{"damage":2,"enemies":"Cultist and Chosen","floor":28,"turns":4},{"damage":1,"enemies":"Snecko","floor":31,"turns":5},{"damage":72,"enemies":"Collector","floor":33,"turns":8},{"damage":32,"enemies":"3 Darklings","floor":35,"turns":4},{"damage":7,"enemies":"3 Shapes","floor":37,"turns":4},{"damage":24,"enemies":"Jaw Worm Horde","floor":39,"turns":3},{"damage":41,"enemies":"Reptomancer","floor":42,"turns":5},{"damage":15,"enemies":"Maw","floor":44,"turns":5},{"damage":22,"enemies":"3 Darklings","floor":45,"turns":2}],"seed_played":"-5529521781345308187","potions_obtained":[{"floor":14,"key":"Energy Potion"},{"floor":16,"key":"Strength Potion"},{"floor":20,"key":"LiquidBronze"},{"floor":25,"key":"SteroidPotion"},{"floor":37,"key":"Regen Potion"},{"floor":39,"key":"FocusPotion"}],"is_trial":false,"path_per_floor":["M","T","?","$","?","R","E","R","T","R","$","?","?","E","R","B",null,"M","?","?","$","M","E","R","E","T","?","M","?","?","M","R","B",null,"M","?","M","$","M","R","?","E","T","M","M"],"character_chosen":"DEFECT","items_purchased":["Stack","Defragment","Capacitor","Melter","Regal Pillow","Echo Form"],"campfire_rested":5,"item_purchase_floors":[4,11,21,21,38,38],"current_hp_per_floor":[75,75,75,75,63,63,36,58,58,58,58,58,58,33,55,12,75,63,63,63,63,56,48,70,26,26,26,26,51,51,52,74,3,75,43,43,38,38,23,60,51,19,26,20,0],"gold":66,"neow_bonus":"RANDOM_COLORLESS","is_prod":false,"is_daily":false,"chose_seed":false,"campfire_upgraded":2,"win_rate":0,"timestamp":1561274724,"path_taken":["M","?","?","?","?","R","E","R","T","R","$","?","?","E","R","BOSS","M","?","?","$","M","E","R","E","T","?","M","?","?","M","R","BOSS","M","?","M","$","M","R","?","E","T","M","M"],"build_version":"2019-01-23","purchased_purges":0,"victory":false,"max_hp_per_floor":[75,75,75,75,75,75,75,75,75,75,75,75,75,75,75,75,75,75,75,75,75,75,75,75,75,75,75,75,75,75,75,75,75,75,75,75,75,75,75,75,75,75,82,82,82],"card_choices":[{"not_picked":["Ball Lightning","Consume"],"picked":"Storm","floor":1},{"not_picked":["Barrage","Blizzard"],"picked":"Redo","floor":7},{"not_picked":["FTL","Beam Cell"],"picked":"Buffer","floor":14},{"not_picked":["Hyperbeam","All For One"],"picked":"Creative AI","floor":16},{"not_picked":["Steam","FTL"],"picked":"Conserve Battery+1","floor":18},{"not_picked":["Genetic Algorithm","Leap"],"picked":"Streamline+1","floor":22},{"not_picked":["Beam Cell+1","Reboot"],"picked":"Leap+1","floor":23},{"not_picked":["Streamline","Ball Lightning"],"picked":"Undo","floor":25},{"not_picked":["Hologram","Redo"],"picked":"Coolheaded","floor":28},{"not_picked":["Turbo+1","Reinforced Body"],"picked":"Ball Lightning","floor":31},{"not_picked":["Seek","Fission"],"picked":"Thunder Strike","floor":33},{"not_picked":["Rebound+1","Sweeping Beam+1"],"picked":"Self Repair","floor":35},{"not_picked":["White Noise","Cold Snap"],"picked":"Glacier+1","floor":37},{"not_picked":["Cold Snap+1","Turbo"],"picked":"Loop","floor":39},{"not_picked":["Rebound","Sweeping Beam+1"],"picked":"Conserve Battery+1","floor":42},{"not_picked":["Cold Snap","Beam Cell+1"],"picked":"Hologram+1","floor":44}],"player_experience":497314,"relics_obtained":[{"floor":2,"key":"Happy Flower"},{"floor":7,"key":"Shuriken"},{"floor":9,"key":"Blood Vial"},{"floor":14,"key":"Pen Nib"},{"floor":23,"key":"Whetstone"},{"floor":25,"key":"Mummified Hand"},{"floor":26,"key":"Centennial Puzzle"},{"floor":42,"key":"Bag of Preparation"},{"floor":42,"key":"Orichalcum"},{"floor":43,"key":"Strawberry"}],"event_choices":[{"damage_healed":0,"gold_gain":0,"player_choice":"Leave","damage_taken":0,"max_hp_gain":0,"max_hp_loss":0,"event_name":"The Cleric","floor":3,"gold_loss":0},{"damage_healed":0,"gold_gain":0,"player_choice":"Success","damage_taken":12,"relics_obtained":["Juzu Bracelet"],"max_hp_gain":0,"max_hp_loss":0,"event_name":"Scrap Ooze","floor":5,"gold_loss":0},{"damage_healed":0,"gold_gain":0,"player_choice":"1 cards matched","damage_taken":0,"max_hp_gain":0,"max_hp_loss":0,"event_name":"Match and Keep!","floor":12,"gold_loss":0,"cards_obtained":["Zap"]},{"damage_healed":0,"gold_gain":0,"player_choice":"Ignored","damage_taken":0,"max_hp_gain":0,"max_hp_loss":0,"event_name":"Shining Light","floor":13,"gold_loss":0},{"damage_healed":0,"gold_gain":0,"player_choice":"Opened","damage_taken":0,"relics_obtained":["Gremlin Horn"],"max_hp_gain":0,"max_hp_loss":0,"event_name":"The Mausoleum","floor":19,"gold_loss":0},{"damage_healed":0,"gold_gain":0,"player_choice":"Got Potions","damage_taken":0,"max_hp_gain":0,"max_hp_loss":0,"event_name":"Lab","floor":20,"gold_loss":0},{"damage_healed":0,"gold_gain":0,"player_choice":"Smashed Altar","damage_taken":0,"max_hp_gain":0,"max_hp_loss":0,"event_name":"Forgotten Altar","floor":27,"gold_loss":0,"cards_obtained":["Decay"]},{"damage_healed":25,"gold_gain":0,"player_choice":"Heal","damage_taken":0,"max_hp_gain":0,"max_hp_loss":0,"event_name":"The Library","floor":29,"gold_loss":0},{"damage_healed":0,"gold_gain":0,"player_choice":"Ignored","damage_taken":0,"max_hp_gain":0,"max_hp_loss":0,"event_name":"Ghosts","floor":30,"gold_loss":0},{"cards_removed":["Strike_B"],"damage_healed":0,"gold_gain":0,"player_choice":"Removed Attack","damage_taken":0,"max_hp_gain":0,"max_hp_loss":0,"event_name":"Falling","floor":36,"gold_loss":0},{"damage_healed":0,"gold_gain":0,"player_choice":"Embrace Madness","damage_taken":9,"max_hp_gain":0,"max_hp_loss":0,"event_name":"Winding Halls","floor":41,"gold_loss":0,"cards_obtained":["Madness","Madness"]}],"is_beta":false,"boss_relics":[{"not_picked":["Astrolabe","Velvet Choker"],"picked":"Snecko Eye"},{"not_picked":["Tiny House","Runic Pyramid"],"picked":"Black Star"}],"items_purged_floors":[],"is_endless":false,"potions_floor_spawned":[14,16,25,28,31,33,37,39],"killed_by":"3 Darklings","ascension_level":4}