{"gold_per_floor":[112,112,126,145,21,21,56,56,56,82,94,94,94,123,123,218,218,238,238,257,274,274,305,73,73,100,134,134,98,98],"floor_reached":30,"playtime":1175,"items_purged":[],"score":298,"play_id":"7a85a9ca-3cfc-41e6-98d6-6f851958819a","local_time":"20190322202111","is_ascension_mode":true,"campfire_choices":[{"data":"Pommel Strike","floor":6,"key":"SMITH"},{"data":"Bash","floor":8,"key":"SMITH"},{"floor":12,"key":"REST"},{"floor":13,"key":"RECALL"},{"floor":15,"key":"REST"},{"floor":25,"key":"REST"}],"neow_cost":"NONE","seed_source_timestamp":91259758569671,"circlet_count":0,"master_deck":["Strike_R","Strike_R+1","Strike_R","Strike_R","Strike_R+1","Defend_R","Defend_R","Defend_R","Defend_R","Bash+1","Pommel Strike+1","Inflame","Twin Strike","Flame Barrier","Limit Break","Inflame","Heavy Blade","Spot Weakness+1","Immolate","Bandage Up","Iron Wave+1","Inflame"],"relics":["Black Blood","NeowsBlessing","WingedGreaves","Pocketwatch","Bottled Flame","Whetstone","Nunchaku","Oddly Smooth Stone","Vajra","MutagenicStrength"],"potions_floor_usage":[14,18],"damage_taken":[{"damage":0,"enemies":"2 Louse","floor":1,"turns":1},{"damage":0,"enemies":"Cultist","floor":3,"turns":1},{"damage":0,"enemies":"Small Slimes","floor":4,"turns":1},{"damage":15,"enemies":"Gremlin Nob","floor":7,"turns":4},{"damage":25,"enemies":"3 Sentries","floor":10,"turns":8},{"damage":8,"enemies":"Red Slaver","floor":11,"turns":3},{"damage":24,"enemies":"Lagavulin","floor":14,"turns":5},{"damage":11,"enemies":"Slime Boss","floor":16,"turns":6},{"damage":22,"enemies":"Shell Parasite","floor":18,"turns":3},{"damage":10,"enemies":"Chosen","floor":20,"turns":4},{"damage":24,"enemies":"Snake Plant","floor":21,"turns":4},{"damage":51,"enemies":"Book of Stabbing","floor":23,"turns":4},{"damage":40,"enemies":"Gremlin Leader","floor":27,"turns":4},{"damage":41,"enemies":"Shelled Parasite and Fungi","floor":30,"turns":4}],"seed_played":"-2036896994130293167","potions_obtained":[{"floor":1,"key":"Energy Potion"},{"floor":11,"key":"Block Potion"},{"floor":20,"key":"Regen Potion"},{"floor":23,"key":"GamblersBrew"},{"floor":27,"key":"Swift Potion"}],"is_trial":false,"path_per_floor":["M","?","M","M","$","R","E","R","T","E","M","R","R","E","R","B",null,"M","?","M","M","?","E","$","R","T","E","?","$","M"],"character_chosen":"IRONCLAD","items_purchased":["Pommel Strike","Inflame","Bandage Up","Oddly Smooth Stone","Inflame"],"campfire_rested":3,"item_purchase_floors":[5,5,24,24,29],"current_hp_per_floor":[80,80,80,80,80,80,71,71,71,52,50,74,74,56,80,75,80,68,68,68,54,80,39,39,63,63,37,37,37,0],"gold":98,"neow_bonus":"THREE_ENEMY_KILL","is_prod":false,"is_daily":false,"chose_seed":false,"campfire_upgraded":2,"win_rate":0,"timestamp":1553246471,"path_taken":["M","?","?","M","?","R","E","R","T","E","?","R","R","E","R","BOSS","M","?","M","?","?","E","$","R","T","E","?","?","?"],"build_version":"2019-01-23","purchased_purges":0,"victory":false,"max_hp_per_floor":[80,80,80,80,80,80,80,80,80,80,80,80,80,80,80,80,80,80,80,80,80,80,80,80,80,80,80,80,80,80],"card_choices":[{"not_picked":["Blood for Blood","Thunderclap","Wild Strike"],"picked":"SKIP","floor":1},{"not_picked":["Flex","Headbutt","Reckless Charge"],"picked":"SKIP","floor":3},{"not_picked":["True Grit","Carnage","Burning Pact"],"picked":"SKIP","floor":4},{"not_picked":["Barricade","Havoc"],"picked":"Twin Strike","floor":7},{"not_picked":["Flex","Sentinel","Clash"],"picked":"SKIP","floor":10},{"not_picked":["Rupture","Body Slam"],"picked":"Flame Barrier","floor":11},{"not_picked":["Sever Soul","Thunderclap","Seeing Red"],"picked":"SKIP","floor":14},{"not_picked":["Impervious","Reaper"],"picked":"Limit Break","floor":16},{"not_picked":["Sever Soul+1","Shrug It Off"],"picked":"Inflame","floor":18},{"not_picked":["Fire Breathing","Thunderclap+1"],"picked":"Heavy Blade","floor":20},{"not_picked":["Armaments","Warcry"],"picked":"Spot Weakness+1","floor":21},{"not_picked":["Fire Breathing","Demon Form"],"picked":"Immolate","floor":23},{"not_picked":["Metallicize","Perfected Strike"],"picked":"Iron Wave+1","floor":27}],"player_experience":262193,"relics_obtained":[{"floor":7,"key":"WingedGreaves"},{"floor":9,"key":"Pocketwatch"},{"floor":10,"key":"Bottled Flame"},{"floor":14,"key":"Whetstone"},{"floor":23,"key":"Nunchaku"},{"floor":27,"key":"Vajra"}],"event_choices":[{"damage_healed":0,"gold_gain":0,"player_choice":"Ignored","damage_taken":0,"max_hp_gain":0,"max_hp_loss":0,"event_name":"Purifier","floor":2,"gold_loss":0},{"damage_healed":0,"gold_gain":0,"player_choice":"Bought 0 Potions","damage_taken":0,"max_hp_gain":0,"max_hp_loss":0,"event_name":"The Woman in Blue","floor":19,"gold_loss":0},{"damage_healed":26,"gold_gain":0,"player_choice":"Heal","damage_taken":0,"max_hp_gain":0,"max_hp_loss":0,"event_name":"The Library","floor":22,"gold_loss":0},{"damage_healed":0,"gold_gain":0,"player_choice":"Inject Mutagens","damage_taken":0,"relics_obtained":["MutagenicStrength"],"max_hp_gain":0,"max_hp_loss":0,"event_name":"Drug Dealer","floor":28,"gold_loss":0}],"is_beta":false,"boss_relics":[{"not_picked":["Snecko Eye","Tiny House"],"picked":"Black Blood"}],"items_purged_floors":[],"is_endless":false,"potions_floor_spawned":[1,11,20,23,27],"killed_by":"Shelled Parasite and Fungi","ascension_level":1}