{"gold_per_floor":[114,128,128,139,158,158,190,207,207,207,207,219,239,252,252,348,348,372,384,81,91,102,102,202,215,215,14,14,30,30,40,40,40],"floor_reached":33,"playtime":1960,"items_purged":["Decay","Clumsy"],"score":291,"play_id":"d8c0fce6-fdb1-4bcb-b63f-0e48d67a4b57","local_time":"20190317161841","is_ascension_mode":true,"campfire_choices":[{"data":"Spot Weakness","floor":6,"key":"SMITH"},{"data":"Shockwave","floor":10,"key":"SMITH"},{"data":"Pommel Strike","floor":11,"key":"SMITH"},{"floor":15,"key":"REST"},{"floor":23,"key":"REST"},{"floor":28,"key":"REST"},{"data":"Pommel Strike","floor":30,"key":"SMITH"},{"floor":32,"key":"REST"}],"neow_cost":"NONE","seed_source_timestamp":166104188007244,"circlet_count":0,"master_deck":["Strike_R","Strike_R","Strike_R","Strike_R","Strike_R","Defend_R","Defend_R","Defend_R","Defend_R","Bash","Iron Wave","Spot Weakness+1","Pommel Strike+1","Shockwave+1","Pommel Strike+1","Immolate+1","Doubt","Bandage Up"],"relics":["Burning Blood","Oddly Smooth Stone","WingedGreaves","Ginger","Calling Bell","MawBank","Blue Candle","Pocketwatch","Membership Card","Girya","Self Forming Clay","Dream Catcher","Red Skull","PreservedInsect"],"potions_floor_usage":[12,12,16,24,25,33,33],"damage_taken":[{"damage":10,"enemies":"2 Louse","floor":1,"turns":2},{"damage":1,"enemies":"Cultist","floor":2,"turns":4},{"damage":12,"enemies":"Small Slimes","floor":4,"turns":3},{"damage":11,"enemies":"3 Louse","floor":5,"turns":3},{"damage":14,"enemies":"Gremlin Nob","floor":7,"turns":4},{"damage":13,"enemies":"Blue Slaver","floor":8,"turns":2},{"damage":9,"enemies":"Large Slime","floor":12,"turns":5},{"damage":5,"enemies":"Looter","floor":13,"turns":2},{"damage":12,"enemies":"Exordium Wildlife","floor":14,"turns":4},{"damage":46,"enemies":"Hexaghost","floor":16,"turns":9},{"damage":36,"enemies":"Spheric Guardian","floor":18,"turns":5},{"damage":32,"enemies":"3 Byrds","floor":21,"turns":4},{"damage":13,"enemies":"3 Cultists","floor":22,"turns":4},{"damage":22,"enemies":"Colosseum Slavers","floor":24,"turns":3},{"damage":21,"enemies":"Colosseum Nobs","floor":24,"turns":4},{"damage":18,"enemies":"Snake Plant","floor":25,"turns":3},{"damage":0,"enemies":"Snecko","floor":29,"turns":3},{"damage":14,"enemies":"Cultist and Chosen","floor":31,"turns":4},{"damage":97,"enemies":"Champ","floor":33,"turns":10}],"seed_played":"-2793163638405580900","potions_obtained":[{"floor":1,"key":"BloodPotion"},{"floor":5,"key":"BloodPotion"},{"floor":8,"key":"Explosive Potion"},{"floor":13,"key":"Poison Potion"},{"floor":18,"key":"Fire Potion"},{"floor":22,"key":"Poison Potion"},{"floor":24,"key":"BloodPotion"},{"floor":31,"key":"AttackPotion"}],"is_trial":false,"path_per_floor":["M","M","?","M","M","R","E","M","T","R","R","M","M","M","R","B",null,"M","?","$","M","M","R","?","M","T","$","R","M","R","M","R","B"],"character_chosen":"IRONCLAD","items_purchased":["Membership Card","Bandage Up","Red Skull","PreservedInsect"],"campfire_rested":4,"item_purchase_floors":[20,20,27,27],"current_hp_per_floor":[76,80,80,74,69,69,61,54,54,54,54,59,60,54,78,38,80,50,50,50,28,25,49,26,26,26,26,50,60,60,56,80,0],"gold":40,"neow_bonus":"THREE_CARDS","is_prod":false,"is_daily":false,"chose_seed":false,"campfire_upgraded":4,"win_rate":0,"timestamp":1552799921,"path_taken":["M","M","?","M","M","R","E","M","T","R","R","M","M","M","R","BOSS","M","?","$","?","M","R","?","M","T","$","R","M","R","M","R","BOSS"],"build_version":"2019-01-23","purchased_purges":2,"victory":false,"max_hp_per_floor":[80,80,80,80,80,80,80,80,80,80,80,80,80,80,80,80,80,80,80,80,80,80,80,80,80,80,80,80,80,80,80,80,80],"card_choices":[{"not_picked":["True Grit","Shrug It Off"],"picked":"Iron Wave","floor":0},{"not_picked":["Pommel Strike","Iron Wave"],"picked":"Spot Weakness","floor":1},{"not_picked":["Clash","Iron Wave","Clothesline"],"picked":"SKIP","floor":2},{"not_picked":["Anger","Burning Pact"],"picked":"Pommel Strike","floor":4},{"not_picked":["Perfected Strike","Heavy Blade"],"picked":"Shockwave","floor":5},{"not_picked":["Cleave","Perfected Strike"],"picked":"Pommel Strike","floor":7},{"not_picked":["Fiend Fire","Fire Breathing","Havoc"],"picked":"SKIP","floor":8},{"not_picked":["Shockwave","Sentinel","Shrug It Off"],"picked":"SKIP","floor":12},{"not_picked":["Rampage","Pommel Strike","Carnage"],"picked":"SKIP","floor":13},{"not_picked":["Warcry","Dropkick","Anger"],"picked":"SKIP","floor":14},{"not_picked":["Limit Break","Berserk"],"picked":"Immolate","floor":16},{"not_picked":["Flex","Intimidate","Anger+1"],"picked":"SKIP","floor":18},{"not_picked":["Feel No Pain","Pommel Strike","Headbutt"],"picked":"SKIP","floor":21},{"not_picked":["Armaments","Corruption","Wild Strike"],"picked":"SKIP","floor":22},{"not_picked":["Second Wind","Sword Boomerang","Power Through"],"picked":"SKIP","floor":25},{"not_picked":["Clash","Carnage","Clothesline+1"],"picked":"SKIP","floor":29},{"not_picked":["Headbutt","Clothesline+1","Iron Wave"],"picked":"SKIP","floor":31}],"player_experience":226253,"relics_obtained":[{"floor":7,"key":"WingedGreaves"},{"floor":9,"key":"Ginger"},{"floor":17,"key":"MawBank"},{"floor":17,"key":"Blue Candle"},{"floor":17,"key":"Pocketwatch"},{"floor":24,"key":"Girya"},{"floor":24,"key":"Self Forming Clay"},{"floor":26,"key":"Dream Catcher"}],"event_choices":[{"damage_healed":0,"gold_gain":0,"player_choice":"Gave Potion","damage_taken":0,"relics_obtained":["Oddly Smooth Stone"],"max_hp_gain":0,"max_hp_loss":0,"event_name":"WeMeetAgain","floor":3,"gold_loss":0},{"damage_healed":0,"gold_gain":0,"player_choice":"Upgraded","damage_taken":0,"max_hp_gain":0,"max_hp_loss":0,"event_name":"Upgrade Shrine","floor":19,"gold_loss":0,"cards_upgraded":["Immolate"]},{"damage_healed":0,"gold_gain":0,"player_choice":"Fight","damage_taken":0,"max_hp_gain":0,"max_hp_loss":0,"event_name":"Colosseum","floor":24,"gold_loss":0},{"damage_healed":0,"gold_gain":0,"player_choice":"Fought Nobs","damage_taken":0,"max_hp_gain":0,"max_hp_loss":0,"event_name":"Colosseum","floor":24,"gold_loss":0}],"is_beta":false,"boss_relics":[{"not_picked":["Velvet Choker","Philosopher\u0027s Stone"],"picked":"Calling Bell"}],"items_purged_floors":[20,27],"is_endless":false,"potions_floor_spawned":[1,5,8,13,18,22,24,31],"killed_by":"Champ","ascension_level":3}