{"path_per_floor":["M","?","M","M","M","E","R","E","T","$","R","?","M","M","R","B",null,"M","M","?","M","M","R","E","?","T","M","R","$","M","E","R","B",null,"M","?","M","?","M","R","E","R","T","R","$","?","M","M","R","B"],"character_chosen":"IRONCLAD","items_purchased":["Matryoshka","Dramatic Entrance","Panache"],"gold_per_floor":[113,213,230,241,254,287,287,321,321,69,69,34,53,67,67,167,167,153,170,70,90,107,107,163,163,163,181,181,16,35,64,64,168,198,212,212,222,222,236,236,262,262,262,262,71,0,16,33,33,33],"floor_reached":51,"campfire_rested":0,"playtime":7059,"current_hp_per_floor":[80,80,79,80,74,46,53,24,38,38,38,63,44,45,45,48,101,101,96,96,76,39,39,23,23,23,47,47,47,42,58,58,11,106,106,106,96,96,81,81,83,83,93,93,93,93,116,116,116,116],"items_purged":["Writhe"],"gold":33,"play_id":"2ff3c4a9-9bcc-4e26-a65f-1bd4722c74c9","is_prod":false,"is_daily":false,"is_ascension_mode":false,"campfire_upgraded":0,"path_taken":["M","?","M","M","?","E","R","E","T","$","R","?","?","?","R","BOSS","M","?","?","M","M","R","E","?","T","?","R","?","?","E","R","BOSS","M","?","M","?","M","R","E","R","T","R","$","?","M","M","R","BOSS"],"build_version":"2018-02-01-PROD3","purchased_purges":1,"victory":true,"master_deck":["Strike_R","Strike_R","Strike_R","Strike_R","Defend_R","Defend_R","Defend_R","Defend_R","Bash","Heavy Blade","Shrug It Off","Disarm+1","Armaments","Flex","Evolve","Shrug It Off","Reaper","Body Slam","Demon Form","Seeing Red","Headbutt","J.A.X.+1","Flame Barrier","Wild Strike+1","Battle Trance","Thunderclap","Dramatic Entrance","Havoc","Havoc+1","Juggernaut","Metallicize","Corruption+1","Reaper","Battle Trance","Evolve+1","Iron Wave","Havoc","Panache","Feel No Pain+1","Iron Wave+1"],"max_hp_per_floor":[80,80,80,80,80,80,87,87,101,101,101,101,101,101,101,101,101,101,101,101,101,101,101,101,101,101,101,101,101,101,101,101,101,106,106,106,106,106,106,106,106,106,116,116,116,116,116,116,116,116],"relics":["Burning Blood","Shovel","Strawberry","Mummified Hand","Mango","Matryoshka","Champion Belt","Dream Catcher","Cursed Key","War Paint","Tiny Chest","Anchor","Regal Pillow","Prayer Wheel","Omamori","Lantern","Juzu Bracelet","Tiny House","Bag of Preparation","Blood Vial","Bottled Tornado","Pear","Dead Branch","Bag of Marbles","Red Mask","Orichalcum"],"card_choices":[{"not_picked":["Demon Form","Clash"],"picked":"Shrug It Off"},{"not_picked":["Heavy Blade","Second Wind"],"picked":"Disarm"},{"not_picked":["Burning Pact","Dropkick"],"picked":"Armaments"},{"not_picked":["Warcry","Rupture"],"picked":"Flex"},{"not_picked":["Pummel","Uppercut"],"picked":"Evolve"},{"not_picked":["Body Slam","Burning Pact"],"picked":"Shrug It Off"},{"not_picked":["Wild Strike","Havoc"],"picked":"Reaper"},{"not_picked":["Twin Strike","Warcry"],"picked":"Body Slam"},{"not_picked":["Offering","Reaper"],"picked":"Demon Form"},{"not_picked":["Flex","Perfected Strike"],"picked":"Seeing Red"},{"not_picked":["Perfected Strike","Twin Strike"],"picked":"Headbutt"},{"not_picked":["Rage","Infernal Blade"],"picked":"Flame Barrier"},{"not_picked":["Twin Strike","Body Slam"],"picked":"Wild Strike"},{"not_picked":["Clothesline","Disarm"],"picked":"Battle Trance"},{"not_picked":["Sentinel","Twin Strike"],"picked":"Thunderclap"},{"not_picked":["Whirlwind","Headbutt"],"picked":"Havoc"},{"not_picked":["Fiend Fire","Body Slam"],"picked":"Havoc"},{"not_picked":["Bludgeon","Barricade"],"picked":"Juggernaut"},{"not_picked":["Body Slam","Pommel Strike"],"picked":"Metallicize"},{"not_picked":["Flex","Dropkick"],"picked":"Corruption"},{"not_picked":["Twin Strike","Thunderclap"],"picked":"Battle Trance"},{"not_picked":["Headbutt","Flex"],"picked":"Evolve"},{"not_picked":["Immolate","Shrug It Off"],"picked":"Iron Wave"},{"not_picked":["Wild Strike","Thunderclap"],"picked":"Havoc"},{"not_picked":["Perfected Strike","Heavy Blade"],"picked":"Feel No Pain"},{"not_picked":["Rampage","Combust"],"picked":"Iron Wave"}],"player_experience":140705,"potions_floor_usage":[],"damage_taken":[{"damage":2.0,"enemies":"2 Louse","floor":1.0,"turns":2.0},{"damage":7.0,"enemies":"Blue Slaver","floor":3.0,"turns":4.0},{"damage":3.0,"enemies":"Jaw Worm","floor":4.0,"turns":4.0},{"damage":12.0,"enemies":"Lots of Slimes","floor":5.0,"turns":7.0},{"damage":34.0,"enemies":"Lagavulin","floor":6.0,"turns":11.0},{"damage":35.0,"enemies":"Gremlin Nob","floor":8.0,"turns":7.0},{"damage":25.0,"enemies":"Exordium Thugs","floor":13.0,"turns":7.0},{"damage":5.0,"enemies":"2 Fungi Beasts","floor":14.0,"turns":5.0},{"damage":11.0,"enemies":"Hexaghost","floor":16.0,"turns":12.0},{"damage":7.0,"enemies":"2 Thieves","floor":18.0,"turns":4.0},{"damage":11.0,"enemies":"Shell Parasite","floor":19.0,"turns":5.0},{"damage":36.0,"enemies":"Cultist and Chosen","floor":21.0,"turns":6.0},{"damage":43.0,"enemies":"Slaver and Parasite","floor":22.0,"turns":7.0},{"damage":33.0,"enemies":"Slavers","floor":24.0,"turns":5.0},{"damage":3.0,"enemies":"3 Cultists","floor":27.0,"turns":5.0},{"damage":22.0,"enemies":"Chosen and Byrds","floor":30.0,"turns":6.0},{"damage":0.0,"enemies":"Gremlin Leader","floor":31.0,"turns":5.0},{"damage":65.0,"enemies":"Collector","floor":33.0,"turns":10.0},{"damage":8.0,"enemies":"Orb Walker","floor":35.0,"turns":4.0},{"damage":16.0,"enemies":"3 Shapes","floor":37.0,"turns":6.0},{"damage":44.0,"enemies":"Sphere and 2 Shapes","floor":39.0,"turns":5.0},{"damage":17.0,"enemies":"Giant Head","floor":41.0,"turns":7.0},{"damage":3,"enemies":"3 Darklings","floor":47,"turns":3},{"damage":4,"enemies":"Maw","floor":48,"turns":4},{"damage":27,"enemies":"Time Eater","floor":50,"turns":7}],"event_choices":[{"event_name":"Golden Shrine","player_choice":"Pray","floor":2.0,"damage_taken":0.0},{"event_name":"The Cleric","player_choice":"Healed","floor":12.0,"damage_taken":0.0},{"event_name":"Drug Dealer","player_choice":"Got JAXXED","floor":20.0,"damage_taken":0.0},{"event_name":"The Mausoleum","player_choice":"Yes","floor":25.0,"damage_taken":0.0},{"event_name":"Duplicator","player_choice":"One dupe","floor":36.0,"damage_taken":0.0},{"event_name":"Accursed Blacksmith","player_choice":"Forge","floor":38.0,"damage_taken":0.0},{"event_name":"Tomb of Lord Red Mask","player_choice":"Paid","floor":46,"damage_taken":0}],"boss_relics":[],"potions_floor_spawned":[4,8,13,14,16,18,19,21,24,27,37,39,47,48],"seed_played":"-3514108791311161915","ascension_level":0,"is_trial":false}