{"gold_per_floor":[118,40,58,58,8,39,39,53,53,53,84,84,111,130,130,226,226,244,244,244,169,184,210,170,170,170,181,211,211,211,223,223,322,322,336,349,349,363,363,363,397,409,457,492,492,524,26,46,46,46],"floor_reached":51,"playtime":3408,"items_purged":["Strike_B"],"score":944,"play_id":"e8dc72ab-184d-4636-ab95-69ac12e73d95","local_time":"20190606034135","is_ascension_mode":true,"campfire_choices":[{"data":"Sunder","floor":7,"key":"SMITH"},{"data":"Zap","floor":10,"key":"SMITH"},{"data":"Genetic Algorithm","floor":12,"key":"SMITH"},{"floor":15,"key":"REST"},{"data":"Self Repair","floor":25,"key":"SMITH"},{"data":"Capacitor","floor":29,"key":"SMITH"},{"data":"Go for the Eyes","floor":32,"key":"SMITH"},{"data":"Buffer","floor":40,"key":"SMITH"},{"data":"Dualcast","floor":45,"key":"SMITH"},{"data":"Barrage","floor":49,"key":"SMITH"}],"neow_cost":"NONE","seed_source_timestamp":84330517532943,"circlet_count":0,"master_deck":["Strike_B","Defend_B","Defend_B","Defend_B","Zap+1","Dualcast+1","Compile Driver","Capacitor+1","Conserve Battery","Genetic Algorithm+1","Sunder+1","Gash","Electrodynamics","Chill","FTL","Cold Snap","All For One","Redo+1","Gash","Self Repair+1","Biased Cognition","FTL","Chill","Barrage+1","Hologram+1","Go for the Eyes+1","Buffer+1","Redo+1","Beam Cell+1","Core Surge","Genetic Algorithm+1","Barrage+1","Parasite","Gash+1"],"relics":["NeowsBlessing","Prayer Wheel","Meat on the Bone","Happy Flower","Ornamental Fan","Runic Pyramid","Nloth\u0027s Gift","Dream Catcher","Orichalcum","Lantern","Nilry\u0027s Codex","Coffee Dripper","Bag of Preparation","Smiling Mask","Emotion Chip","MawBank","DollysMirror","Mummified Hand"],"potions_floor_usage":[22,28,50,50],"damage_taken":[{"damage":0,"enemies":"Cultist","floor":1,"turns":1},{"damage":0,"enemies":"2 Louse","floor":3,"turns":1},{"damage":0,"enemies":"Gremlin Nob","floor":6,"turns":1},{"damage":1,"enemies":"Jaw Worm","floor":8,"turns":3},{"damage":33,"enemies":"Lagavulin","floor":11,"turns":4},{"damage":40,"enemies":"Gremlin Nob","floor":13,"turns":5},{"damage":0,"enemies":"2 Fungi Beasts","floor":14,"turns":1},{"damage":28,"enemies":"Hexaghost","floor":16,"turns":9},{"damage":1,"enemies":"3 Byrds","floor":18,"turns":3},{"damage":14,"enemies":"2 Thieves","floor":22,"turns":3},{"damage":13,"enemies":"Gremlin Leader","floor":23,"turns":5},{"damage":21,"enemies":"Snake Plant","floor":27,"turns":4},{"damage":25,"enemies":"Slavers","floor":28,"turns":3},{"damage":0,"enemies":"Sentry and Sphere","floor":31,"turns":4},{"damage":11,"enemies":"Automaton","floor":33,"turns":8},{"damage":0,"enemies":"Orb Walker","floor":35,"turns":5},{"damage":7,"enemies":"3 Shapes","floor":36,"turns":5},{"damage":16,"enemies":"Jaw Worm Horde","floor":38,"turns":4},{"damage":2,"enemies":"Giant Head","floor":41,"turns":8},{"damage":0,"enemies":"3 Darklings","floor":42,"turns":5},{"damage":8,"enemies":"Reptomancer","floor":44,"turns":7},{"damage":1,"enemies":"Giant Head","floor":46,"turns":8},{"damage":1,"enemies":"Writhing Mass","floor":48,"turns":6},{"damage":14,"enemies":"Time Eater","floor":50,"turns":9}],"seed_played":"-4371865958047968205","potions_obtained":[{"floor":6,"key":"FearPotion"},{"floor":13,"key":"SkillPotion"},{"floor":16,"key":"Fire Potion"},{"floor":18,"key":"Regen Potion"},{"floor":31,"key":"Strength Potion"},{"floor":36,"key":"Weak Potion"},{"floor":38,"key":"EssenceOfSteel"}],"is_trial":false,"path_per_floor":["M","$","M","?","?","E","R","M","T","R","E","R","E","M","R","B",null,"M","?","?","$","M","E","$","R","T","M","E","R","?","M","R","B",null,"M","M","?","M","?","R","E","M","T","E","R","E","$","M","R","B",null],"character_chosen":"DEFECT","items_purchased":["Capacitor","FTL","DollysMirror","Barrage","Mummified Hand"],"campfire_rested":1,"item_purchase_floors":[2,24,47,47,47],"current_hp_per_floor":[75,75,75,75,75,75,75,74,74,74,41,41,13,25,47,31,75,74,74,74,74,60,54,54,54,54,55,52,52,36,58,58,57,75,75,75,75,59,59,59,67,75,75,75,75,75,75,75,75,71],"gold":46,"neow_bonus":"THREE_ENEMY_KILL","is_prod":false,"is_daily":false,"chose_seed":false,"campfire_upgraded":9,"win_rate":0,"timestamp":1559806895,"path_taken":["M","$","?","?","?","E","R","M","T","R","E","R","E","M","R","BOSS","M","?","?","$","?","E","?","R","T","M","E","R","?","M","R","BOSS","M","M","?","?","?","R","E","M","T","E","R","E","$","M","R","BOSS"],"build_version":"2019-01-23","purchased_purges":1,"victory":true,"max_hp_per_floor":[75,75,75,75,75,75,75,75,75,75,75,75,75,75,75,75,75,75,75,75,75,75,75,75,75,75,75,75,75,75,75,75,75,75,75,75,75,75,75,75,75,75,75,75,75,75,75,75,75,75],"card_choices":[{"not_picked":["Stack","Aggregate"],"picked":"Compile Driver","floor":1},{"not_picked":["Leap","Melter"],"picked":"Conserve Battery","floor":3},{"not_picked":["Leap","Cold Snap"],"picked":"Sunder","floor":6},{"not_picked":["Beam Cell","Blizzard"],"picked":"Gash","floor":8},{"not_picked":["Redo","Recycle","Leap"],"picked":"SKIP","floor":8},{"not_picked":["Defragment","Leap"],"picked":"Electrodynamics","floor":11},{"not_picked":["Aggregate","Compile Driver"],"picked":"Chill","floor":13},{"not_picked":["Steam","Ball Lightning"],"picked":"FTL","floor":14},{"not_picked":["Doom and Gloom","Heatsinks"],"picked":"Cold Snap","floor":14},{"not_picked":["Electrodynamics","Rainbow"],"picked":"All For One","floor":16},{"not_picked":["Reprogram","Static Discharge"],"picked":"Redo+1","floor":18},{"not_picked":["Storm","Compile Driver"],"picked":"Gash","floor":18},{"not_picked":["Aggregate","Melter","Leap+1"],"picked":"SKIP","floor":22},{"not_picked":["Heatsinks","Compile Driver+1","Sweeping Beam"],"picked":"SKIP","floor":22},{"not_picked":["Coolheaded","Turbo"],"picked":"Biased Cognition","floor":23},{"not_picked":["Leap+1","Streamline"],"picked":"Chill","floor":27},{"not_picked":["Coolheaded","Rebound"],"picked":"Barrage+1","floor":27},{"not_picked":["Rainbow","Machine Learning","Doom and Gloom"],"picked":"SKIP","floor":28},{"not_picked":["Beam Cell","Darkness+1"],"picked":"Hologram+1","floor":31},{"not_picked":["Steam Power","Turbo"],"picked":"Go for the Eyes","floor":31},{"not_picked":["Rainbow","Multi-Cast"],"picked":"Buffer","floor":33},{"not_picked":["Rebound","Undo+1","BootSequence"],"picked":"SKIP","floor":35},{"not_picked":["Machine Learning","Streamline+1","Stack+1"],"picked":"SKIP","floor":35},{"not_picked":["Coolheaded","Reprogram"],"picked":"Redo+1","floor":36},{"not_picked":["Conserve Battery+1","BootSequence","Turbo+1"],"picked":"SKIP","floor":36},{"not_picked":["Meteor Strike","Leap","Consume+1"],"picked":"SKIP","floor":38},{"not_picked":["Turbo","Hello World+1","Chaos"],"picked":"SKIP","floor":38},{"not_picked":["Double Energy+1","Go for the Eyes+1"],"picked":"Beam Cell+1","floor":41},{"not_picked":["Fusion+1","Turbo","Thunder Strike"],"picked":"SKIP","floor":42},{"not_picked":["Blizzard+1","Streamline","Stack"],"picked":"SKIP","floor":42},{"not_picked":["Sweeping Beam","Gash+1"],"picked":"Core Surge","floor":44},{"not_picked":["Stack","Fission","Beam Cell+1"],"picked":"SKIP","floor":46},{"not_picked":["Steam+1","Leap"],"picked":"Gash+1","floor":48},{"not_picked":["Go for the Eyes+1","Sweeping Beam","Beam Cell"],"picked":"SKIP","floor":48}],"player_experience":312682,"relics_obtained":[{"floor":6,"key":"Prayer Wheel"},{"floor":9,"key":"Meat on the Bone"},{"floor":11,"key":"Happy Flower"},{"floor":13,"key":"Ornamental Fan"},{"floor":23,"key":"Dream Catcher"},{"floor":26,"key":"Orichalcum"},{"floor":28,"key":"Lantern"},{"floor":30,"key":"Nilry\u0027s Codex"},{"floor":41,"key":"Bag of Preparation"},{"floor":43,"key":"Smiling Mask"},{"floor":44,"key":"Emotion Chip"},{"floor":46,"key":"MawBank"}],"event_choices":[{"damage_healed":0,"gold_gain":0,"cards_transformed":["Strike_B"],"player_choice":"Change","damage_taken":0,"max_hp_gain":0,"max_hp_loss":0,"event_name":"Living Wall","floor":4,"gold_loss":0,"cards_obtained":["Genetic Algorithm"]},{"cards_removed":["Strike_B"],"damage_healed":0,"gold_gain":0,"player_choice":"Card Removal","damage_taken":0,"max_hp_gain":0,"max_hp_loss":0,"event_name":"The Cleric","floor":5,"gold_loss":50},{"damage_healed":0,"gold_gain":0,"player_choice":"Read","damage_taken":0,"max_hp_gain":0,"max_hp_loss":0,"event_name":"The Library","floor":19,"gold_loss":0,"cards_obtained":["Self Repair"]},{"damage_healed":0,"gold_gain":0,"player_choice":"Traded Relic","damage_taken":0,"relics_obtained":["Nloth\u0027s Gift"],"max_hp_gain":0,"max_hp_loss":0,"event_name":"N\u0027loth","floor":20,"relics_lost":["Cracked Core"],"gold_loss":0},{"damage_healed":0,"gold_gain":0,"player_choice":"Obtained Book","damage_taken":16,"max_hp_gain":0,"max_hp_loss":0,"event_name":"Cursed Tome","floor":30,"gold_loss":0},{"cards_removed":["Defend_B"],"damage_healed":0,"gold_gain":0,"player_choice":"Offered Basic","damage_taken":0,"max_hp_gain":0,"max_hp_loss":0,"event_name":"Bonfire Elementals","floor":37,"gold_loss":0},{"damage_healed":0,"gold_gain":0,"player_choice":"Ignored","damage_taken":0,"max_hp_gain":0,"max_hp_loss":0,"event_name":"Tomb of Lord Red Mask","floor":39,"gold_loss":0}],"is_beta":false,"boss_relics":[{"not_picked":["Pandora\u0027s Box","Philosopher\u0027s Stone"],"picked":"Runic Pyramid"},{"not_picked":["Eternal Feather","Orrery"],"picked":"Coffee Dripper"}],"items_purged_floors":[21],"is_endless":false,"potions_floor_spawned":[6,13,16,18,31,36,38,42,44,46],"ascension_level":4}