{"gold_per_floor":[113,213,232,232,18,48,48,66,66,82,93,151,83,83],"floor_reached":14,"playtime":749,"items_purged":[],"score":130,"play_id":"649158fe-1b4b-4dd2-8f93-6897c09a9e5a","local_time":"20190612024339","is_ascension_mode":true,"campfire_choices":[{"floor":7.0,"key":"REST"}],"neow_cost":"NONE","seed_source_timestamp":175052499288635,"circlet_count":0,"master_deck":["Strike_B","Strike_B","Strike_B","Strike_B","Defend_B","Defend_B","Defend_B","Defend_B","Zap+1","Dualcast","Doom and Gloom","Rebound","Flame Barrier","Armaments","Ball Lightning","Rip and Tear"],"special_seed":0,"relics":["Cracked Core","PrismaticShard","Darkstone Periapt","Bag of Preparation","Tiny Chest"],"potions_floor_usage":[],"damage_taken":[{"damage":3.0,"enemies":"Jaw Worm","floor":1.0,"turns":4.0},{"damage":1.0,"enemies":"Cultist","floor":3.0,"turns":3.0},{"damage":28.0,"enemies":"Gremlin Nob","floor":6.0,"turns":4.0},{"damage":2.0,"enemies":"2 Louse","floor":8.0,"turns":2.0},{"damage":16.0,"enemies":"Exordium Thugs","floor":10.0,"turns":4.0},{"damage":0.0,"enemies":"Exordium Wildlife","floor":11.0,"turns":3.0},{"damage":15,"enemies":"3 Sentries","floor":12,"turns":5},{"damage":32,"enemies":"Gremlin Nob","floor":14,"turns":3}],"seed_played":"-607169540337503277","potions_obtained":[{"floor":1.0,"key":"FocusPotion"},{"floor":4.0,"key":"SpeedPotion"},{"floor":4.0,"key":"EssenceOfSteel"},{"floor":11.0,"key":"FocusPotion"}],"is_trial":false,"path_per_floor":["M","?","M","?","$","E","R","M","T","M","M","E","$","E"],"character_chosen":"DEFECT","items_purchased":["PrismaticShard","Rebound","Rip and Tear"],"campfire_rested":1,"item_purchase_floors":[5,5,13],"current_hp_per_floor":[65,65,64,64,64,36,58,56,56,40,40,25,25,0],"gold":83,"neow_bonus":"UPGRADE_CARD","is_prod":false,"is_daily":false,"chose_seed":false,"campfire_upgraded":0,"win_rate":0,"timestamp":1560321819,"path_taken":["M","?","?","?","?","E","R","M","T","M","M","E","?","E"],"build_version":"2019-01-23","purchased_purges":0,"victory":false,"max_hp_per_floor":[75,75,75,75,75,75,75,75,75,75,75,75,75,75],"card_choices":[{"not_picked":["Hello World","Blizzard","Streamline"],"picked":"SKIP","floor":1.0},{"not_picked":["Chill","Storm"],"picked":"Doom and Gloom","floor":3.0},{"not_picked":["Recycle","Terror"],"picked":"Flame Barrier","floor":6.0},{"not_picked":["Compile Driver","Inflame"],"picked":"Armaments","floor":8.0},{"not_picked":["Dodge and Roll","Backflip","Finesse"],"picked":"SKIP","floor":10.0},{"not_picked":["Chaos","Calculated Gamble","Masterful Stab"],"picked":"SKIP","floor":11.0},{"not_picked":["Storm","Twin Strike"],"picked":"Ball Lightning","floor":12}],"player_experience":332716,"relics_obtained":[{"floor":6.0,"key":"Darkstone Periapt"},{"floor":9.0,"key":"Bag of Preparation"},{"floor":12,"key":"Tiny Chest"}],"event_choices":[{"damage_healed":0.0,"max_hp_gain":0.0,"max_hp_loss":0.0,"gold_gain":100.0,"event_name":"Golden Shrine","player_choice":"Pray","floor":2.0,"gold_loss":0.0,"damage_taken":0.0},{"damage_healed":0.0,"max_hp_gain":0.0,"max_hp_loss":0.0,"gold_gain":0.0,"event_name":"Lab","player_choice":"Got Potions","floor":4.0,"gold_loss":0.0,"damage_taken":0.0}],"is_beta":false,"boss_relics":[],"items_purged_floors":[],"is_endless":false,"potions_floor_spawned":[1,10,11,12],"killed_by":"Gremlin Nob","ascension_level":6}