{"path_per_floor":["M","M","M","M","M","E","M","E","T","E","M","E","M","$","R","B",null,"M","?","M","?","M","E","M","E","T","?","$","R","$","M","R","B",null,"M","M","?","M","M","E"],"character_chosen":"IRONCLAD","items_purchased":["Kunai"],"gold_per_floor":[115,132,143,155,172,201,212,237,264,289,309,365,385,48,48,150,150,167,167,187,102,118,152,166,198,225,225,125,125,0,11,11,108,108,125,143,143,159,175,208],"floor_reached":41,"campfire_rested":1,"playtime":15914,"current_hp_per_floor":[80,80,80,80,80,68,67,46,46,49,40,48,56,56,56,31,80,78,78,65,65,63,36,30,30,30,30,30,69,69,73,73,69,80,80,70,60,62,35,36],"items_purged":["Strike_R","Writhe","Decay"],"gold":208,"score":631,"play_id":"09316a0d-2c77-4c05-af0d-290c2d7d84ed","local_time":"20180316130658","is_prod":false,"is_daily":false,"is_ascension_mode":true,"campfire_upgraded":2,"timestamp":1521220018,"path_taken":["M","M","?","M","M","E","M","E","T","E","M","E","M","$","R","BOSS","M","?","M","?","M","E","?","E","T","?","$","R","$","M","R","BOSS","M","M","?","M","M","E","M"],"build_version":"2018-03-15","purchased_purges":3,"victory":false,"master_deck":["Strike_R+1","Strike_R+1","Strike_R+1","Strike_R+1","Defend_R+1","Defend_R+1","Defend_R+1","Defend_R+1","Bash","Demon Form","Ghostly Armor+1","Warcry","Iron Wave","Shrug It Off","Metallicize","Iron Wave","Warcry","Inflame","Corruption+1","Heavy Blade+1","Brutality","Armaments+1","Iron Wave+1","Feel No Pain+1","Offering","Heavy Blade+1","Infernal Blade+1","Madness","Madness","Pommel Strike+1","Warcry+1"],"max_hp_per_floor":[80,80,80,80,80,80,80,80,80,80,80,80,80,80,80,80,80,80,80,80,80,80,80,80,80,80,80,80,80,80,80,80,80,80,80,80,80,80,80,80],"relics":["Burning Blood","Blood Vial","Happy Flower","Mummified Hand","Prayer Wheel","War Paint","Tiny Chest","Kunai","Cursed Key","Dream Catcher","Bronze Scales","Orichalcum","Oddly Smooth Stone","Regal Pillow","Sozu","Lantern"],"card_choices":[{"not_picked":["Shrug It Off","Havoc"],"picked":"Demon Form"},{"not_picked":["Carnage","Sever Soul"],"picked":"Ghostly Armor"},{"not_picked":["Hemokinesis","Clothesline"],"picked":"Warcry"},{"not_picked":["Wild Strike","Cleave"],"picked":"Iron Wave"},{"not_picked":["Infernal Blade","Pommel Strike"],"picked":"Shrug It Off"},{"not_picked":["Sword Boomerang","Thunderclap"],"picked":"Metallicize"},{"not_picked":["Thunderclap","Feel No Pain"],"picked":"Iron Wave"},{"not_picked":["Clothesline","Havoc"],"picked":"Warcry"},{"not_picked":["Carnage","Warcry"],"picked":"Inflame"},{"not_picked":["Infernal Blade","Iron Wave"],"picked":"Corruption"},{"not_picked":["Disarm","Twin Strike"],"picked":"Heavy Blade"},{"not_picked":["Immolate","Exhume"],"picked":"Brutality"},{"not_picked":["Clash","Cleave"],"picked":"Armaments"},{"not_picked":["Flex","Cleave"],"picked":"Iron Wave"},{"not_picked":["Feed","Havoc"],"picked":"Feel No Pain"},{"not_picked":["Limit Break","Dark Embrace"],"picked":"Offering"},{"not_picked":["Flex","Metallicize"],"picked":"Heavy Blade"},{"not_picked":["Heavy Blade","Feel No Pain"],"picked":"Infernal Blade"},{"not_picked":["Iron Wave","Reckless Charge"],"picked":"Pommel Strike"},{"not_picked":["Clothesline","Flex"],"picked":"Warcry"}],"player_experience":188132,"potions_floor_usage":[25],"damage_taken":[{"damage":1.0,"enemies":"Cultist","floor":1.0,"turns":4.0},{"damage":3.0,"enemies":"Small Slimes","floor":2.0,"turns":4.0},{"damage":1.0,"enemies":"2 Louse","floor":3.0,"turns":3.0},{"damage":2.0,"enemies":"2 Fungi Beasts","floor":4.0,"turns":4.0},{"damage":4.0,"enemies":"Exordium Thugs","floor":5.0,"turns":6.0},{"damage":18.0,"enemies":"3 Sentries","floor":6.0,"turns":8.0},{"damage":9.0,"enemies":"Exordium Wildlife","floor":7.0,"turns":7.0},{"damage":29.0,"enemies":"Gremlin Nob","floor":8.0,"turns":5.0},{"damage":5.0,"enemies":"3 Sentries","floor":10.0,"turns":7.0},{"damage":17.0,"enemies":"Red Slaver","floor":11.0,"turns":4.0},{"damage":0.0,"enemies":"Lagavulin","floor":12.0,"turns":4.0},{"damage":0.0,"enemies":"3 Louse","floor":13.0,"turns":5.0},{"damage":33.0,"enemies":"Slime Boss","floor":16.0,"turns":9.0},{"damage":8.0,"enemies":"Shell Parasite","floor":18.0,"turns":5.0},{"damage":21.0,"enemies":"2 Thieves","floor":20.0,"turns":5.0},{"damage":10,"enemies":"Snecko","floor":22,"turns":5},{"damage":35,"enemies":"Slavers","floor":23,"turns":6},{"damage":14,"enemies":"Slaver and Parasite","floor":24,"turns":5},{"damage":8,"enemies":"Gremlin Leader","floor":25,"turns":7},{"damage":4,"enemies":"3 Cultists","floor":31,"turns":5},{"damage":12,"enemies":"Automaton","floor":33,"turns":7},{"damage":3,"enemies":"3 Shapes","floor":35,"turns":3},{"damage":16,"enemies":"3 Darklings","floor":36,"turns":5},{"damage":6,"enemies":"Maw","floor":38,"turns":6},{"damage":35,"enemies":"4 Shapes","floor":39,"turns":5},{"damage":7,"enemies":"Giant Head","floor":40,"turns":6},{"damage":47,"enemies":"Sphere and 2 Shapes","floor":41,"turns":4}],"event_choices":[{"event_name":"Back to Basics","player_choice":"Simplicity","floor":19.0,"damage_taken":0.0},{"event_name":"Addict","player_choice":"Obtained Relic","floor":21,"damage_taken":0},{"event_name":"The Mausoleum","player_choice":"Yes","floor":27,"damage_taken":0},{"event_name":"Winding Halls","player_choice":"Embrace Madness","floor":37,"damage_taken":0}],"boss_relics":[{"not_picked":["Mark of Pain","Velvet Choker"],"picked":"Sozu"}],"potions_floor_spawned":[1,3,6,7,8,11,12,20,23,25,31,36,38,40],"seed_played":"367771860643960492","killed_by":"Sphere and 2 Shapes","ascension_level":3,"is_trial":false}