{"gold_per_floor":[119,119,119,169,169,196,215,44,116,116,136,167,167,185,185,285,285,300,315,315,315,2,27,39,82,118,145,157,169],"floor_reached":29,"playtime":2078,"items_purged":["Decay"],"score":334,"play_id":"473b854f-2009-4cdd-86d3-9d11e8d41c92","local_time":"20190608142235","is_ascension_mode":true,"campfire_choices":[{"data":"Mayhem","floor":10,"key":"SMITH"},{"floor":15,"key":"REST"},{"floor":24,"key":"REST"}],"neow_cost":"NONE","seed_source_timestamp":1793955686239131,"circlet_count":0,"master_deck":["Strike_R","Strike_R","Strike_R","Strike_R","Strike_R","Defend_R","Defend_R","Defend_R","Defend_R","Bash+1","Armaments+1","Shrug It Off","Shrug It Off","Mayhem+1","Clothesline","Metallicize","Burning Pact","Immolate","Iron Wave","Seeing Red","Blood for Blood+1","Sword Boomerang"],"relics":["Burning Blood","Mummified Hand","Question Card","Strawberry","Black Star","Shuriken","MawBank","Bottled Tornado","Pear","Vajra","Smiling Mask","MutagenicStrength"],"potions_floor_usage":[14,23,25,25,27],"damage_taken":[{"damage":7,"enemies":"Small Slimes","floor":1,"turns":3},{"damage":30,"enemies":"Lagavulin","floor":6,"turns":6},{"damage":6,"enemies":"2 Louse","floor":7,"turns":4},{"damage":7,"enemies":"Jaw Worm","floor":11,"turns":3},{"damage":27,"enemies":"3 Sentries","floor":12,"turns":9},{"damage":20,"enemies":"Exordium Thugs","floor":14,"turns":5},{"damage":10,"enemies":"Hexaghost","floor":16,"turns":13},{"damage":18,"enemies":"Shell Parasite","floor":18,"turns":10},{"damage":22,"enemies":"3 Byrds","floor":19,"turns":6},{"damage":47,"enemies":"Gremlin Leader","floor":23,"turns":13},{"damage":51,"enemies":"Book of Stabbing","floor":25,"turns":6},{"damage":25,"enemies":"Sentry and Sphere","floor":27,"turns":6},{"damage":10,"enemies":"Shelled Parasite and Fungi","floor":29,"turns":2}],"seed_played":"-7250907467939719738","potions_obtained":[{"floor":6,"key":"EssenceOfSteel"},{"floor":11,"key":"BloodPotion"},{"floor":12,"key":"AttackPotion"},{"floor":14,"key":"SteroidPotion"},{"floor":25,"key":"BloodPotion"},{"floor":27,"key":"Poison Potion"}],"is_trial":false,"path_per_floor":["M","?","?","?","?","E","M","$","T","R","M","E","T","M","R","B",null,"M","M","?","?","$","E","R","E","T","M","?","M"],"character_chosen":"IRONCLAD","items_purchased":["Mayhem","Shuriken"],"campfire_rested":2,"item_purchase_floors":[8,22],"current_hp_per_floor":[79,79,79,79,79,55,55,55,55,55,54,40,40,26,52,48,87,75,59,59,59,59,26,52,17,17,7,7,0],"gold":169,"neow_bonus":"UPGRADE_CARD","is_prod":false,"is_daily":false,"chose_seed":false,"campfire_upgraded":1,"win_rate":0,"timestamp":1559967755,"path_taken":["M","?","?","?","?","E","?","?","T","R","M","E","?","M","R","BOSS","M","?","?","?","$","E","R","E","T","M","?","?"],"build_version":"2019-01-23","purchased_purges":1,"victory":false,"max_hp_per_floor":[80,80,80,80,80,80,80,80,80,80,80,87,87,87,87,87,87,87,87,87,87,87,87,87,97,97,97,97,97],"card_choices":[{"not_picked":["Anger","Headbutt"],"picked":"Armaments","floor":1},{"not_picked":["Impervious","Cleave"],"picked":"Shrug It Off","floor":6},{"not_picked":["Blood for Blood","Power Through"],"picked":"Shrug It Off","floor":7},{"not_picked":["Pommel Strike","Clash","Fire Breathing"],"picked":"Clothesline","floor":11},{"not_picked":["Flex","Anger","Thunderclap"],"picked":"Metallicize","floor":12},{"not_picked":["Metallicize","Rupture","Anger"],"picked":"Burning Pact","floor":14},{"not_picked":["Juggernaut","Offering","Double Tap"],"picked":"Immolate","floor":16},{"not_picked":["Sword Boomerang","Sever Soul","Clash"],"picked":"Iron Wave","floor":18},{"not_picked":["Carnage+1","True Grit","Sword Boomerang","Second Wind"],"picked":"SKIP","floor":19},{"not_picked":["Twin Strike","Combust","Cleave"],"picked":"Seeing Red","floor":23},{"not_picked":["True Grit","Dark Embrace","Pommel Strike"],"picked":"Blood for Blood+1","floor":25},{"not_picked":["Corruption","Body Slam","Intimidate"],"picked":"Sword Boomerang","floor":27}],"player_experience":424328,"relics_obtained":[{"floor":6,"key":"Mummified Hand"},{"floor":9,"key":"Question Card"},{"floor":12,"key":"Strawberry"},{"floor":23,"key":"MawBank"},{"floor":23,"key":"Bottled Tornado"},{"floor":25,"key":"Pear"},{"floor":25,"key":"Vajra"},{"floor":26,"key":"Smiling Mask"}],"event_choices":[{"damage_healed":0,"gold_gain":0,"player_choice":"Grow","damage_taken":0,"max_hp_gain":0,"max_hp_loss":0,"event_name":"Living Wall","floor":2,"gold_loss":0,"cards_upgraded":["Armaments"]},{"damage_healed":0,"gold_gain":0,"player_choice":"Ignored","damage_taken":0,"max_hp_gain":0,"max_hp_loss":0,"event_name":"Liars Game","floor":3,"gold_loss":0},{"damage_healed":0,"gold_gain":50,"player_choice":"Gained Gold","damage_taken":0,"max_hp_gain":0,"max_hp_loss":0,"event_name":"Golden Wing","floor":4,"gold_loss":0},{"damage_healed":0,"gold_gain":0,"player_choice":"Ignored","damage_taken":0,"max_hp_gain":0,"max_hp_loss":0,"event_name":"Shining Light","floor":5,"gold_loss":0},{"damage_healed":0,"gold_gain":0,"player_choice":"Ignored","damage_taken":0,"max_hp_gain":0,"max_hp_loss":0,"event_name":"Ghosts","floor":20,"gold_loss":0},{"damage_healed":0,"gold_gain":0,"player_choice":"Smashed Altar","damage_taken":0,"max_hp_gain":0,"max_hp_loss":0,"event_name":"Forgotten Altar","floor":21,"gold_loss":0,"cards_obtained":["Decay"]},{"damage_healed":0,"gold_gain":0,"player_choice":"Inject Mutagens","damage_taken":0,"relics_obtained":["MutagenicStrength"],"max_hp_gain":0,"max_hp_loss":0,"event_name":"Drug Dealer","floor":28,"gold_loss":0}],"is_beta":false,"boss_relics":[{"not_picked":["Lizard Tail","Pandora\u0027s Box"],"picked":"Black Star"}],"items_purged_floors":[22],"is_endless":false,"potions_floor_spawned":[6,11,12,14,25,27],"killed_by":"Shelled Parasite and Fungi","ascension_level":3}