{"gold_per_floor":[113,124,143,143,156,188,188,199,224,237,249,278,278,294,294,389,389,399,399,399,386,402,435,454,454,454,4,4,4,4],"floor_reached":30,"playtime":5513,"items_purged":["Defend_G"],"score":289,"play_id":"a1c8d268-9e18-4443-bef8-dd38209a1117","local_time":"20190616160048","is_ascension_mode":false,"campfire_choices":[{"data":"Crippling Poison","floor":7.0,"key":"SMITH"},{"data":"Burst","floor":13.0,"key":"SMITH"},{"floor":15.0,"key":"REST"},{"floor":25,"key":"REST"},{"data":"Footwork","floor":29,"key":"SMITH"}],"neow_cost":"NONE","seed_source_timestamp":161018387551400,"circlet_count":0,"master_deck":["Defend_G","Defend_G","Defend_G","Defend_G","Survivor","Neutralize","Crippling Poison+1","Footwork+1","Crippling Poison","Burst+1","Flying Knee","Infinite Blades","Bane","Bullet Time","Corpse Explosion","All Out Attack+1","Bite","Bite","Bite","Bite","Bite","Prepared","Heel Hook","Adrenaline","Blur","A Thousand Cuts"],"special_seed":0,"relics":["Ring of the Serpent","NeowsBlessing","NlothsMask","Dodecahedron","Whetstone","Ancient Tea Set","Molten Egg 2","Bottled Tornado"],"potions_floor_usage":[22,22,24,24,30],"damage_taken":[{"damage":0.0,"enemies":"Cultist","floor":1.0,"turns":1.0},{"damage":0.0,"enemies":"Small Slimes","floor":2.0,"turns":1.0},{"damage":0.0,"enemies":"Jaw Worm","floor":3.0,"turns":1.0},{"damage":7.0,"enemies":"Exordium Wildlife","floor":5.0,"turns":7.0},{"damage":14.0,"enemies":"Lagavulin","floor":6.0,"turns":8.0},{"damage":0.0,"enemies":"Red Slaver","floor":8.0,"turns":5.0},{"damage":8.0,"enemies":"2 Fungi Beasts","floor":10.0,"turns":2.0},{"damage":9.0,"enemies":"Looter","floor":11.0,"turns":4.0},{"damage":8.0,"enemies":"3 Sentries","floor":12.0,"turns":9.0},{"damage":7.0,"enemies":"3 Louse","floor":14.0,"turns":2.0},{"damage":25.0,"enemies":"The Guardian","floor":16.0,"turns":12.0},{"damage":10,"enemies":"Chosen","floor":18,"turns":5},{"damage":18,"enemies":"2 Thieves","floor":21,"turns":4},{"damage":3,"enemies":"Centurion and Healer","floor":22,"turns":3},{"damage":31,"enemies":"Gremlin Leader","floor":23,"turns":6},{"damage":20,"enemies":"Snake Plant","floor":24,"turns":3},{"damage":26,"enemies":"Book of Stabbing","floor":30,"turns":4}],"seed_played":"4472826354856597418","potions_obtained":[{"floor":1.0,"key":"Energy Potion"},{"floor":6.0,"key":"SteroidPotion"},{"floor":11.0,"key":"EssenceOfSteel"},{"floor":12.0,"key":"SkillPotion"},{"floor":16.0,"key":"Block Potion"},{"floor":22,"key":"FearPotion"}],"is_trial":false,"path_per_floor":["M","M","M","?","M","E","R","M","T","M","M","E","R","M","R","B",null,"M","?","?","M","M","E","M","R","T","$","?","R","E"],"character_chosen":"THE_SILENT","items_purchased":["Adrenaline","Bottled Tornado","AttackPotion"],"campfire_rested":2,"item_purchase_floors":[27,27,27],"current_hp_per_floor":[70,70,70,70,63,49,49,49,49,41,32,24,24,17,38,13,70,60,49,49,37,40,21,3,17,17,17,17,17,0],"gold":4,"neow_bonus":"THREE_ENEMY_KILL","is_prod":false,"is_daily":false,"chose_seed":false,"campfire_upgraded":3,"win_rate":0.0,"timestamp":1560715248,"path_taken":["M","M","?","?","?","E","R","M","T","M","M","E","R","M","R","BOSS","M","?","?","M","M","E","M","R","T","$","?","R","E"],"build_version":"2019-01-23","purchased_purges":1,"victory":false,"max_hp_per_floor":[70,70,70,70,70,70,70,70,70,70,70,70,70,70,70,70,70,70,49,49,49,49,49,49,49,49,49,49,49,49],"card_choices":[{"not_picked":["Slice","PiercingWail"],"picked":"Crippling Poison","floor":1.0},{"not_picked":["Cloak And Dagger","Underhanded Strike"],"picked":"Footwork","floor":2.0},{"not_picked":["Acrobatics","Dagger Spray"],"picked":"Crippling Poison","floor":3.0},{"not_picked":["Bane","Blade Dance"],"picked":"Burst","floor":5.0},{"not_picked":["Acrobatics","Sucker Punch"],"picked":"Flying Knee","floor":6.0},{"not_picked":["PiercingWail","Dagger Throw","Slice"],"picked":"SKIP","floor":8.0},{"not_picked":["Sucker Punch","PiercingWail"],"picked":"Infinite Blades","floor":10.0},{"not_picked":["Choke","Riddle With Holes"],"picked":"Bane","floor":11.0},{"not_picked":["Deflect","Backflip"],"picked":"Bullet Time","floor":12.0},{"not_picked":["Blur","Riddle With Holes","Underhanded Strike"],"picked":"SKIP","floor":14.0},{"not_picked":["Night Terror","Die Die Die"],"picked":"Corpse Explosion","floor":16.0},{"not_picked":["Caltrops","Backflip"],"picked":"All Out Attack+1","floor":18},{"not_picked":["Acrobatics","Underhanded Strike","Choke"],"picked":"SKIP","floor":21},{"not_picked":["Underhanded Strike","Blade Dance"],"picked":"Prepared","floor":22},{"not_picked":["Blur","Dagger Spray","Acrobatics"],"picked":"SKIP","floor":23},{"not_picked":["Bane+1","Prepared"],"picked":"Heel Hook","floor":24}],"player_experience":61534,"relics_obtained":[{"floor":6.0,"key":"Dodecahedron"},{"floor":12.0,"key":"Whetstone"},{"floor":23,"key":"Ancient Tea Set"},{"floor":26,"key":"Molten Egg 2"}],"event_choices":[{"damage_healed":0.0,"max_hp_gain":0.0,"max_hp_loss":0.0,"gold_gain":0.0,"event_name":"FaceTrader","player_choice":"Trade","floor":4.0,"gold_loss":0.0,"damage_taken":0.0,"relics_obtained":["NlothsMask"]},{"damage_healed":0,"gold_gain":0,"player_choice":"Became a vampire","damage_taken":0,"max_hp_gain":0,"max_hp_loss":21,"event_name":"Vampires","floor":19,"gold_loss":0,"cards_obtained":["Bite","Bite","Bite","Bite","Bite"]},{"damage_healed":0,"gold_gain":0,"player_choice":"Ignored","damage_taken":0,"max_hp_gain":0,"max_hp_loss":0,"event_name":"Ghosts","floor":20,"gold_loss":0},{"damage_healed":0,"gold_gain":0,"player_choice":"2 cards matched","damage_taken":0,"max_hp_gain":0,"max_hp_loss":0,"event_name":"Match and Keep!","floor":28,"gold_loss":0,"cards_obtained":["Blur","A Thousand Cuts"]}],"is_beta":false,"boss_relics":[{"not_picked":["WristBlade","White Beast Statue"],"picked":"Ring of the Serpent"}],"items_purged_floors":[27],"is_endless":false,"potions_floor_spawned":[1,6,11,12,14,16,21,22],"killed_by":"Book of Stabbing","ascension_level":0}