{"gold_per_floor":[117,117,128,128,53,88,88,88,88,48,66,85,109,41,41,171,171,194,215,234,234,252,252,283,283],"floor_reached":25,"playtime":904,"items_purged":["Injury"],"score":260,"play_id":"71ca61cb-2041-45c9-9956-f65047d26c04","local_time":"20190325174145","is_ascension_mode":true,"campfire_choices":[{"floor":7,"key":"RECALL"},{"data":"Static Discharge","floor":15,"key":"SMITH"},{"floor":23,"key":"REST"}],"neow_cost":"NONE","seed_source_timestamp":341173818478085,"circlet_count":0,"master_deck":["Strike_B","Strike_B","Strike_B","Strike_B","Defend_B","Defend_B","Defend_B","Defend_B","Zap","Dualcast","Ball Lightning","Static Discharge+1","Loop","Static Discharge","Electrodynamics","Self Repair","Sweeping Beam+1","Sweeping Beam+1","Defragment","Ball Lightning+1"],"relics":["Cracked Core","NeowsBlessing","PreservedInsect","Golden Idol","Dodecahedron","Pantograph","Nuclear Battery","Bronze Scales"],"potions_floor_usage":[24,24],"damage_taken":[{"damage":0,"enemies":"2 Louse","floor":1,"turns":1},{"damage":0,"enemies":"Cultist","floor":3,"turns":1},{"damage":0,"enemies":"3 Sentries","floor":6,"turns":1},{"damage":0,"enemies":"Small Slimes","floor":11,"turns":2},{"damage":5,"enemies":"Looter","floor":12,"turns":3},{"damage":13,"enemies":"Exordium Wildlife","floor":13,"turns":3},{"damage":24,"enemies":"Slime Boss","floor":16,"turns":8},{"damage":25,"enemies":"2 Thieves","floor":18,"turns":3},{"damage":31,"enemies":"Chosen","floor":19,"turns":5},{"damage":8,"enemies":"3 Cultists","floor":20,"turns":2},{"damage":24,"enemies":"Snake Plant","floor":22,"turns":3},{"damage":14,"enemies":"Slavers","floor":24,"turns":2},{"damage":24,"enemies":"Centurion and Healer","floor":25,"turns":2}],"seed_played":"4755949028955963011","potions_obtained":[{"floor":1,"key":"PowerPotion"},{"floor":12,"key":"Ancient Potion"},{"floor":13,"key":"GamblersBrew"},{"floor":16,"key":"SpeedPotion"},{"floor":22,"key":"AttackPotion"}],"is_trial":false,"path_per_floor":["M","?","M","?","$","E","R","?","T","$","M","M","M","$","R","B",null,"M","M","M","?","M","R","E","M"],"character_chosen":"DEFECT","items_purchased":["Static Discharge","Static Discharge"],"campfire_rested":1,"item_purchase_floors":[10,14],"current_hp_per_floor":[75,75,75,75,75,75,75,75,75,75,75,70,57,57,57,51,75,50,26,25,25,8,30,23,0],"gold":283,"neow_bonus":"THREE_ENEMY_KILL","is_prod":false,"is_daily":false,"chose_seed":false,"campfire_upgraded":1,"win_rate":0,"timestamp":1553496105,"path_taken":["M","?","?","?","$","E","R","?","T","?","?","M","M","?","R","BOSS","M","M","M","?","M","R","E","M"],"build_version":"2019-01-23","purchased_purges":1,"victory":false,"max_hp_per_floor":[75,75,75,75,75,75,75,75,75,75,75,75,75,75,75,75,75,75,75,75,75,75,75,75,75],"card_choices":[{"not_picked":["Blizzard","Reprogram"],"picked":"Ball Lightning","floor":1},{"not_picked":["Leap","Compile Driver","Capacitor"],"picked":"SKIP","floor":3},{"not_picked":["Reprogram","Coolheaded","Streamline"],"picked":"SKIP","floor":6},{"not_picked":["Coolheaded","Cold Snap","Recycle"],"picked":"SKIP","floor":11},{"not_picked":["Barrage","Beam Cell","Coolheaded"],"picked":"SKIP","floor":12},{"not_picked":["Hologram","Streamline"],"picked":"Loop","floor":13},{"not_picked":["Seek","Fission"],"picked":"Electrodynamics","floor":16},{"not_picked":["Redo","Compile Driver+1"],"picked":"Self Repair","floor":18},{"not_picked":["Tempest","Compile Driver+1"],"picked":"Sweeping Beam+1","floor":19},{"not_picked":["Stack","Rebound"],"picked":"Sweeping Beam+1","floor":20},{"not_picked":["Gash","Hologram"],"picked":"Defragment","floor":22},{"not_picked":["Go for the Eyes","BootSequence+1"],"picked":"Ball Lightning+1","floor":24}],"player_experience":264949,"relics_obtained":[{"floor":6,"key":"Dodecahedron"},{"floor":9,"key":"Pantograph"},{"floor":24,"key":"Bronze Scales"}],"event_choices":[{"damage_healed":0,"gold_gain":0,"player_choice":"Gave Potion","damage_taken":0,"relics_obtained":["PreservedInsect"],"max_hp_gain":0,"max_hp_loss":0,"event_name":"WeMeetAgain","floor":2,"gold_loss":0},{"damage_healed":0,"gold_gain":0,"player_choice":"Take Wound","damage_taken":0,"relics_obtained":["Golden Idol"],"max_hp_gain":0,"max_hp_loss":0,"event_name":"Golden Idol","floor":4,"gold_loss":0,"cards_obtained":["Injury"]},{"damage_healed":0,"gold_gain":0,"player_choice":"Leave","damage_taken":0,"max_hp_gain":0,"max_hp_loss":0,"event_name":"The Cleric","floor":8,"gold_loss":0},{"damage_healed":0,"gold_gain":0,"player_choice":"Ignored","damage_taken":0,"max_hp_gain":0,"max_hp_loss":0,"event_name":"Ghosts","floor":21,"gold_loss":0}],"is_beta":false,"boss_relics":[{"not_picked":["Snecko Eye","Black Star"],"picked":"Nuclear Battery"}],"items_purged_floors":[5],"is_endless":false,"potions_floor_spawned":[1,12,13,16,22],"killed_by":"Centurion and Healer","ascension_level":1}