{"gold_per_floor":[147,166,166,190,115,150,174,174,174,174,208,208,248,262,262,387,387,412,412,435,29,50,50,86,105,105,145,145,160,160,110,110,233,233,252,276,299,55,55,55],"floor_reached":40,"playtime":1260,"items_purged":["Injury"],"score":458,"play_id":"60703cbc-9d0b-40f9-baf8-834263494153","local_time":"20190623213632","is_ascension_mode":true,"campfire_choices":[{"data":"Bash","floor":8,"key":"SMITH"},{"floor":12,"key":"REST"},{"floor":15,"key":"REST"},{"data":"Immolate","floor":23,"key":"SMITH"},{"floor":28,"key":"REST"},{"floor":30,"key":"REST"},{"floor":32,"key":"DIG"}],"neow_cost":"NONE","seed_source_timestamp":878295769908858,"circlet_count":0,"master_deck":["Strike_R","Strike_R","Strike_R","Strike_R","Strike_R","Defend_R","Defend_R","Defend_R","Defend_R","Bash+1","True Grit","Metallicize","Thunderclap","Warcry","Warcry","Immolate+1","Iron Wave","Metallicize","Bludgeon","Cleave+1","Spot Weakness","Blood for Blood","Twin Strike","Clothesline+1","Carnage+1","Juggernaut","True Grit+1","Demon Form","Warcry+1","Burning Pact+1","Sever Soul+1","Chrysalis"],"relics":["Burning Blood","Tiny Chest","Golden Idol","Bottled Flame","Gremlin Horn","Odd Mushroom","Darkstone Periapt","Velvet Choker","Ginger","Anchor","Shovel","Ornamental Fan","Bottled Tornado","Black Star","Self Forming Clay"],"potions_floor_usage":[16,16,27,33,36,40],"damage_taken":[{"damage":5,"enemies":"Cultist","floor":1,"turns":4},{"damage":5,"enemies":"2 Louse","floor":2,"turns":2},{"damage":0,"enemies":"Small Slimes","floor":4,"turns":3},{"damage":38,"enemies":"Gremlin Nob","floor":6,"turns":6},{"damage":9,"enemies":"Looter","floor":7,"turns":4},{"damage":28,"enemies":"The Mushroom Lair","floor":11,"turns":4},{"damage":19,"enemies":"3 Sentries","floor":13,"turns":4},{"damage":6,"enemies":"2 Fungi Beasts","floor":14,"turns":2},{"damage":58,"enemies":"Slime Boss","floor":16,"turns":13},{"damage":23,"enemies":"2 Thieves","floor":18,"turns":4},{"damage":14,"enemies":"Chosen","floor":20,"turns":4},{"damage":10,"enemies":"3 Cultists","floor":22,"turns":4},{"damage":11,"enemies":"Gremlin Leader","floor":24,"turns":5},{"damage":18,"enemies":"Snake Plant","floor":25,"turns":4},{"damage":21,"enemies":"Book of Stabbing","floor":27,"turns":4},{"damage":11,"enemies":"Shelled Parasite and Fungi","floor":29,"turns":3},{"damage":61,"enemies":"Champ","floor":33,"turns":11},{"damage":10,"enemies":"Orb Walker","floor":35,"turns":3},{"damage":36,"enemies":"3 Darklings","floor":36,"turns":4},{"damage":26,"enemies":"4 Shapes","floor":37,"turns":3},{"damage":40,"enemies":"Giant Head","floor":40,"turns":6}],"seed_played":"1676012690565821937","potions_obtained":[{"floor":2,"key":"GamblersBrew"},{"floor":6,"key":"Poison Potion"},{"floor":11,"key":"Regen Potion"},{"floor":14,"key":"BloodPotion"},{"floor":22,"key":"Swift Potion"},{"floor":24,"key":"PowerPotion"},{"floor":25,"key":"Regen Potion"},{"floor":29,"key":"Poison Potion"},{"floor":33,"key":"Energy Potion"},{"floor":36,"key":"EssenceOfSteel"}],"is_trial":false,"path_per_floor":["M","M","?","M","$","E","M","R","T","?","?","R","E","M","R","B",null,"M","?","M","$","M","R","E","M","T","E","R","M","R","?","R","B",null,"M","M","M","$","?","E"],"character_chosen":"IRONCLAD","items_purchased":["Ginger","Blood for Blood","Twin Strike","Self Forming Clay"],"campfire_rested":4,"item_purchase_floors":[21,21,21,38],"current_hp_per_floor":[80,80,80,80,80,48,45,45,45,45,23,47,34,34,58,29,80,63,63,55,55,51,51,46,34,34,19,43,38,62,62,62,16,80,76,46,26,26,26,0],"gold":55,"neow_bonus":"RANDOM_COMMON_RELIC","is_prod":false,"is_daily":false,"chose_seed":false,"campfire_upgraded":2,"win_rate":0,"timestamp":1561289792,"path_taken":["M","?","?","M","$","E","M","R","T","?","?","R","E","M","R","BOSS","M","?","?","$","M","R","E","M","T","E","R","M","R","?","R","BOSS","M","?","M","$","?","E"],"build_version":"2019-01-23","purchased_purges":1,"victory":false,"max_hp_per_floor":[80,80,80,80,80,80,80,80,80,80,80,80,80,80,80,80,80,80,80,80,80,80,80,80,80,80,80,80,80,80,80,80,80,80,80,80,80,80,80,80],"card_choices":[{"not_picked":["Iron Wave","Sever Soul"],"picked":"True Grit","floor":1},{"not_picked":["Flex","Reckless Charge"],"picked":"Metallicize","floor":2},{"not_picked":["Hemokinesis","Anger"],"picked":"Thunderclap","floor":4},{"not_picked":["Flex","Rupture"],"picked":"Warcry","floor":6},{"not_picked":["Carnage","Anger"],"picked":"Warcry","floor":7},{"not_picked":["Evolve","Intimidate"],"picked":"Immolate","floor":11},{"not_picked":["Thunderclap","Sword Boomerang"],"picked":"Iron Wave","floor":13},{"not_picked":["Dark Embrace","Rampage"],"picked":"Metallicize","floor":14},{"not_picked":["Barricade","Dark Embrace"],"picked":"Bludgeon","floor":16},{"not_picked":["Iron Wave","Carnage"],"picked":"Cleave+1","floor":18},{"not_picked":["Anger+1","Clash"],"picked":"Spot Weakness","floor":20},{"not_picked":["Searing Blow","True Grit"],"picked":"Clothesline+1","floor":22},{"not_picked":["Feel No Pain","Cleave"],"picked":"Carnage+1","floor":24},{"not_picked":["Anger","Cleave","Iron Wave"],"picked":"SKIP","floor":25},{"not_picked":["Wild Strike","Cleave"],"picked":"Juggernaut","floor":27},{"not_picked":["Havoc+1","Perfected Strike"],"picked":"True Grit+1","floor":29},{"not_picked":["Berserk","Barricade"],"picked":"Demon Form","floor":33},{"not_picked":["Carnage","Rupture"],"picked":"Warcry+1","floor":35},{"not_picked":["Warcry","Havoc"],"picked":"Burning Pact+1","floor":36},{"not_picked":["Feel No Pain","Clothesline+1"],"picked":"Sever Soul+1","floor":37},{"not_picked":["Dramatic Entrance","Sadistic Nature"],"picked":"Chrysalis","floor":39}],"player_experience":502342,"relics_obtained":[{"floor":6,"key":"Bottled Flame"},{"floor":9,"key":"Gremlin Horn"},{"floor":11,"key":"Odd Mushroom"},{"floor":13,"key":"Darkstone Periapt"},{"floor":24,"key":"Anchor"},{"floor":26,"key":"Shovel"},{"floor":27,"key":"Ornamental Fan"},{"floor":32,"key":"Bottled Tornado"}],"event_choices":[{"damage_healed":0,"gold_gain":0,"player_choice":"Take Wound","damage_taken":0,"relics_obtained":["Golden Idol"],"max_hp_gain":0,"max_hp_loss":0,"event_name":"Golden Idol","floor":3,"gold_loss":0,"cards_obtained":["Injury"]},{"damage_healed":0,"gold_gain":0,"player_choice":"Ignored","damage_taken":0,"max_hp_gain":0,"max_hp_loss":0,"event_name":"Liars Game","floor":10,"gold_loss":0},{"damage_healed":0,"gold_gain":0,"player_choice":"Fought Mushrooms","damage_taken":0,"max_hp_gain":0,"max_hp_loss":0,"event_name":"Mushrooms","floor":11,"gold_loss":0},{"damage_healed":0,"gold_gain":0,"player_choice":"Bought 0 Potions","damage_taken":0,"max_hp_gain":0,"max_hp_loss":0,"event_name":"The Woman in Blue","floor":19,"gold_loss":0},{"damage_healed":0,"gold_gain":0,"player_choice":"Bet on Murderer","damage_taken":0,"max_hp_gain":0,"max_hp_loss":0,"event_name":"The Joust","floor":31,"gold_loss":50},{"damage_healed":0,"gold_gain":0,"player_choice":"Memory 1","damage_taken":0,"max_hp_gain":0,"max_hp_loss":0,"event_name":"SensoryStone","floor":39,"gold_loss":0}],"is_beta":false,"boss_relics":[{"not_picked":["Fusion Hammer","Lizard Tail"],"picked":"Velvet Choker"},{"not_picked":["Coffee Dripper","Philosopher\u0027s Stone"],"picked":"Black Star"}],"items_purged_floors":[5],"is_endless":false,"potions_floor_spawned":[2,6,11,14,22,24,25,29,33,36,37],"killed_by":"Giant Head","ascension_level":1}