{"path_per_floor":["M","?","?","M","$","R","?","R","T","M","E","M","?","E","R","B",null,"M","$","?","M","M","E","?","R","T","M","E","M","E","?","R","B",null,"M","$","M","M","M","E","R","$","T","R","E","R","?","M","R"],"character_chosen":"IRONCLAD","items_purchased":["Toxic Egg 2","Omamori","Dramatic Entrance"],"gold_per_floor":[117,117,67,81,6,6,81,81,131,143,175,189,189,224,224,329,329,347,75,75,95,109,144,144,144,144,155,184,202,232,232,232,328,328,346,124,137,148,167,197,197,3,29,29,55,55,55,75,75],"floor_reached":50,"campfire_rested":3,"playtime":7188,"current_hp_per_floor":[80,64,64,70,70,70,59,59,59,65,65,71,64,58,58,43,80,80,80,80,80,80,57,41,80,80,80,62,66,70,70,70,73,84,72,72,78,62,47,19,61,61,61,92,94,94,94,94,94],"items_purged":["Strike_R","Strike_R","Defend_R","Strike_R"],"gold":75,"score":543,"play_id":"8cf08192-4bb3-42cc-8b11-82c8aca9d383","is_prod":false,"is_daily":false,"is_ascension_mode":false,"campfire_upgraded":6,"path_taken":["M","?","?","M","$","R","?","R","T","?","E","M","?","E","R","BOSS","M","$","?","M","M","E","?","R","T","?","E","M","E","?","R","BOSS","M","$","M","M","?","E","R","?","T","R","E","R","?","M","R","BOSS"],"build_version":"2018-02-15-PROD1","purchased_purges":4,"victory":false,"master_deck":["Defend_R","Defend_R","Defend_R+1","Bash+1","Pommel Strike+1","Armaments+1","Headbutt","Thunderclap","Corruption+1","Metallicize+1","Shrug It Off","Dark Embrace+1","Shrug It Off+1","Shrug It Off+1","Warcry+1","Battle Trance+1","Flex+1","Havoc+1","Dramatic Entrance","Rage+1","Iron Wave+1"],"max_hp_per_floor":[80,80,80,80,80,80,80,80,80,80,80,80,80,80,80,80,80,80,80,80,80,80,80,80,80,80,80,80,80,82,82,82,84,84,86,86,86,88,90,92,92,92,92,92,94,94,94,94,94],"relics":["Burning Blood","Regal Pillow","Oddly Smooth Stone","The Courier","Pen Nib","Question Card","Toxic Egg 2","Dodecahedron","Enchiridion","Champion Belt","Ancient Tea Set","Singing Bowl","Runic Cube","Omamori","Prayer Wheel","Bag of Preparation","Happy Flower"],"card_choices":[{"not_picked":["Intimidate","Whirlwind"],"picked":"Pommel Strike"},{"not_picked":["Thunderclap","Whirlwind"],"picked":"Armaments"},{"not_picked":["Evolve","Sword Boomerang"],"picked":"Headbutt"},{"not_picked":["Reckless Charge","Sword Boomerang"],"picked":"Thunderclap"},{"not_picked":["Sword Boomerang","Intimidate"],"picked":"Corruption"},{"not_picked":["Clothesline","Sever Soul"],"picked":"Metallicize"},{"not_picked":["Perfected Strike","True Grit"],"picked":"Shrug It Off"},{"not_picked":["Berserk","Immolate"],"picked":"Dark Embrace"},{"not_picked":["Clothesline","Heavy Blade","Sentinel"],"picked":"Shrug It Off"},{"not_picked":["Second Wind","Headbutt","Thunderclap"],"picked":"Shrug It Off"},{"not_picked":["Rage","Intimidate","Fiend Fire"],"picked":"Warcry"},{"not_picked":["Corruption","Blood for Blood","Headbutt"],"picked":"Battle Trance"},{"not_picked":["Combust","Sword Boomerang","Perfected Strike"],"picked":"Pommel Strike"},{"not_picked":["Second Wind","Shockwave","Rupture"],"picked":"Flex"},{"not_picked":["Anger","True Grit","Clash"],"picked":"Havoc"},{"not_picked":["Thunderclap","Battle Trance","Rupture"],"picked":"Rage"},{"not_picked":["Rupture","Warcry","Clash"],"picked":"Iron Wave"}],"player_experience":165909,"potions_floor_usage":[28,28,28,30,39,45,50],"damage_taken":[{"damage":5.0,"enemies":"Small Slimes","floor":1.0,"turns":5.0},{"damage":0.0,"enemies":"2 Louse","floor":4.0,"turns":3.0},{"damage":0.0,"enemies":"Cultist","floor":10.0,"turns":4.0},{"damage":6.0,"enemies":"3 Sentries","floor":11.0,"turns":7.0},{"damage":0.0,"enemies":"3 Louse","floor":12.0,"turns":4.0},{"damage":12.0,"enemies":"Gremlin Nob","floor":14.0,"turns":4.0},{"damage":21.0,"enemies":"The Guardian","floor":16.0,"turns":8.0},{"damage":1,"enemies":"3 Byrds","floor":18,"turns":7},{"damage":0,"enemies":"Spheric Guardian","floor":21,"turns":5},{"damage":0,"enemies":"Centurion and Healer","floor":22,"turns":7},{"damage":29,"enemies":"Gremlin Leader","floor":23,"turns":8},{"damage":0,"enemies":"Cultist and Chosen","floor":27,"turns":6},{"damage":24,"enemies":"Slavers","floor":28,"turns":6},{"damage":2,"enemies":"Snake Plant","floor":29,"turns":6},{"damage":4,"enemies":"Book of Stabbing","floor":30,"turns":5},{"damage":5,"enemies":"Champ","floor":33,"turns":12},{"damage":20,"enemies":"3 Darklings","floor":35,"turns":6},{"damage":0,"enemies":"Orb Walker","floor":37,"turns":5},{"damage":24,"enemies":"Sphere and 2 Shapes","floor":38,"turns":6},{"damage":23,"enemies":"Maw","floor":39,"turns":8},{"damage":36,"enemies":"Nemesis","floor":40,"turns":7},{"damage":0,"enemies":"2 Orb Walkers","floor":45,"turns":5},{"damage":6,"enemies":"4 Shapes","floor":48,"turns":3},{"damage":102,"enemies":"Awakened One","floor":50,"turns":14}],"event_choices":[{"event_name":"Shining Light","player_choice":"Entered Light","floor":2.0,"damage_taken":0.0},{"event_name":"The Cleric","player_choice":"Card Removal","floor":3.0,"damage_taken":0.0},{"event_name":"World of Goop","player_choice":"Gather Gold","floor":7.0,"damage_taken":0.0},{"event_name":"Scrap Ooze","player_choice":"success","floor":13.0,"damage_taken":7.0},{"event_name":"Upgrade Shrine","player_choice":"Upgraded","floor":20,"damage_taken":0},{"event_name":"Cursed Tome","player_choice":"Obtained Book","floor":24,"damage_taken":0},{"event_name":"Back to Basics","player_choice":"Elegance","floor":31,"damage_taken":0}],"boss_relics":[{"not_picked":["Velvet Choker","Philosopher\u0027s Stone"],"picked":"Runic Cube"}],"potions_floor_spawned":[4,11,14,21,23,27,28,29,35,38],"seed_played":"-1893041071087879814","killed_by":"Awakened One","ascension_level":0,"is_trial":false}