{"path_per_floor":["M","M","$","?","?","R","E","?","T","M","R","?","$","M","R","B",null,"M","$","?","M","?","R","M","R","T","M","M","?","?","$","R","B",null,"M","?","M","M","?","R","$","R","T","M","?","$","R","T","R"],"character_chosen":"THE_SILENT","items_purchased":["Leg Sweep","PiercingWail","Sucker Punch","Infinite Blades","Bandage Up"],"gold_per_floor":[110,129,18,18,18,18,62,62,86,100,100,100,100,124,124,243,243,256,11,11,30,30,30,51,51,74,92,113,113,113,10,10,109,139,156,156,169,183,183,183,58,58,81,100,100,100,100,148,148],"floor_reached":50,"campfire_rested":6,"playtime":3949,"current_hp_per_floor":[69,69,69,69,69,69,16,4,4,4,25,42,42,48,69,47,70,55,55,55,54,54,54,42,63,63,58,51,51,51,51,70,33,75,63,63,60,23,23,45,45,67,72,52,70,70,70,75,75],"items_purged":["Defend_G","Injury","Deadly Poison"],"gold":148,"play_id":"09263a1b-c581-4014-9cbc-5e2fb2ce4cb5","is_prod":false,"is_daily":false,"is_ascension_mode":false,"campfire_upgraded":4,"path_taken":["M","M","$","?","?","R","E","?","T","M","R","?","$","M","R","BOSS","M","$","?","M","?","R","M","R","T","M","M","?","?","$","R","BOSS","M","?","?","M","?","R","$","R","T","M","?","$","R","?","R","BOSS"],"build_version":"2018-02-01-PROD3","purchased_purges":3,"victory":false,"master_deck":["Survivor","Neutralize","Infinite Blades","Quick Slash","Leg Sweep+1","Venomology+1","Slice","Parasite","Dash+1","Tools of the Trade+1","Quick Slash+1","Slice","Dagger Spray","Underhanded Strike","Choke+1","Flying Knee","Choke","Predator","PiercingWail","Sucker Punch","Infinite Blades+1","Backstab+1","Blur","Outmaneuver+1","Bandage Up","After Image+1","Infinite Blades+1","Noxious Fumes+1","Dagger Throw+1","Deflect+1","Writhe"],"max_hp_per_floor":[70,70,70,70,70,70,70,70,70,70,70,70,70,70,70,70,70,70,70,70,70,70,70,70,70,70,70,70,70,70,70,70,70,75,75,75,75,75,75,75,75,75,75,75,75,75,75,75,75],"relics":["Ring of the Snake","Ancient Tea Set","Bloody Idol","Oddly Smooth Stone","Happy Flower","Pandora\u0027s Box","Lantern","Tiny House","Bag of Marbles","Whetstone"],"card_choices":[{"not_picked":["Well Laid Plans","Choke"],"picked":"Infinite Blades"},{"not_picked":["Deadly Poison","Reflex"],"picked":"Quick Slash"},{"not_picked":["Dodge and Roll","Phantasmal Killer"],"picked":"Slice"},{"not_picked":["Accuracy","Flying Knee"],"picked":"Dash"},{"not_picked":["Tactician","Envenom"],"picked":"Tools of the Trade"},{"not_picked":["Eviscerate","Dodge and Roll"],"picked":"Predator"},{"not_picked":["Cloak And Dagger","Underhanded Strike"],"picked":"Backstab"},{"not_picked":["Flying Knee","Backflip"],"picked":"Blur"},{"not_picked":["Sucker Punch","Poisoned Stab"],"picked":"Outmaneuver"},{"not_picked":["Burst","Storm of Steel"],"picked":"After Image"},{"not_picked":["Malaise","Masterful Stab"],"picked":"Infinite Blades"},{"not_picked":["Sucker Punch","Outmaneuver"],"picked":"Noxious Fumes"},{"not_picked":["Backflip","Dagger Spray"],"picked":"Dagger Throw"},{"not_picked":["Distraction","Flying Knee"],"picked":"Deflect"}],"player_experience":76543,"potions_floor_usage":[7,14,16,16,16,16,21,27,33,33,33,33,37,44,50,50,50],"damage_taken":[{"damage":1,"enemies":"Small Slimes","floor":1,"turns":4},{"damage":0,"enemies":"2 Louse","floor":2,"turns":2},{"damage":53,"enemies":"Lagavulin","floor":7,"turns":16},{"damage":0,"enemies":"Cultist","floor":10,"turns":4},{"damage":0,"enemies":"Looter","floor":14,"turns":3},{"damage":22,"enemies":"Hexaghost","floor":16,"turns":10},{"damage":15,"enemies":"Spheric Guardian","floor":18,"turns":5},{"damage":1,"enemies":"Chosen","floor":21,"turns":3},{"damage":12,"enemies":"Centurion and Healer","floor":24,"turns":5},{"damage":5,"enemies":"Snake Plant","floor":27,"turns":5},{"damage":7,"enemies":"Cultist and Chosen","floor":28,"turns":6},{"damage":46,"enemies":"Champ","floor":33,"turns":10},{"damage":21,"enemies":"3 Darklings","floor":35,"turns":9},{"damage":8,"enemies":"Orb Walker","floor":37,"turns":4},{"damage":46,"enemies":"3 Darklings","floor":38,"turns":5},{"damage":29,"enemies":"Sphere and 2 Shapes","floor":44,"turns":5},{"damage":83,"enemies":"Donu and Deca","floor":50,"turns":8}],"event_choices":[{"event_name":"Living Wall","player_choice":"Change","floor":4,"damage_taken":0},{"event_name":"Golden Idol","player_choice":"Take Wound","floor":5,"damage_taken":0},{"event_name":"Scrap Ooze","player_choice":"unsuccessful","floor":8,"damage_taken":12},{"event_name":"Mushrooms","player_choice":"Healed and dodged fight","floor":12,"damage_taken":0},{"event_name":"Drug Dealer","player_choice":"Ignored","floor":20,"damage_taken":0},{"event_name":"Vampires","player_choice":"Ignored","floor":22,"damage_taken":0},{"event_name":"Forgotten Altar","player_choice":"Gave Idol","floor":29,"damage_taken":0},{"event_name":"Upgrade Shrine","player_choice":"Upgraded","floor":30,"damage_taken":0},{"event_name":"Mysterious Sphere","player_choice":"Ignore","floor":36,"damage_taken":0},{"event_name":"Upgrade Shrine","player_choice":"Upgraded","floor":39,"damage_taken":0},{"event_name":"Winding Halls","player_choice":"Writhe","floor":45,"damage_taken":0}],"boss_relics":[{"not_picked":["Velvet Choker","Runic Pyramid"],"picked":"Pandora\u0027s Box"},{"not_picked":["White Beast Statue","Runic Dome"],"picked":"Tiny House"}],"potions_floor_spawned":[1,2,14,18,24,33,37,44],"seed_played":"696272092808400899","killed_by":"Donu and Deca","ascension_level":0,"is_trial":false}