{"gold_per_floor":[114,114,127,77,3,31,31,65,65,76,7,34,54,54,54,158,158,172,191,106,106,122,153,153,180,180,194,194,40,40,75,75,180,180,200,200,250,160,180,209,226,226,251,281,281],"floor_reached":45,"playtime":2994,"items_purged":[],"score":600,"play_id":"cc51f1f2-ea6c-4188-893a-0f5c750435d4","local_time":"20190531184816","is_ascension_mode":true,"campfire_choices":[{"floor":7,"key":"REST"},{"floor":15,"key":"REST"},{"floor":30,"key":"REST"},{"floor":32,"key":"REST"},{"floor":42,"key":"REST"}],"neow_cost":"NONE","seed_source_timestamp":16500738650607,"circlet_count":0,"master_deck":["Strike_B","Defend_B","Defend_B","Defend_B+1","Defend_B+1","Zap","Dualcast","Rebound+1","Buffer","Doom and Gloom+1","Self Repair","Conserve Battery+1","Reboot","Sunder","Genetic Algorithm","FTL","Electrodynamics","Rip and Tear","RitualDagger","Auto Shields","Hyperbeam","Defragment","Gash","Multi-Cast","Leap+1","Hologram+1","Conserve Battery+1","Compile Driver+1","Redo+1","Seek"],"relics":["Cracked Core","Letter Opener","Blue Candle","War Paint","Lantern","Odd Mushroom","Fusion Hammer","Pen Nib","Blood Vial","DataDisk","Bottled Flame","Bottled Tornado","Orichalcum","Happy Flower","Nuclear Battery","Torii","Dream Catcher","Potion Belt","Question Card"],"potions_floor_usage":[13,13,23,40,40,44],"damage_taken":[{"damage":9,"enemies":"Jaw Worm","floor":1,"turns":3},{"damage":0,"enemies":"2 Louse","floor":3,"turns":2},{"damage":23,"enemies":"3 Sentries","floor":6,"turns":5},{"damage":28,"enemies":"Gremlin Nob","floor":8,"turns":4},{"damage":0,"enemies":"Small Slimes","floor":10,"turns":2},{"damage":10,"enemies":"Lagavulin","floor":12,"turns":7},{"damage":9,"enemies":"The Mushroom Lair","floor":13,"turns":2},{"damage":14,"enemies":"The Guardian","floor":16,"turns":8},{"damage":1,"enemies":"Spheric Guardian","floor":18,"turns":3},{"damage":15,"enemies":"2 Thieves","floor":19,"turns":3},{"damage":12,"enemies":"Centurion and Healer","floor":22,"turns":5},{"damage":19,"enemies":"Slavers","floor":23,"turns":3},{"damage":24,"enemies":"Gremlin Leader","floor":25,"turns":5},{"damage":5,"enemies":"Shelled Parasite and Fungi","floor":27,"turns":5},{"damage":14,"enemies":"Slavers","floor":31,"turns":4},{"damage":46,"enemies":"Champ","floor":33,"turns":10},{"damage":0,"enemies":"3 Shapes","floor":35,"turns":2},{"damage":10,"enemies":"2 Orb Walkers","floor":37,"turns":3},{"damage":1,"enemies":"3 Darklings","floor":39,"turns":2},{"damage":63,"enemies":"Giant Head","floor":40,"turns":10},{"damage":0,"enemies":"Jaw Worm Horde","floor":41,"turns":1},{"damage":36,"enemies":"Nemesis","floor":44,"turns":9},{"damage":29,"enemies":"Writhing Mass","floor":45,"turns":5}],"seed_played":"-2565907701249305151","potions_obtained":[{"floor":6,"key":"SteroidPotion"},{"floor":10,"key":"Fire Potion"},{"floor":13,"key":"Regen Potion"},{"floor":16,"key":"SteroidPotion"},{"floor":18,"key":"Explosive Potion"},{"floor":33,"key":"Fire Potion"},{"floor":40,"key":"GamblersBrew"},{"floor":41,"key":"Poison Potion"}],"is_trial":false,"path_per_floor":["M","?","M","?","$","E","R","E","T","M","$","E","?","$","R","B",null,"M","M","?","?","M","E","T","E","T","M","?","$","R","E","R","B",null,"M","?","?","?","M","E","M","R","T","E","M"],"character_chosen":"DEFECT","items_purchased":["Doom and Gloom","Sunder","Orichalcum"],"campfire_rested":5,"item_purchase_floors":[5,11,29],"current_hp_per_floor":[66,51,51,51,51,28,50,22,22,29,29,26,17,17,39,32,75,74,59,59,53,48,36,36,21,21,25,25,25,47,35,57,20,75,75,71,68,68,71,15,17,38,38,26,0],"gold":281,"neow_bonus":"REMOVE_CARD","is_prod":false,"is_daily":false,"chose_seed":false,"campfire_upgraded":0,"win_rate":0,"timestamp":1559342896,"path_taken":["M","?","M","?","?","E","R","E","T","M","$","E","?","$","R","BOSS","M","M","?","?","M","E","?","E","T","M","?","?","R","E","R","BOSS","M","?","?","?","M","E","M","R","T","E","?"],"build_version":"2019-01-23","purchased_purges":0,"victory":false,"max_hp_per_floor":[75,75,75,75,75,75,75,75,75,75,75,75,75,75,75,75,75,75,75,75,75,75,75,75,75,75,75,75,75,75,75,75,75,75,75,71,71,71,71,71,71,71,71,71,71],"card_choices":[{"not_picked":["Compile Driver","Barrage"],"picked":"Rebound","floor":1},{"not_picked":["Streamline","Sweeping Beam"],"picked":"Buffer","floor":3},{"not_picked":["Fusion","Steam"],"picked":"Self Repair","floor":6},{"not_picked":["Heatsinks","Beam Cell"],"picked":"Conserve Battery","floor":8},{"not_picked":["Rebound","Leap"],"picked":"Reboot","floor":10},{"not_picked":["Aggregate","Multi-Cast"],"picked":"Genetic Algorithm","floor":12},{"not_picked":["Steam Power","Storm"],"picked":"FTL","floor":13},{"not_picked":["Rainbow","Amplify"],"picked":"Electrodynamics","floor":16},{"not_picked":["Sunder","Barrage","Compile Driver"],"picked":"SKIP","floor":18},{"not_picked":["Lockon","Reprogram"],"picked":"Rip and Tear","floor":19},{"not_picked":["Turbo+1","Scrape","Sweeping Beam"],"picked":"SKIP","floor":22},{"not_picked":["Reinforced Body","Consume"],"picked":"Auto Shields","floor":23},{"not_picked":["Sunder","Barrage"],"picked":"Hyperbeam","floor":25},{"not_picked":["Streamline","Gash"],"picked":"Defragment","floor":27},{"not_picked":["Scrape","Storm"],"picked":"Gash","floor":31},{"not_picked":["Creative AI","Biased Cognition"],"picked":"Multi-Cast","floor":33},{"not_picked":["Glacier","Rebound"],"picked":"Leap+1","floor":35},{"not_picked":["Tempest","Go for the Eyes"],"picked":"Hologram+1","floor":37},{"not_picked":["Sweeping Beam+1","Rebound"],"picked":"Conserve Battery+1","floor":39},{"not_picked":["Chill","Hologram","Electrodynamics"],"picked":"SKIP","floor":40},{"not_picked":["Leap","Go for the Eyes+1"],"picked":"Compile Driver+1","floor":41},{"not_picked":["Force Field","Chaos"],"picked":"Redo+1","floor":42},{"not_picked":["Go for the Eyes+1","Melter"],"picked":"Seek","floor":44}],"player_experience":281031,"relics_obtained":[{"floor":6,"key":"Letter Opener"},{"floor":8,"key":"Blue Candle"},{"floor":9,"key":"War Paint"},{"floor":12,"key":"Lantern"},{"floor":13,"key":"Odd Mushroom"},{"floor":23,"key":"Blood Vial"},{"floor":24,"key":"DataDisk"},{"floor":25,"key":"Bottled Flame"},{"floor":26,"key":"Bottled Tornado"},{"floor":31,"key":"Happy Flower"},{"floor":37,"key":"Torii"},{"floor":40,"key":"Dream Catcher"},{"floor":43,"key":"Potion Belt"},{"floor":44,"key":"Question Card"}],"event_choices":[{"damage_healed":0,"gold_gain":0,"player_choice":"Entered Light","damage_taken":15,"max_hp_gain":0,"max_hp_loss":0,"event_name":"Shining Light","floor":2,"gold_loss":0,"cards_upgraded":["Rebound","Defend_B"]},{"cards_removed":["Strike_B"],"damage_healed":0,"gold_gain":0,"player_choice":"Card Removal","damage_taken":0,"max_hp_gain":0,"max_hp_loss":0,"event_name":"The Cleric","floor":4,"gold_loss":50},{"damage_healed":0,"gold_gain":0,"player_choice":"Fought Mushrooms","damage_taken":0,"max_hp_gain":0,"max_hp_loss":0,"event_name":"Mushrooms","floor":13,"gold_loss":0},{"damage_healed":0,"gold_gain":0,"player_choice":"Obtained Relic","damage_taken":0,"relics_obtained":["Pen Nib"],"max_hp_gain":0,"max_hp_loss":0,"event_name":"Addict","floor":20,"gold_loss":85},{"damage_healed":0,"gold_gain":0,"player_choice":"Joined the Cult","damage_taken":6,"max_hp_gain":0,"max_hp_loss":0,"event_name":"Nest","floor":21,"gold_loss":0,"cards_obtained":["RitualDagger"]},{"damage_healed":0,"gold_gain":0,"player_choice":"Ignored","damage_taken":0,"max_hp_gain":0,"max_hp_loss":0,"event_name":"The Mausoleum","floor":28,"gold_loss":0},{"damage_healed":0,"gold_gain":0,"player_choice":"Max HP","damage_taken":0,"max_hp_gain":0,"max_hp_loss":4,"event_name":"Winding Halls","floor":36,"gold_loss":0},{"damage_healed":0,"gold_gain":0,"player_choice":"Fight","damage_taken":0,"max_hp_gain":0,"max_hp_loss":0,"event_name":"Mysterious Sphere","floor":37,"gold_loss":0},{"cards_removed":["Strike_B"],"damage_healed":0,"gold_gain":0,"player_choice":"Upgrade and Remove","damage_taken":0,"max_hp_gain":0,"max_hp_loss":0,"event_name":"Designer","floor":38,"gold_loss":90,"cards_upgraded":["Doom and Gloom"]}],"is_beta":false,"boss_relics":[{"not_picked":["Astrolabe","Calling Bell"],"picked":"Fusion Hammer"},{"not_picked":["Empty Cage","Lizard Tail"],"picked":"Nuclear Battery"}],"items_purged_floors":[],"is_endless":false,"potions_floor_spawned":[6,10,13,16,18,19,22,33,39,40,41],"killed_by":"Writhing Mass","ascension_level":2}