{"gold_per_floor":[119,119,137,137,158,158,193,208,208,208,208,232,232,13,13,142,142,160,198,218,218,10,54,74,74,101,101,141,141,177,177,177,306,306,326,340,340,355,355,355,396,396,422,436,561,575,411,411],"floor_reached":48,"playtime":2828,"items_purged":["Decay"],"score":623,"play_id":"29dc47a8-3ec8-495d-a6d0-a81526ac4e09","local_time":"20190505114945","is_ascension_mode":true,"campfire_choices":[{"data":"Blade Dance","floor":6.0,"key":"SMITH"},{"floor":10.0,"key":"REST"},{"floor":13.0,"key":"REST"},{"floor":15.0,"key":"REST"},{"floor":25,"key":"RECALL"},{"data":"Catalyst","floor":27,"key":"SMITH"},{"floor":29,"key":"REST"},{"floor":32,"key":"REST"},{"data":"After Image","floor":40,"key":"SMITH"},{"floor":42,"key":"REST"}],"neow_cost":"NONE","seed_source_timestamp":0,"circlet_count":0,"master_deck":["Defend_G","Defend_G","Defend_G","Defend_G","Strike_G","Strike_G","Survivor","Neutralize","Blade Dance+1","Terror","Deadly Poison","Catalyst+1","Dark Shackles","Die Die Die","Blade Dance+1","Deadly Poison+1","Catalyst+1","Noxious Fumes+1","After Image+1","Noxious Fumes+1","Backflip","Deflect+1","Adrenaline"],"special_seed":0,"relics":["Ring of the Snake","NeowsBlessing","Golden Idol","Du-Vu Doll","FossilizedHelix","Vajra","Astrolabe","Red Mask","Prayer Wheel","Lee\u0027s Waffle","Bronze Scales","WingedGreaves","Calipers","Nilry\u0027s Codex","Eternal Feather","Centennial Puzzle","Regal Pillow","Dead Branch"],"potions_floor_usage":[19,23,28,33,41,41],"damage_taken":[{"damage":0.0,"enemies":"2 Louse","floor":1.0,"turns":1.0},{"damage":0.0,"enemies":"Cultist","floor":3.0,"turns":1.0},{"damage":0.0,"enemies":"Small Slimes","floor":5.0,"turns":1.0},{"damage":37.0,"enemies":"Gremlin Nob","floor":7.0,"turns":5.0},{"damage":3.0,"enemies":"Looter","floor":8.0,"turns":2.0},{"damage":13.0,"enemies":"Exordium Thugs","floor":12.0,"turns":6.0},{"damage":52.0,"enemies":"The Guardian","floor":16.0,"turns":10.0},{"damage":22,"enemies":"Spheric Guardian","floor":18,"turns":4},{"damage":25,"enemies":"Masked Bandits","floor":19,"turns":3},{"damage":6,"enemies":"3 Byrds","floor":20,"turns":3},{"damage":0,"enemies":"Book of Stabbing","floor":23,"turns":4},{"damage":0,"enemies":"Snecko","floor":24,"turns":3},{"damage":35,"enemies":"Gremlin Leader","floor":28,"turns":4},{"damage":22,"enemies":"Book of Stabbing","floor":30,"turns":5},{"damage":40,"enemies":"Collector","floor":33,"turns":4},{"damage":0,"enemies":"Orb Walker","floor":35,"turns":2},{"damage":13,"enemies":"3 Shapes","floor":36,"turns":5},{"damage":15,"enemies":"3 Darklings","floor":38,"turns":5},{"damage":50,"enemies":"Reptomancer","floor":41,"turns":7},{"damage":6,"enemies":"4 Shapes","floor":44,"turns":6},{"damage":16,"enemies":"Mind Bloom Boss Battle","floor":45,"turns":6},{"damage":27,"enemies":"Spire Growth","floor":46,"turns":4},{"damage":5,"enemies":"3 Darklings","floor":48,"turns":3}],"seed_played":"-1457577636658954375","potions_obtained":[{"floor":5.0,"key":"Energy Potion"},{"floor":12.0,"key":"Fruit Juice"},{"floor":16.0,"key":"Strength Potion"},{"floor":23,"key":"Dexterity Potion"},{"floor":28,"key":"SteroidPotion"},{"floor":30,"key":"SkillPotion"},{"floor":33,"key":"PowerPotion"},{"floor":44,"key":"Fire Potion"},{"floor":45,"key":"Explosive Potion"}],"is_trial":false,"path_per_floor":["M","?","M","?","M","R","E","M","T","R","?","M","R","$","R","B",null,"M","?","M","?","$","E","M","R","T","R","E","R","E","?","R","B",null,"M","M","$","M","?","R","E","R","T","M","?","M","$","M"],"character_chosen":"THE_SILENT","items_purchased":["Vajra","Lee\u0027s Waffle","Adrenaline"],"campfire_rested":6,"item_purchase_floors":[14,22,47],"current_hp_per_floor":[70,70,70,53,53,53,16,13,13,34,34,21,42,42,63,11,70,48,23,17,17,77,82,82,82,82,82,47,71,49,33,57,17,82,82,69,69,54,54,66,16,52,52,46,30,3,3,0],"gold":411,"neow_bonus":"THREE_ENEMY_KILL","is_prod":false,"is_daily":false,"chose_seed":false,"campfire_upgraded":3,"win_rate":0,"timestamp":1557020985,"path_taken":["M","?","?","?","M","R","E","M","T","R","?","M","R","$","R","BOSS","M","?","M","?","$","E","M","R","T","R","E","R","E","?","R","BOSS","M","M","$","M","?","R","E","R","T","?","?","M","$","M"],"build_version":"2019-01-23","purchased_purges":1,"victory":false,"max_hp_per_floor":[70,70,70,70,70,70,70,70,70,70,70,70,70,70,70,70,70,70,70,70,70,77,82,82,82,82,82,82,82,82,82,82,82,82,82,82,82,82,82,82,82,82,82,82,82,82,82,82],"card_choices":[{"not_picked":["Acrobatics","Concentrate","Distraction"],"picked":"SKIP","floor":1.0},{"not_picked":["Escape Plan","Blur"],"picked":"Blade Dance","floor":3.0},{"not_picked":["Flying Knee","Masterful Stab"],"picked":"Terror","floor":5.0},{"not_picked":["Underhanded Strike","Endless Agony"],"picked":"Deadly Poison","floor":7.0},{"not_picked":["Prepared","Dagger Spray","PiercingWail"],"picked":"SKIP","floor":8.0},{"not_picked":["Dagger Throw","Poisoned Stab","Deadly Poison"],"picked":"SKIP","floor":12.0},{"not_picked":["Doppelganger","Corpse Explosion"],"picked":"Die Die Die","floor":16.0},{"not_picked":["Dagger Throw","Escape Plan","Sucker Punch"],"picked":"SKIP","floor":18},{"not_picked":["Slice+1","Bane+1","Sucker Punch"],"picked":"SKIP","floor":20},{"not_picked":["Deflect","Bane","Outmaneuver"],"picked":"SKIP","floor":23},{"not_picked":["Doppelganger","Quick Slash"],"picked":"Noxious Fumes+1","floor":24},{"not_picked":["Expertise","Flying Knee","Outmaneuver"],"picked":"SKIP","floor":24},{"not_picked":["Slice","Storm of Steel","Flying Knee"],"picked":"SKIP","floor":28},{"not_picked":["Backflip","Escape Plan+1"],"picked":"After Image","floor":30},{"not_picked":["Quick Slash","Sucker Punch","Underhanded Strike+1"],"picked":"SKIP","floor":35},{"not_picked":["Poisoned Stab","Dagger Spray+1","Infinite Blades+1"],"picked":"SKIP","floor":35},{"not_picked":["Outmaneuver+1","Poisoned Stab+1"],"picked":"Noxious Fumes+1","floor":36},{"not_picked":["Setup","Storm of Steel"],"picked":"Backflip","floor":36},{"not_picked":["Dagger Spray+1","Deadly Poison","Riddle With Holes+1"],"picked":"SKIP","floor":38},{"not_picked":["Crippling Poison","Noxious Fumes","PiercingWail"],"picked":"SKIP","floor":38},{"not_picked":["Sucker Punch","Reflex","Deadly Poison+1"],"picked":"SKIP","floor":41},{"not_picked":["Noxious Fumes","Bane","Quick Slash"],"picked":"SKIP","floor":44},{"not_picked":["Blade Dance","Deadly Poison","Escape Plan"],"picked":"SKIP","floor":44},{"not_picked":["Outmaneuver+1","Flying Knee+1"],"picked":"Deflect+1","floor":46},{"not_picked":["Dagger Spray","Bane","Acrobatics"],"picked":"SKIP","floor":46}],"player_experience":360387,"relics_obtained":[{"floor":7.0,"key":"Du-Vu Doll"},{"floor":9.0,"key":"FossilizedHelix"},{"floor":19,"key":"Red Mask"},{"floor":23,"key":"Bronze Scales"},{"floor":28,"key":"WingedGreaves"},{"floor":30,"key":"Calipers"},{"floor":31,"key":"Nilry\u0027s Codex"},{"floor":41,"key":"Centennial Puzzle"},{"floor":43,"key":"Regal Pillow"},{"floor":45,"key":"Dead Branch"}],"event_choices":[{"damage_healed":0.0,"max_hp_gain":0.0,"max_hp_loss":0.0,"gold_gain":0.0,"event_name":"Wheel of Change","player_choice":"Cursed","floor":2.0,"gold_loss":0.0,"damage_taken":0.0,"cards_obtained":["Decay"]},{"damage_healed":0.0,"max_hp_gain":0.0,"max_hp_loss":0.0,"gold_gain":0.0,"event_name":"Golden Idol","player_choice":"Take Damage","floor":4.0,"gold_loss":0.0,"damage_taken":17.0,"relics_obtained":["Golden Idol"]},{"damage_healed":0.0,"max_hp_gain":0.0,"max_hp_loss":0.0,"gold_gain":0.0,"event_name":"Match and Keep!","player_choice":"2 cards matched","floor":11.0,"gold_loss":0.0,"damage_taken":0.0,"cards_obtained":["Catalyst","Dark Shackles"]},{"damage_healed":0,"gold_gain":0,"player_choice":"Fought Bandits","damage_taken":0,"max_hp_gain":0,"max_hp_loss":0,"event_name":"Masked Bandits","floor":19,"gold_loss":0},{"damage_healed":0,"gold_gain":0,"player_choice":"Opened","damage_taken":0,"relics_obtained":["Prayer Wheel"],"max_hp_gain":0,"max_hp_loss":0,"event_name":"The Mausoleum","floor":21,"gold_loss":0},{"damage_healed":0,"gold_gain":0,"player_choice":"Obtained Book","damage_taken":16,"max_hp_gain":0,"max_hp_loss":0,"event_name":"Cursed Tome","floor":31,"gold_loss":0},{"cards_removed":["Strike_G"],"damage_healed":0,"gold_gain":0,"player_choice":"Purged","damage_taken":0,"max_hp_gain":0,"max_hp_loss":0,"event_name":"Purifier","floor":39,"gold_loss":0},{"damage_healed":0,"gold_gain":0,"player_choice":"Fight","damage_taken":0,"max_hp_gain":0,"max_hp_loss":0,"event_name":"MindBloom","floor":45,"gold_loss":0}],"is_beta":false,"boss_relics":[{"not_picked":["Philosopher\u0027s Stone","Calling Bell"],"picked":"Astrolabe"},{"not_picked":["Empty Cage","HoveringKite"],"picked":"Eternal Feather"}],"items_purged_floors":[14],"is_endless":false,"potions_floor_spawned":[5,12,16,23,28,30,33,35,44,45],"killed_by":"3 Darklings","ascension_level":2}