{"path_per_floor":["M","?","$","M","M","R","M","?","T","M","?","R","$","M","R","B",null,"M","?","?","?","M","R"],"character_chosen":"THE_SILENT","items_purchased":["Sucker Punch","Swift Strike"],"gold_per_floor":[111,111,13,27,37,37,48,298,298,318,342,342,140,152,152,249,249,267,192,192,192,205,205],"floor_reached":24,"campfire_rested":2,"playtime":2680,"current_hp_per_floor":[69,69,69,69,69,69,56,56,70,67,53,78,78,72,72,23,84,64,64,64,48,37,62],"items_purged":["Strike_G","Strike_G"],"gold":205,"score":186,"play_id":"573cc7ac-43c4-43a8-a9df-4b5a1b803efe","is_prod":false,"is_daily":false,"is_ascension_mode":false,"campfire_upgraded":2,"path_taken":["M","?","$","?","M","R","M","?","T","M","?","R","$","M","R","BOSS","M","?","?","?","M","R","E"],"build_version":"2018-02-08-PROD1","purchased_purges":2,"victory":false,"master_deck":["Survivor","Neutralize","Infinite Blades+1","Sucker Punch","Quick Slash","Deflect","Cloak And Dagger","Dagger Throw","Quick Slash+1","Swift Strike","Footwork","Dagger Throw","Dagger Spray","Backflip","Bane","Poisoned Stab","Dodge and Roll","Blur","Neutralize","Purity","Endless Agony"],"max_hp_per_floor":[70,70,70,70,70,70,70,70,84,84,84,84,84,84,84,84,84,84,84,84,84,84,84],"relics":["Ring of the Snake","Omamori","Mango","Odd Mushroom","Pandora\u0027s Box"],"card_choices":[{"not_picked":["Flechettes","Terror"],"picked":"Infinite Blades"},{"not_picked":["Acrobatics","Prepared"],"picked":"Quick Slash"},{"not_picked":["Outmaneuver","Calculated Gamble"],"picked":"Deflect"},{"not_picked":["Envenom","Bane"],"picked":"Cloak And Dagger"},{"not_picked":["Backflip","Blade Dance"],"picked":"Dagger Throw"},{"not_picked":["Deadly Poison","Calculated Gamble"],"picked":"Quick Slash"},{"not_picked":["Flechettes","Expertise"],"picked":"Footwork"},{"not_picked":["Skewer","Leg Sweep"],"picked":"Blur"},{"not_picked":["Outmaneuver","Masterful Stab"],"picked":"Endless Agony"}],"player_experience":102789,"potions_floor_usage":[16,16,18,24],"damage_taken":[{"damage":1,"enemies":"Small Slimes","floor":1,"turns":5},{"damage":0,"enemies":"Blue Slaver","floor":4,"turns":4},{"damage":0,"enemies":"Cultist","floor":5,"turns":4},{"damage":13,"enemies":"Gremlin Gang","floor":7,"turns":5},{"damage":3,"enemies":"Exordium Wildlife","floor":10,"turns":4},{"damage":14,"enemies":"The Mushroom Lair","floor":11,"turns":6},{"damage":6,"enemies":"Lots of Slimes","floor":14,"turns":5},{"damage":49,"enemies":"The Guardian","floor":16,"turns":13},{"damage":20,"enemies":"2 Thieves","floor":18,"turns":4},{"damage":11,"enemies":"Chosen","floor":22,"turns":6},{"damage":73,"enemies":"Gremlin Leader","floor":24,"turns":10}],"event_choices":[{"event_name":"Bonfire Elementals","player_choice":"BASIC","floor":2,"damage_taken":0},{"event_name":"Golden Shrine","player_choice":"Desecrate","floor":8,"damage_taken":0},{"event_name":"Mushrooms","player_choice":"Fought Mushrooms","floor":11,"damage_taken":0},{"event_name":"Beggar","player_choice":"Gave Gold","floor":19,"damage_taken":0},{"event_name":"Match and Keep!","player_choice":"1 cards matched","floor":20,"damage_taken":0},{"event_name":"Knowing Skull","player_choice":"CARD ","floor":21,"damage_taken":0}],"boss_relics":[{"not_picked":["Eternal Feather","Snecko Eye"],"picked":"Pandora\u0027s Box"}],"potions_floor_spawned":[1,10,14,16,22],"seed_played":"-6393822126670605103","killed_by":"Gremlin Leader","ascension_level":0,"is_trial":false}