{"gold_per_floor":[115,40,58,58,75,75,91,118,118,128,138,138,138],"floor_reached":13,"playtime":673,"items_purged":["Strike_R"],"score":87,"play_id":"e5ef7fb3-b0ed-4f1a-8ebf-b73f8aef1b11","local_time":"20190622221834","is_ascension_mode":false,"campfire_choices":[{"floor":6,"key":"REST"}],"neow_cost":"NONE","seed_source_timestamp":5149692015920,"circlet_count":0,"master_deck":["Strike_R","Strike_R","Strike_R","Defend_R","Defend_R","Defend_R","Defend_R","Bash","Inflame","Thunderclap","Pommel Strike","Thunderclap","Iron Wave","Intimidate","Infernal Blade","Iron Wave"],"relics":["Runic Cube","Gremlin Horn","Paper Frog"],"potions_floor_usage":[8,8],"damage_taken":[{"damage":9,"enemies":"Small Slimes","floor":1,"turns":3},{"damage":6,"enemies":"Cultist","floor":3,"turns":3},{"damage":7,"enemies":"2 Louse","floor":5,"turns":3},{"damage":28,"enemies":"Gremlin Gang","floor":7,"turns":4},{"damage":9,"enemies":"3 Sentries","floor":8,"turns":6},{"damage":16,"enemies":"Red Slaver","floor":10,"turns":3},{"damage":20,"enemies":"Large Slime","floor":11,"turns":8},{"damage":7,"enemies":"Blue Slaver","floor":13,"turns":1}],"seed_played":"4697028639527142013","potions_obtained":[{"floor":3,"key":"EssenceOfSteel"},{"floor":7,"key":"AttackPotion"},{"floor":11,"key":"Fruit Juice"}],"is_trial":false,"path_per_floor":["M","$","M","?","M","R","M","E","T","M","M","?","M"],"character_chosen":"IRONCLAD","items_purchased":[],"campfire_rested":1,"item_purchase_floors":[],"current_hp_per_floor":[71,71,65,65,58,80,52,43,43,27,7,7,0],"gold":138,"neow_bonus":"BOSS_RELIC","is_prod":false,"is_daily":false,"chose_seed":false,"campfire_upgraded":0,"win_rate":0.0,"timestamp":1561256314,"path_taken":["M","$","M","?","M","R","M","E","T","M","?","?","M"],"build_version":"2019-01-23","purchased_purges":1,"victory":false,"max_hp_per_floor":[80,80,80,80,80,80,80,80,80,80,80,80,80],"card_choices":[{"not_picked":["Clothesline","Combust"],"picked":"Inflame","floor":1},{"not_picked":["Flex","Warcry"],"picked":"Thunderclap","floor":3},{"not_picked":["Evolve","Barricade"],"picked":"Pommel Strike","floor":5},{"not_picked":["Flex","Flame Barrier"],"picked":"Thunderclap","floor":7},{"not_picked":["Pummel","Headbutt"],"picked":"Iron Wave","floor":8},{"not_picked":["Corruption","Reckless Charge"],"picked":"Intimidate","floor":10},{"not_picked":["Headbutt","Shrug It Off"],"picked":"Infernal Blade","floor":11}],"player_experience":141239,"relics_obtained":[{"floor":8,"key":"Gremlin Horn"},{"floor":9,"key":"Paper Frog"}],"event_choices":[{"damage_healed":0,"gold_gain":0,"player_choice":"Bought 0 Potions","damage_taken":0,"max_hp_gain":0,"max_hp_loss":0,"event_name":"The Woman in Blue","floor":4,"gold_loss":0},{"damage_healed":0,"gold_gain":0,"cards_transformed":["Strike_R"],"player_choice":"Transformed","damage_taken":0,"max_hp_gain":0,"max_hp_loss":0,"event_name":"Transmorgrifier","floor":12,"gold_loss":0,"cards_obtained":["Iron Wave"]}],"is_beta":false,"boss_relics":[],"items_purged_floors":[2],"is_endless":false,"potions_floor_spawned":[3,7,11],"killed_by":"Blue Slaver","ascension_level":0}