{"gold_per_floor":[119,129,129,147,147,147,172,183,183,183,183,213,213,288,288,385,435,451,66,81,100,100,100,125,125],"floor_reached":25,"playtime":1194,"items_purged":["Regret"],"score":230,"play_id":"97ad6b50-234d-46dc-9f55-1a50442f6fd4","local_time":"20190416205323","is_ascension_mode":true,"campfire_choices":[{"data":"Sweeping Beam","floor":6,"key":"SMITH"},{"floor":10,"key":"REST"},{"floor":15,"key":"REST"},{"floor":23,"key":"REST"}],"neow_cost":"NONE","seed_source_timestamp":523629898180534,"circlet_count":0,"master_deck":["Strike_B","Strike_B","Strike_B","Strike_B","Defend_B","Defend_B","Defend_B+1","Defend_B","Zap","Dualcast+1","Sweeping Beam+1","Darkness","Ball Lightning"],"relics":["Busted Crown","Orichalcum","Calipers","Blue Candle","Tiny House","Prayer Wheel","Nilry\u0027s Codex","PreservedInsect"],"potions_floor_usage":[8,21,24],"damage_taken":[{"damage":1,"enemies":"Jaw Worm","floor":1,"turns":4},{"damage":0,"enemies":"2 Louse","floor":2,"turns":2},{"damage":2,"enemies":"Small Slimes","floor":4,"turns":3},{"damage":37,"enemies":"Gremlin Nob","floor":7,"turns":5},{"damage":2,"enemies":"2 Fungi Beasts","floor":8,"turns":2},{"damage":41,"enemies":"Slime Boss","floor":16,"turns":10},{"damage":24,"enemies":"2 Thieves","floor":18,"turns":4},{"damage":15,"enemies":"Spheric Guardian","floor":20,"turns":4},{"damage":11,"enemies":"Centurion and Healer","floor":21,"turns":7},{"damage":40,"enemies":"Gremlin Leader","floor":24,"turns":7},{"damage":24,"enemies":"Shelled Parasite and Fungi","floor":25,"turns":3}],"seed_played":"-3392199954971677523","potions_obtained":[{"floor":1,"key":"EssenceOfSteel"},{"floor":4,"key":"Fruit Juice"},{"floor":8,"key":"Regen Potion"},{"floor":17,"key":"FocusPotion"}],"is_trial":false,"path_per_floor":["M","M","?","M","$","R","E","M","T","R","?","?","?","?","R","B",null,"M","$","M","M","?","R","E","M"],"character_chosen":"DEFECT","items_purchased":["Ball Lightning","Prayer Wheel"],"campfire_rested":3,"item_purchase_floors":[19,19],"current_hp_per_floor":[74,74,74,72,72,72,35,38,38,62,62,62,62,51,75,34,85,61,61,46,35,19,44,13,0],"gold":125,"neow_bonus":"BOSS_RELIC","is_prod":false,"is_daily":false,"chose_seed":false,"campfire_upgraded":1,"win_rate":0,"timestamp":1555412003,"path_taken":["M","M","?","M","$","R","E","M","T","R","?","?","?","?","R","BOSS","M","$","M","M","?","R","E","M"],"build_version":"2019-01-23","purchased_purges":1,"victory":false,"max_hp_per_floor":[75,75,75,75,75,75,75,80,80,80,80,80,80,80,80,80,85,85,85,85,85,85,85,85,85],"card_choices":[{"not_picked":["Reprogram"],"picked":"SKIP","floor":1},{"not_picked":["Streamline"],"picked":"SKIP","floor":2},{"not_picked":[],"picked":"Sweeping Beam","floor":4},{"not_picked":["Chill"],"picked":"SKIP","floor":7},{"not_picked":["Heatsinks"],"picked":"SKIP","floor":8},{"not_picked":[],"picked":"Darkness","floor":18},{"not_picked":["Scrape"],"picked":"SKIP","floor":20},{"not_picked":["Recycle"],"picked":"SKIP","floor":20},{"not_picked":["Streamline"],"picked":"SKIP","floor":21},{"not_picked":["Rebound+1"],"picked":"SKIP","floor":21},{"not_picked":["Darkness"],"picked":"SKIP","floor":24}],"player_experience":308108,"relics_obtained":[{"floor":7,"key":"Orichalcum"},{"floor":22,"key":"Nilry\u0027s Codex"},{"floor":24,"key":"PreservedInsect"}],"event_choices":[{"damage_healed":0,"gold_gain":0,"player_choice":"Ignored","damage_taken":0,"max_hp_gain":0,"max_hp_loss":0,"event_name":"Golden Wing","floor":3,"gold_loss":0},{"damage_healed":0,"gold_gain":0,"player_choice":"Grow","damage_taken":0,"max_hp_gain":0,"max_hp_loss":0,"event_name":"Living Wall","floor":11,"gold_loss":0,"cards_upgraded":["Dualcast"]},{"damage_healed":0,"gold_gain":30,"player_choice":"Searched \u00272\u0027 times","damage_taken":0,"relics_obtained":["Calipers"],"max_hp_gain":0,"max_hp_loss":0,"event_name":"Dead Adventurer","floor":12,"gold_loss":0},{"damage_healed":0,"gold_gain":0,"player_choice":"Box","damage_taken":0,"relics_obtained":["Blue Candle"],"max_hp_gain":0,"max_hp_loss":0,"event_name":"Big Fish","floor":13,"gold_loss":0,"cards_obtained":["Regret"]},{"damage_healed":0,"gold_gain":75,"player_choice":"Gather Gold","damage_taken":11,"max_hp_gain":0,"max_hp_loss":0,"event_name":"World of Goop","floor":14,"gold_loss":0},{"damage_healed":0,"gold_gain":0,"player_choice":"Obtained Book","damage_taken":16,"max_hp_gain":0,"max_hp_loss":0,"event_name":"Cursed Tome","floor":22,"gold_loss":0}],"is_beta":false,"boss_relics":[{"not_picked":["Runic Pyramid","Lizard Tail"],"picked":"Tiny House"}],"items_purged_floors":[19],"is_endless":false,"potions_floor_spawned":[1,4,8,18],"killed_by":"Shelled Parasite and Fungi","ascension_level":1}