{"gold_per_floor":[110,285,295,75,75,75,90,90,117,133,133,133,133,166,166,265,265,278,290,144,144],"floor_reached":21,"playtime":746,"items_purged":["Doubt"],"score":274,"play_id":"60c72bb2-fd54-4176-b7af-5fa4623c5d40","local_time":"20190624171928","is_ascension_mode":true,"campfire_choices":[{"data":"Bash","floor":6,"key":"SMITH"},{"data":"Demon Form","floor":8,"key":"SMITH"},{"data":"Heavy Blade","floor":11,"key":"SMITH"},{"data":"Whirlwind","floor":15,"key":"SMITH"}],"neow_cost":"NONE","seed_source_timestamp":949788262136129,"circlet_count":0,"master_deck":["AscendersBane","Strike_R","Strike_R","Strike_R","Strike_R","Strike_R","Defend_R","Defend_R","Defend_R","Defend_R","Bash+1","Thunderclap","Heavy Blade+1","Demon Form+1","Whirlwind+1","Decay","Disarm","Warcry","Fire Breathing","Exhume","Armaments"],"relics":["Black Blood","Potion Belt","Orichalcum","Bag of Preparation","Mummified Hand","Matryoshka","Pen Nib"],"potions_floor_usage":[19],"damage_taken":[{"damage":9,"enemies":"Jaw Worm","floor":1,"turns":4},{"damage":3,"enemies":"2 Louse","floor":3,"turns":4},{"damage":8,"enemies":"Cultist","floor":7,"turns":4},{"damage":7,"enemies":"Exordium Thugs","floor":10,"turns":4},{"damage":26,"enemies":"3 Sentries","floor":14,"turns":6},{"damage":25,"enemies":"Hexaghost","floor":16,"turns":7},{"damage":22,"enemies":"Chosen","floor":18,"turns":5},{"damage":38,"enemies":"Spheric Guardian","floor":19,"turns":6},{"damage":0,"enemies":"Shelled Parasite and Fungi","floor":21,"turns":1}],"seed_played":"7696231397941137688","potions_obtained":[{"floor":1,"key":"Ancient Potion"},{"floor":3,"key":"Explosive Potion"},{"floor":10,"key":"Swift Potion"},{"floor":19,"key":"Dexterity Potion"}],"is_trial":false,"path_per_floor":["M","?","M","$","?","R","M","R","T","M","R","T","?","E","R","B",null,"M","M","$","M"],"character_chosen":"IRONCLAD","items_purchased":["Demon Form","Whirlwind","Pen Nib"],"campfire_rested":0,"item_purchase_floors":[4,4,20],"current_hp_per_floor":[69,69,72,72,72,72,70,70,70,69,69,69,62,42,42,23,66,54,26,26,26],"gold":144,"neow_bonus":"RANDOM_COMMON_RELIC","is_prod":false,"is_daily":false,"chose_seed":false,"campfire_upgraded":4,"win_rate":0,"timestamp":1561360768,"path_taken":["M","?","M","$","?","R","?","R","T","M","R","?","?","E","R","BOSS","M","M","$","M"],"build_version":"2019-01-23","purchased_purges":1,"victory":false,"max_hp_per_floor":[80,80,80,80,80,80,80,80,80,80,80,80,80,80,80,80,80,80,80,80,80],"card_choices":[{"not_picked":["Second Wind","Rupture"],"picked":"Thunderclap","floor":1},{"not_picked":["Havoc","Ghostly Armor"],"picked":"Heavy Blade","floor":3},{"not_picked":["Seeing Red","Clothesline"],"picked":"Disarm","floor":7},{"not_picked":["Havoc","Dark Embrace"],"picked":"Warcry","floor":10},{"not_picked":["Clash","Warcry"],"picked":"Fire Breathing","floor":14},{"not_picked":["Juggernaut","Berserk"],"picked":"Exhume","floor":16},{"not_picked":["Clothesline","Evolve"],"picked":"Armaments","floor":18},{"not_picked":["Perfected Strike","Carnage","Flex"],"picked":"SKIP","floor":19}],"player_experience":503602,"relics_obtained":[{"floor":9,"key":"Orichalcum"},{"floor":12,"key":"Bag of Preparation"},{"floor":14,"key":"Matryoshka"}],"event_choices":[{"damage_healed":0,"gold_gain":175,"player_choice":"AGREE","damage_taken":0,"max_hp_gain":0,"max_hp_loss":0,"event_name":"Liars Game","floor":2,"gold_loss":0,"cards_obtained":["Doubt"]},{"damage_healed":0,"gold_gain":0,"player_choice":"Cursed","damage_taken":0,"max_hp_gain":0,"max_hp_loss":0,"event_name":"Wheel of Change","floor":5,"gold_loss":0,"cards_obtained":["Decay"]},{"damage_healed":0,"gold_gain":0,"player_choice":"Success","damage_taken":7,"relics_obtained":["Mummified Hand"],"max_hp_gain":0,"max_hp_loss":0,"event_name":"Scrap Ooze","floor":13,"gold_loss":0}],"is_beta":false,"boss_relics":[{"not_picked":["Eternal Feather","Runic Dome"],"picked":"Black Blood"}],"items_purged_floors":[4],"is_endless":false,"potions_floor_spawned":[1,3,10,19],"killed_by":"Shelled Parasite and Fungi","ascension_level":11}