{"gold_per_floor":[110,123,123,123,136,136,164,164,164,175,193,221,221,247,247,247],"floor_reached":16,"playtime":737,"items_purged":[],"score":162,"play_id":"58dfdf70-5f6c-4ef0-b3da-c650fb5fb076","local_time":"20190619200332","is_ascension_mode":true,"campfire_choices":[{"data":"Bash","floor":6,"key":"SMITH"},{"data":"Uppercut","floor":8,"key":"SMITH"},{"floor":15,"key":"REST"}],"neow_cost":"NONE","seed_source_timestamp":527634371383239,"circlet_count":0,"master_deck":["Strike_R","Strike_R","Strike_R","Strike_R","Strike_R","Defend_R","Defend_R","Defend_R","Defend_R","Bash+1","Uppercut+1","Headbutt","Inflame","Disarm","Iron Wave","Blood for Blood","Cleave"],"relics":["Burning Blood","NeowsBlessing","Paper Frog","PreservedInsect","Centennial Puzzle","Smiling Mask","Ornamental Fan","Sundial"],"potions_floor_usage":[16],"damage_taken":[{"damage":0,"enemies":"Jaw Worm","floor":1,"turns":1},{"damage":0,"enemies":"2 Louse","floor":2,"turns":1},{"damage":0,"enemies":"Cultist","floor":5,"turns":1},{"damage":28,"enemies":"Gremlin Nob","floor":7,"turns":4},{"damage":9,"enemies":"Blue Slaver","floor":10,"turns":3},{"damage":17,"enemies":"Large Slime","floor":11,"turns":4},{"damage":31,"enemies":"Lagavulin","floor":12,"turns":4},{"damage":16,"enemies":"3 Sentries","floor":14,"turns":5},{"damage":33,"enemies":"Slime Boss","floor":16,"turns":10}],"seed_played":"-7459881037865338312","potions_obtained":[{"floor":2,"key":"Strength Potion"},{"floor":10,"key":"Dexterity Potion"},{"floor":14,"key":"PowerPotion"}],"is_trial":false,"path_per_floor":["M","M","?","?","M","R","E","R","T","M","M","E","?","E","R","B"],"character_chosen":"IRONCLAD","items_purchased":[],"campfire_rested":1,"item_purchase_floors":[],"current_hp_per_floor":[78,80,80,80,80,80,58,58,58,55,44,19,19,9,33,0],"gold":247,"neow_bonus":"THREE_ENEMY_KILL","is_prod":false,"is_daily":false,"chose_seed":false,"campfire_upgraded":2,"win_rate":0,"timestamp":1560938612,"path_taken":["M","M","?","?","M","R","E","R","T","?","M","E","?","E","R","BOSS"],"build_version":"2019-01-23","purchased_purges":0,"victory":false,"max_hp_per_floor":[80,80,80,80,80,80,80,80,80,80,80,80,80,80,80,80],"card_choices":[{"not_picked":["Warcry","Twin Strike"],"picked":"Uppercut","floor":1},{"not_picked":["Clothesline","Body Slam"],"picked":"Headbutt","floor":2},{"not_picked":["Twin Strike","Inflame","Hemokinesis"],"picked":"SKIP","floor":5},{"not_picked":["Twin Strike","Hemokinesis"],"picked":"Inflame","floor":5},{"not_picked":["True Grit","Pommel Strike"],"picked":"Disarm","floor":7},{"not_picked":["Clothesline","Uppercut"],"picked":"Iron Wave","floor":10},{"not_picked":["Sentinel","Rage"],"picked":"Blood for Blood","floor":11},{"not_picked":["True Grit","Reckless Charge"],"picked":"Cleave","floor":12},{"not_picked":["Body Slam","Cleave","Combust"],"picked":"SKIP","floor":14}],"player_experience":463885,"relics_obtained":[{"floor":7,"key":"PreservedInsect"},{"floor":9,"key":"Centennial Puzzle"},{"floor":12,"key":"Smiling Mask"},{"floor":14,"key":"Sundial"}],"event_choices":[{"damage_healed":0,"gold_gain":0,"player_choice":"Leave","damage_taken":0,"max_hp_gain":0,"max_hp_loss":0,"event_name":"The Cleric","floor":3,"gold_loss":0},{"damage_healed":0,"gold_gain":0,"player_choice":"Gave Potion","damage_taken":0,"relics_obtained":["Paper Frog"],"max_hp_gain":0,"max_hp_loss":0,"event_name":"WeMeetAgain","floor":4,"gold_loss":0},{"damage_healed":0,"gold_gain":0,"player_choice":"Searched \u00272\u0027 times","damage_taken":0,"relics_obtained":["Ornamental Fan"],"max_hp_gain":0,"max_hp_loss":0,"event_name":"Dead Adventurer","floor":13,"gold_loss":0}],"is_beta":false,"boss_relics":[],"items_purged_floors":[],"is_endless":false,"potions_floor_spawned":[2,10,14],"killed_by":"Slime Boss","ascension_level":7}