{"path_per_floor":["M","M","M","?","M","R","M","M","T","E","R","?","M","?","R","B",null,"M","$","?","$","M","R","?","?","T","M","R","T","?","M","R"],"character_chosen":"IRONCLAD","items_purchased":["Rampage","Clash","Membership Card","Twin Strike","Iron Wave"],"gold_per_floor":[113,128,148,223,243,243,254,273,273,306,306,359,375,375,375,479,479,497,95,95,15,34,34,34,34,60,74,74,101,101,116,116],"floor_reached":33,"campfire_rested":6,"playtime":3029,"current_hp_per_floor":[67,63,60,49,48,72,62,62,72,2,29,29,22,27,54,23,90,25,25,25,25,16,43,43,43,43,35,62,62,62,28,70],"items_purged":["Strike_R"],"gold":116,"play_id":"8cd39a61-2520-4a15-9425-7658a27b59fd","is_prod":false,"is_daily":false,"is_ascension_mode":false,"campfire_upgraded":0,"path_taken":["M","M","?","?","M","R","M","M","T","E","R","?","M","?","R","BOSS","M","$","?","$","M","R","?","?","T","M","R","?","?","M","R","BOSS"],"build_version":"2018-02-01-PROD3","purchased_purges":1,"victory":false,"master_deck":["Strike_R","Strike_R","Defend_R","Defend_R+1","Defend_R","Defend_R","Bash","Dual Wield","Rampage","Iron Wave","Metallicize","Metallicize","Bludgeon","Sword Boomerang","Impervious","Pommel Strike","Rampage","Clash","Twin Strike","Iron Wave","Cleave","Inflame"],"max_hp_per_floor":[80,80,80,80,80,80,80,80,90,90,90,90,90,90,90,90,90,90,90,90,90,90,90,90,90,90,90,90,90,90,90,90],"relics":["White Beast Statue","Pear","War Paint","Lizard Tail","Membership Card","Juzu Bracelet","Regal Pillow"],"card_choices":[{"not_picked":["Body Slam","Inflame"],"picked":"Dual Wield"},{"not_picked":["True Grit","Fire Breathing"],"picked":"Rampage"},{"not_picked":["Clothesline","Reckless Charge"],"picked":"Iron Wave"},{"not_picked":["Dropkick","Bloodletting"],"picked":"Warcry"},{"not_picked":["Headbutt","Corruption"],"picked":"Metallicize"},{"not_picked":["Juggernaut","Rupture"],"picked":"Metallicize"},{"not_picked":["Clothesline","Juggernaut"],"picked":"Bludgeon"},{"not_picked":["Bloodletting","True Grit"],"picked":"Sword Boomerang"},{"not_picked":["Feed","Double Tap"],"picked":"Impervious"},{"not_picked":["True Grit","Warcry"],"picked":"Pommel Strike"},{"not_picked":["Shockwave","Armaments"],"picked":"Cleave"},{"not_picked":["Warcry","Heavy Blade"],"picked":"Inflame"}],"player_experience":42578,"potions_floor_usage":[10,10,10,13,16,18,22,31,33,33],"damage_taken":[{"damage":13,"enemies":"Blue Slaver","floor":1,"turns":5},{"damage":4,"enemies":"Small Slimes","floor":2,"turns":4},{"damage":3,"enemies":"Cultist","floor":3,"turns":5},{"damage":1,"enemies":"Exordium Wildlife","floor":5,"turns":3},{"damage":10,"enemies":"Looter","floor":7,"turns":4},{"damage":0,"enemies":"3 Louse","floor":8,"turns":6},{"damage":70,"enemies":"Gremlin Nob","floor":10,"turns":7},{"damage":22,"enemies":"Lots of Slimes","floor":13,"turns":8},{"damage":31,"enemies":"Hexaghost","floor":16,"turns":12},{"damage":80,"enemies":"3 Byrds","floor":18,"turns":12},{"damage":9,"enemies":"Shell Parasite","floor":22,"turns":7},{"damage":56,"enemies":"3 Cultists","floor":27,"turns":9},{"damage":34,"enemies":"Centurion and Healer","floor":31,"turns":14},{"damage":71,"enemies":"Collector","floor":33,"turns":5}],"event_choices":[{"event_name":"World of Goop","player_choice":"Gather Gold","floor":4,"damage_taken":0},{"event_name":"Golden Wing","player_choice":"Gained Gold","floor":12,"damage_taken":0},{"event_name":"Bonfire Elementals","player_choice":"COMMON","floor":14,"damage_taken":0},{"event_name":"Addict","player_choice":"Ignored","floor":20,"damage_taken":0},{"event_name":"Back to Basics","player_choice":"Elegance","floor":24,"damage_taken":0},{"event_name":"Beggar","player_choice":"Ignored","floor":25,"damage_taken":0},{"event_name":"Purifier","player_choice":"One Purge","floor":30,"damage_taken":0}],"boss_relics":[{"not_picked":["Cursed Key","Ectoplasm"],"picked":"Lizard Tail"}],"potions_floor_spawned":[1,2,3,5,7,8,10,13,16,18,22,27,31],"seed_played":"-1512666016641356623","killed_by":"Collector","ascension_level":0,"is_trial":false}