{"gold_per_floor":[115,290,71,71,71,98,98,125,125,151,151,186,186,205,205,303,303,316,316,333,344,358,387,387,407,407,441,485,497,526,558,570,685,697,719,731,8,22,22,50,50,63,86,101,101],"floor_reached":45,"playtime":2894,"items_purged":["Doubt","Reckless Charge"],"score":687,"play_id":"71026493-63d4-4a72-b35d-ae3257e0e636","local_time":"20190602132540","is_ascension_mode":true,"campfire_choices":[{"data":"Bash","floor":7,"key":"SMITH"},{"data":"True Grit","floor":11,"key":"SMITH"},{"data":"Sword Boomerang","floor":13,"key":"SMITH"},{"floor":15,"key":"RECALL"},{"floor":24,"key":"REST"},{"floor":29,"key":"REST"},{"floor":32,"key":"REST"}],"neow_cost":"NONE","seed_source_timestamp":1271316157443778,"circlet_count":0,"master_deck":["Strike_R+1","Strike_R+1","Strike_R+1","Strike_R+1","Strike_R+1","Defend_R+1","Defend_R+1","Defend_R+1","Defend_R+1","Bash+1","Spot Weakness+1","Feel No Pain","True Grit+1","Sword Boomerang+1","Barricade","Pummel","Havoc","Havoc+1","Shrug It Off","Corruption","Warcry","Pummel+1","Fiend Fire","Havoc+1","Dark Embrace","Twin Strike+1","Spot Weakness+1","Seeing Red","Headbutt","Evolve"],"relics":["Burning Blood","NeowsBlessing","PreservedInsect","Centennial Puzzle","Vajra","Matryoshka","Nunchaku","Boot","Black Star","Mango","Red Skull","Anchor","Strawberry","MawBank","Red Mask","Runic Dome","Juzu Bracelet","DollysMirror","Bag of Preparation","Happy Flower","Oddly Smooth Stone","Pen Nib"],"potions_floor_usage":[12,12,18,22,27,28,33,33,33,40,44],"damage_taken":[{"damage":0,"enemies":"2 Louse","floor":1,"turns":1},{"damage":0,"enemies":"Lagavulin","floor":6,"turns":1},{"damage":0,"enemies":"Gremlin Nob","floor":10,"turns":1},{"damage":18,"enemies":"Lagavulin","floor":12,"turns":5},{"damage":2,"enemies":"Jaw Worm","floor":14,"turns":2},{"damage":42,"enemies":"Hexaghost","floor":16,"turns":8},{"damage":18,"enemies":"Spheric Guardian","floor":18,"turns":5},{"damage":0,"enemies":"3 Byrds","floor":20,"turns":5},{"damage":27,"enemies":"Sentry and Sphere","floor":21,"turns":5},{"damage":12,"enemies":"Cultist and Chosen","floor":22,"turns":5},{"damage":49,"enemies":"Slavers","floor":23,"turns":4},{"damage":36,"enemies":"Snake Plant","floor":25,"turns":5},{"damage":22,"enemies":"Gremlin Leader","floor":27,"turns":4},{"damage":7,"enemies":"Masked Bandits","floor":28,"turns":3},{"damage":12,"enemies":"Shelled Parasite and Fungi","floor":30,"turns":3},{"damage":13,"enemies":"Centurion and Healer","floor":31,"turns":3},{"damage":55,"enemies":"Champ","floor":33,"turns":14},{"damage":15,"enemies":"3 Shapes","floor":35,"turns":3},{"damage":45,"enemies":"3 Darklings","floor":38,"turns":6},{"damage":0,"enemies":"Giant Head","floor":40,"turns":6},{"damage":15,"enemies":"Jaw Worm Horde","floor":42,"turns":3},{"damage":18,"enemies":"Maw","floor":44,"turns":5},{"damage":45,"enemies":"Nemesis","floor":45,"turns":2}],"seed_played":"365795588679086280","potions_obtained":[{"floor":1,"key":"EntropicBrew"},{"floor":12,"key":"Swift Potion"},{"floor":18,"key":"BloodPotion"},{"floor":25,"key":"Weak Potion"},{"floor":28,"key":"Energy Potion"},{"floor":30,"key":"FearPotion"},{"floor":31,"key":"Energy Potion"},{"floor":40,"key":"Explosive Potion"}],"is_trial":false,"path_per_floor":["M","?","$","?","?","E","R","T","T","E","R","E","R","M","R","B",null,"M","?","M","M","M","E","R","M","T","E","?","R","M","M","R","B",null,"M","?","$","M","$","E","?","M","T","M","E"],"character_chosen":"IRONCLAD","items_purchased":["PreservedInsect","Juzu Bracelet","SneckoOil","LiquidBronze","Weak Potion","DollysMirror","Seeing Red"],"campfire_rested":3,"item_purchase_floors":[3,37,37,37,37,37,37],"current_hp_per_floor":[80,80,80,80,80,80,80,80,80,80,80,68,68,72,72,36,80,68,68,74,53,55,26,54,24,24,15,14,44,38,31,61,12,101,92,92,92,53,53,59,59,50,50,38,0],"gold":101,"neow_bonus":"THREE_ENEMY_KILL","is_prod":false,"is_daily":false,"chose_seed":false,"campfire_upgraded":3,"win_rate":0,"timestamp":1559445940,"path_taken":["M","?","$","?","?","E","R","?","T","E","R","E","R","M","R","BOSS","M","?","M","M","M","E","R","M","T","E","?","R","M","M","R","BOSS","M","?","$","M","?","E","?","M","T","M","E"],"build_version":"2019-01-23","purchased_purges":2,"victory":false,"max_hp_per_floor":[80,80,80,80,80,80,80,80,80,80,80,80,80,80,80,80,80,80,80,80,80,80,94,94,94,94,101,101,101,101,101,101,101,101,101,101,101,101,101,101,101,101,101,101,101],"card_choices":[{"not_picked":["Reckless Charge","Bloodletting"],"picked":"Spot Weakness","floor":1},{"not_picked":["Pummel","Shockwave"],"picked":"Feel No Pain","floor":6},{"not_picked":["Perfected Strike","Thunderclap"],"picked":"True Grit","floor":10},{"not_picked":["Fire Breathing","Reckless Charge"],"picked":"Sword Boomerang","floor":12},{"not_picked":["Wild Strike","Feel No Pain"],"picked":"True Grit","floor":14},{"not_picked":["Exhume","Feed"],"picked":"Barricade","floor":16},{"not_picked":["Rupture","Sword Boomerang"],"picked":"Pummel","floor":18},{"not_picked":["Thunderclap","Evolve"],"picked":"Havoc","floor":20},{"not_picked":["Uppercut","Pummel"],"picked":"Havoc+1","floor":21},{"not_picked":["Flex+1","Iron Wave"],"picked":"Shrug It Off","floor":22},{"not_picked":["Brutality","Iron Wave"],"picked":"Corruption","floor":23},{"not_picked":["Iron Wave","Thunderclap"],"picked":"Warcry","floor":25},{"not_picked":["Thunderclap","Rupture","Headbutt"],"picked":"SKIP","floor":27},{"not_picked":["Anger","Shrug It Off+1"],"picked":"Pummel+1","floor":28},{"not_picked":["Body Slam","Infernal Blade"],"picked":"Fiend Fire","floor":30},{"not_picked":["Pommel Strike","Shrug It Off"],"picked":"Havoc+1","floor":31},{"not_picked":["Berserk","Bludgeon"],"picked":"Dark Embrace","floor":33},{"not_picked":["Clash+1","Perfected Strike"],"picked":"Twin Strike+1","floor":35},{"not_picked":["Ghostly Armor+1","Dropkick","Sentinel"],"picked":"SKIP","floor":38},{"not_picked":["Feel No Pain","Ghostly Armor+1"],"picked":"Headbutt","floor":40},{"not_picked":["Brutality","Cleave+1"],"picked":"Evolve","floor":42},{"not_picked":["Intimidate","Corruption","Rupture"],"picked":"SKIP","floor":44}],"player_experience":407153,"relics_obtained":[{"floor":6,"key":"Centennial Puzzle"},{"floor":8,"key":"Vajra"},{"floor":9,"key":"Matryoshka"},{"floor":10,"key":"Nunchaku"},{"floor":12,"key":"Boot"},{"floor":23,"key":"Mango"},{"floor":23,"key":"Red Skull"},{"floor":26,"key":"Anchor"},{"floor":27,"key":"Strawberry"},{"floor":27,"key":"MawBank"},{"floor":28,"key":"Red Mask"},{"floor":40,"key":"Bag of Preparation"},{"floor":40,"key":"Happy Flower"},{"floor":43,"key":"Oddly Smooth Stone"},{"floor":43,"key":"Pen Nib"}],"event_choices":[{"damage_healed":0,"gold_gain":175,"player_choice":"AGREE","damage_taken":0,"max_hp_gain":0,"max_hp_loss":0,"event_name":"Liars Game","floor":2,"gold_loss":0,"cards_obtained":["Doubt"]},{"damage_healed":0,"gold_gain":0,"player_choice":"Grow","damage_taken":0,"max_hp_gain":0,"max_hp_loss":0,"event_name":"Living Wall","floor":4,"gold_loss":0,"cards_upgraded":["Spot Weakness"]},{"damage_healed":0,"gold_gain":0,"player_choice":"Ignored","damage_taken":0,"max_hp_gain":0,"max_hp_loss":0,"event_name":"Golden Wing","floor":5,"gold_loss":0},{"damage_healed":0,"gold_gain":0,"player_choice":"Simplicity","damage_taken":0,"max_hp_gain":0,"max_hp_loss":0,"event_name":"Back to Basics","floor":19,"gold_loss":0,"cards_upgraded":["Strike_R","Strike_R","Strike_R","Strike_R","Strike_R","Defend_R","Defend_R","Defend_R","Defend_R"]},{"damage_healed":0,"gold_gain":0,"player_choice":"Fought Bandits","damage_taken":0,"max_hp_gain":0,"max_hp_loss":0,"event_name":"Masked Bandits","floor":28,"gold_loss":0},{"damage_healed":0,"gold_gain":0,"cards_transformed":["True Grit"],"player_choice":"Transformed","damage_taken":0,"max_hp_gain":0,"max_hp_loss":0,"event_name":"Transmorgrifier","floor":36,"gold_loss":0,"cards_obtained":["Reckless Charge"]},{"damage_healed":0,"gold_gain":0,"player_choice":"Ignored","damage_taken":0,"max_hp_gain":0,"max_hp_loss":0,"event_name":"Purifier","floor":41,"gold_loss":0}],"is_beta":false,"boss_relics":[{"not_picked":["Mark of Pain","Empty Cage"],"picked":"Black Star"},{"not_picked":["Lizard Tail","Orrery"],"picked":"Runic Dome"}],"items_purged_floors":[3,37],"is_endless":false,"potions_floor_spawned":[1,12,16,18,25,28,30,31,40,42],"killed_by":"Nemesis","ascension_level":3}