{"path_per_floor":["M","M","M","$","?","R","E","M","T","R","M","R","E","M","R","B",null,"M","M","M","$","?","R","E","R","T","?","?","M","M","E","R","B",null,"M","M","?","?","M","R","E","$","T","?","M","R","E","M","R","B"],"character_chosen":"IRONCLAD","items_purchased":["Uppercut","Dodecahedron","Shrug It Off","Good Instincts"],"gold_per_floor":[119,129,144,29,29,29,63,76,146,146,162,162,191,206,206,309,309,323,342,353,76,76,76,111,111,164,164,89,109,122,147,147,244,244,258,274,0,53,69,69,99,11,11,11,23,23,55,67,67,67],"floor_reached":51,"campfire_rested":3,"playtime":6280,"current_hp_per_floor":[80,80,80,80,80,80,80,80,80,80,83,83,83,83,83,83,83,83,83,83,83,83,83,80,80,80,83,83,83,83,83,83,61,83,73,81,81,82,60,83,40,40,40,40,31,55,60,55,79,81],"items_purged":["Strike_R"],"gold":67,"play_id":"e7c982fe-20bf-4853-acbb-7027b61f67b8","is_prod":false,"is_daily":false,"campfire_rituals":0,"campfire_upgraded":7,"is_hardmode":false,"path_taken":["M","M","?","$","?","R","E","M","T","R","M","R","E","M","R","BOSS","M","M","M","$","?","R","E","R","T","?","?","M","M","E","R","BOSS","M","?","?","?","M","R","E","$","T","?","M","R","E","M","R","BOSS"],"build_version":"2018-01-18-PROD4","purchased_purges":1,"victory":true,"master_deck":["Strike_R","Defend_R","Defend_R","Defend_R","Defend_R","Bash","Armaments","Shrug It Off","Disarm","Uppercut","Infernal Blade","Cleave","Body Slam","Iron Wave","Double Tap","Clothesline","Flex","Flame Barrier","Shrug It Off","Demon Form","Heavy Blade","Flame Barrier","Fire Breathing","Impervious","Body Slam","Dual Wield","Dropkick","Pommel Strike","True Grit","Barricade","Battle Trance","Pommel Strike","Iron Wave","Good Instincts","Battle Trance","Bloodletting"],"max_hp_per_floor":[80,80,80,80,80,80,80,80,80,80,83,83,83,83,83,83,83,83,83,83,83,83,83,83,83,83,83,83,83,83,83,83,83,83,83,83,83,83,83,83,83,83,83,83,83,83,83,83,83,83],"relics":["Burning Blood","Self Forming Clay","Bottled Flame","Vajra","Sozu","Dodecahedron","Blood Vial","Frozen Egg","Bag of Marbles","Orrery","Red Mask","Calipers","War Paint","Shuriken","Torii"],"campfire_meditates":0,"card_choices":[{"not_picked":["Perfected Strike","Twin Strike"],"picked":"Armaments"},{"not_picked":["Clothesline","Cleave"],"picked":"Shrug It Off"},{"not_picked":["Warcry","Headbutt"],"picked":"Disarm"},{"not_picked":["Clash","Pummel"],"picked":"Combust"},{"not_picked":["Power Through","Bludgeon"],"picked":"Infernal Blade"},{"not_picked":["Power Through","Clash"],"picked":"Cleave"},{"not_picked":["Heavy Blade","Cleave"],"picked":"Body Slam"},{"not_picked":["Second Wind","Clothesline"],"picked":"Iron Wave"},{"not_picked":["Bludgeon","Fiend Fire"],"picked":"Double Tap"},{"not_picked":["Second Wind","Perfected Strike"],"picked":"Clothesline"},{"not_picked":["Rage","Sword Boomerang"],"picked":"Flex"},{"not_picked":["Inflame","Thunderclap"],"picked":"Flame Barrier"},{"not_picked":["Flame Barrier","Whirlwind"],"picked":"Demon Form"},{"not_picked":["Perfected Strike","Armaments"],"picked":"Heavy Blade"},{"not_picked":["Reckless Charge","Perfected Strike"],"picked":"Flame Barrier"},{"not_picked":["Clothesline","Combust"],"picked":"Fire Breathing"},{"not_picked":["Demon Form","Berserk"],"picked":"Impervious"},{"not_picked":["Cleave","Twin Strike"],"picked":"Body Slam"},{"not_picked":["Sword Boomerang","Warcry"],"picked":"Dual Wield"},{"not_picked":["Blood for Blood","Anger"],"picked":"Dropkick"},{"not_picked":["Perfected Strike","Whirlwind"],"picked":"Pommel Strike"},{"not_picked":["Corruption","Spot Weakness"],"picked":"True Grit"},{"not_picked":["True Grit","Thunderclap"],"picked":"Barricade"},{"not_picked":["Clothesline","Second Wind"],"picked":"Battle Trance"},{"not_picked":["Body Slam","Cleave"],"picked":"Pommel Strike"},{"not_picked":["Cleave","Second Wind"],"picked":"Iron Wave"},{"not_picked":["Juggernaut","Dark Embrace"],"picked":"Battle Trance"},{"not_picked":["Headbutt","Iron Wave"],"picked":"Bloodletting"}],"player_experience":26874,"potions_floor_usage":[13,16],"damage_taken":[{"damage":6,"enemies":"Blue Slaver","floor":1,"turns":10},{"damage":0,"enemies":"Small Slimes","floor":2,"turns":3},{"damage":0,"enemies":"2 Louse","floor":3,"turns":3},{"damage":2,"enemies":"Lagavulin","floor":7,"turns":10},{"damage":5,"enemies":"Exordium Thugs","floor":8,"turns":6},{"damage":4,"enemies":"Exordium Wildlife","floor":11,"turns":6},{"damage":3,"enemies":"Gremlin Nob","floor":13,"turns":4},{"damage":0,"enemies":"3 Louse","floor":14,"turns":3},{"damage":3,"enemies":"Slime Boss","floor":16,"turns":8},{"damage":0,"enemies":"Chosen","floor":18,"turns":3},{"damage":5,"enemies":"Shell Parasite","floor":19,"turns":5},{"damage":4,"enemies":"Centurion and Healer","floor":20,"turns":5},{"damage":9,"enemies":"Slavers","floor":24,"turns":7},{"damage":2,"enemies":"Sentry and Sphere","floor":29,"turns":5},{"damage":4,"enemies":"3 Cultists","floor":30,"turns":6},{"damage":0,"enemies":"Book of Stabbing","floor":31,"turns":4},{"damage":28,"enemies":"Collector","floor":33,"turns":9},{"damage":16,"enemies":"3 Darklings","floor":35,"turns":7},{"damage":0,"enemies":"Orb Walker","floor":36,"turns":3},{"damage":7,"enemies":"Mysterious Sphere","floor":38,"turns":5},{"damage":29,"enemies":"Sphere and 2 Shapes","floor":39,"turns":6},{"damage":49,"enemies":"2 Orb Walkers","floor":41,"turns":7},{"damage":17,"enemies":"Maw","floor":45,"turns":8},{"damage":3,"enemies":"Nemesis","floor":47,"turns":6},{"damage":13,"enemies":"4 Shapes","floor":48,"turns":5},{"damage":6,"enemies":"Time Eater","floor":50,"turns":12}],"event_choices":[{"event_name":"Purifier","player_choice":"One Purge","floor":5,"damage_taken":0},{"event_name":"Addict","player_choice":"Ignored","floor":22,"damage_taken":0},{"event_name":"Bonfire Elementals","player_choice":"UNCOMMON","floor":27,"damage_taken":0},{"event_name":"Beggar","player_choice":"Gave Gold","floor":28,"damage_taken":0},{"event_name":"Tomb of Lord Red Mask","player_choice":"Paid","floor":37,"damage_taken":0},{"event_name":"Mysterious Sphere","player_choice":"Fight","floor":38,"damage_taken":0},{"event_name":"The Lab","player_choice":"Got Potions","floor":44,"damage_taken":0}],"boss_relics":[{"not_picked":["Eternal Feather","Cursed Key"],"picked":"Sozu"},{"not_picked":["White Beast Statue","Tiny House"],"picked":"Orrery"}],"potions_floor_spawned":[2,3,7,18,19,29,30,31,33,36,38,41],"seed_played":"-474354026708932034","is_trial":false}