{"gold_per_floor":[118,118,138,138,148,148,161,161,210,238,238,319,244,256,256,256],"floor_reached":16,"playtime":325,"items_purged":[],"score":200,"play_id":"b3b72e7f-2028-4cef-89af-a0471a405520","local_time":"20190622031033","is_ascension_mode":true,"campfire_choices":[{"floor":6,"key":"REST"},{"floor":8,"key":"REST"},{"floor":15,"key":"REST"}],"neow_cost":"PERCENT_DAMAGE","seed_source_timestamp":46952755885300,"circlet_count":0,"master_deck":["AscendersBane","Strike_B","Strike_B","Strike_B+1","Defend_B","Defend_B","Defend_B","Defend_B","Zap","Dualcast","Cold Snap+1","Coolheaded","Ball Lightning","FTL"],"relics":["Cracked Core","Blood Vial","Bag of Preparation","Unceasing Top","Symbiotic Virus"],"potions_floor_usage":[10,10],"damage_taken":[{"damage":5,"enemies":"Small Slimes","floor":1,"turns":3},{"damage":0,"enemies":"2 Louse","floor":3,"turns":1},{"damage":1,"enemies":"Cultist","floor":5,"turns":3},{"damage":11,"enemies":"2 Fungi Beasts","floor":7,"turns":3},{"damage":20,"enemies":"Lagavulin","floor":10,"turns":6},{"damage":8,"enemies":"Blue Slaver","floor":14,"turns":2},{"damage":55,"enemies":"Slime Boss","floor":16,"turns":10}],"seed_played":"-8662676558644155229","potions_obtained":[{"floor":3,"key":"Ancient Potion"},{"floor":4,"key":"Weak Potion"},{"floor":4,"key":"SkillPotion"}],"is_trial":false,"path_per_floor":["M","?","M","?","M","R","M","R","T","E","?","T","?","M","R","B"],"character_chosen":"DEFECT","items_purchased":[],"campfire_rested":3,"item_purchase_floors":[],"current_hp_per_floor":[55,29,29,29,28,53,42,67,67,49,31,31,31,25,50,0],"gold":256,"neow_bonus":"TWENTY_PERCENT_HP_BONUS","is_prod":false,"is_daily":false,"chose_seed":false,"campfire_upgraded":0,"win_rate":0,"timestamp":1561144233,"path_taken":["M","?","M","?","?","R","M","R","T","E","?","?","?","M","R","BOSS"],"build_version":"2019-01-23","purchased_purges":0,"victory":false,"max_hp_per_floor":[85,85,85,85,85,85,85,85,85,85,85,85,85,85,85,85],"card_choices":[{"not_picked":["Redo","Rebound"],"picked":"Cold Snap","floor":1},{"not_picked":["Force Field","Double Energy","Streamline"],"picked":"SKIP","floor":3},{"not_picked":["Rebound","Hello World"],"picked":"Coolheaded","floor":5},{"not_picked":["Conserve Battery","Rebound"],"picked":"Ball Lightning","floor":7},{"not_picked":["Undo","Hello World"],"picked":"FTL","floor":10},{"not_picked":["Streamline","Turbo","Reprogram"],"picked":"SKIP","floor":14}],"player_experience":725178,"relics_obtained":[{"floor":9,"key":"Blood Vial"},{"floor":10,"key":"Bag of Preparation"},{"floor":12,"key":"Symbiotic Virus"}],"event_choices":[{"damage_healed":0,"gold_gain":0,"player_choice":"Entered Light","damage_taken":26,"max_hp_gain":0,"max_hp_loss":0,"event_name":"Shining Light","floor":2,"gold_loss":0,"cards_upgraded":["Strike_B","Cold Snap"]},{"damage_healed":0,"gold_gain":0,"player_choice":"Got Potions","damage_taken":0,"max_hp_gain":0,"max_hp_loss":0,"event_name":"Lab","floor":4,"gold_loss":0},{"damage_healed":0,"gold_gain":0,"player_choice":"Success","damage_taken":18,"relics_obtained":["Unceasing Top"],"max_hp_gain":0,"max_hp_loss":0,"event_name":"Scrap Ooze","floor":11,"gold_loss":0},{"cards_removed":["Strike_B"],"damage_healed":0,"gold_gain":0,"player_choice":"Card Removal","damage_taken":0,"max_hp_gain":0,"max_hp_loss":0,"event_name":"The Cleric","floor":13,"gold_loss":75}],"is_beta":false,"boss_relics":[],"items_purged_floors":[],"is_endless":false,"potions_floor_spawned":[3,5,7],"killed_by":"Slime Boss","ascension_level":20}