{"gold_per_floor":[109,209,140,153,168,195,195,225,225,225,242,242,256,289,289,391,391,406,406,406,52,68,68,99,111,111,124,124,134,134,134,134,134],"floor_reached":33,"playtime":1339,"items_purged":[],"score":342,"play_id":"42a4f507-9657-4f29-b1e8-f14f411d8b10","local_time":"20190610103104","is_ascension_mode":true,"campfire_choices":[{"floor":7,"key":"REST"},{"data":"Fiend Fire","floor":12,"key":"SMITH"},{"data":"Clothesline","floor":15,"key":"SMITH"},{"data":"Demon Form","floor":23,"key":"SMITH"},{"floor":30,"key":"REST"},{"floor":32,"key":"REST"}],"neow_cost":"NONE","seed_source_timestamp":1953606000306613,"circlet_count":0,"master_deck":["Strike_R","Strike_R","Strike_R","Strike_R","Strike_R","Defend_R","Defend_R","Defend_R","Defend_R","Bash","Rage","Battle Trance","Uppercut+1","Sword Boomerang","Fiend Fire+1","True Grit","Second Wind","Clothesline+1","Demon Form+1","Pommel Strike+1","Warcry","Sword Boomerang+1","Cleave+1","Anger","Feed"],"relics":["Black Blood","NeowsBlessing","Gremlin Horn","Dodecahedron","Self Forming Clay","Letter Opener","Nilry\u0027s Codex","HandDrill","Red Skull","Nunchaku","Pantograph"],"potions_floor_usage":[14,16,24,24,24,25,33],"damage_taken":[{"damage":0,"enemies":"Cultist","floor":1,"turns":1},{"damage":0,"enemies":"Jaw Worm","floor":4,"turns":1},{"damage":0,"enemies":"Small Slimes","floor":5,"turns":1},{"damage":49,"enemies":"3 Sentries","floor":6,"turns":10},{"damage":28,"enemies":"Gremlin Nob","floor":8,"turns":4},{"damage":0,"enemies":"Blue Slaver","floor":11,"turns":2},{"damage":7,"enemies":"Exordium Wildlife","floor":13,"turns":3},{"damage":10,"enemies":"Lagavulin","floor":14,"turns":3},{"damage":32,"enemies":"The Guardian","floor":16,"turns":11},{"damage":20,"enemies":"Spheric Guardian","floor":18,"turns":4},{"damage":24,"enemies":"2 Thieves","floor":22,"turns":3},{"damage":5,"enemies":"Slavers","floor":24,"turns":3},{"damage":20,"enemies":"Centurion and Healer","floor":25,"turns":3},{"damage":26,"enemies":"Snake Plant","floor":27,"turns":3},{"damage":7,"enemies":"Snecko","floor":29,"turns":3},{"damage":85,"enemies":"Automaton","floor":33,"turns":6}],"seed_played":"4650971405127362787","potions_obtained":[{"floor":1,"key":"Energy Potion"},{"floor":5,"key":"Block Potion"},{"floor":11,"key":"Swift Potion"},{"floor":16,"key":"Explosive Potion"},{"floor":22,"key":"Explosive Potion"},{"floor":24,"key":"SkillPotion"},{"floor":29,"key":"Weak Potion"}],"is_trial":false,"path_per_floor":["M","?","$","M","M","E","R","E","T","?","M","R","M","E","R","B",null,"M","?","?","$","M","R","E","M","T","M","?","M","R","?","R","B"],"character_chosen":"IRONCLAD","items_purchased":["Battle Trance","HandDrill","Red Skull"],"campfire_rested":3,"item_purchase_floors":[3,21,21],"current_hp_per_floor":[80,80,80,80,80,37,61,39,39,39,45,45,44,40,40,14,80,70,54,54,54,40,40,45,35,35,19,19,22,46,46,70,0],"gold":134,"neow_bonus":"THREE_ENEMY_KILL","is_prod":false,"is_daily":false,"chose_seed":false,"campfire_upgraded":3,"win_rate":0,"timestamp":1560126664,"path_taken":["M","?","?","M","?","E","R","E","T","?","M","R","M","E","R","BOSS","M","?","?","?","M","R","E","?","T","M","?","M","R","?","R","BOSS"],"build_version":"2019-01-23","purchased_purges":0,"victory":false,"max_hp_per_floor":[80,80,80,80,80,80,80,80,80,80,80,80,80,80,80,80,80,80,80,80,80,80,80,80,80,80,80,80,80,80,80,80,80],"card_choices":[{"not_picked":["Fire Breathing","Intimidate"],"picked":"Rage","floor":1},{"not_picked":["Wild Strike","Flex"],"picked":"Uppercut","floor":4},{"not_picked":["Heavy Blade","Intimidate"],"picked":"Sword Boomerang","floor":5},{"not_picked":["Fire Breathing","Pummel"],"picked":"Fiend Fire","floor":6},{"not_picked":["Reckless Charge","Intimidate"],"picked":"True Grit","floor":8},{"not_picked":["Clash","Rage","Carnage"],"picked":"SKIP","floor":11},{"not_picked":["Whirlwind","Sword Boomerang"],"picked":"Second Wind","floor":13},{"not_picked":["Sentinel","Flex"],"picked":"Clothesline","floor":14},{"not_picked":["Dark Embrace","Offering"],"picked":"Demon Form","floor":16},{"not_picked":["Twin Strike","Flex"],"picked":"Pommel Strike+1","floor":18},{"not_picked":["Perfected Strike","Anger"],"picked":"Warcry","floor":22},{"not_picked":["Thunderclap","Reckless Charge"],"picked":"Sword Boomerang+1","floor":24},{"not_picked":["Iron Wave","Body Slam+1"],"picked":"Cleave+1","floor":25},{"not_picked":["Clothesline","Cleave"],"picked":"Anger","floor":27},{"not_picked":["Iron Wave","Clothesline"],"picked":"Feed","floor":29}],"player_experience":443496,"relics_obtained":[{"floor":6,"key":"Gremlin Horn"},{"floor":8,"key":"Dodecahedron"},{"floor":9,"key":"Self Forming Clay"},{"floor":14,"key":"Letter Opener"},{"floor":19,"key":"Nilry\u0027s Codex"},{"floor":24,"key":"Nunchaku"},{"floor":26,"key":"Pantograph"}],"event_choices":[{"damage_healed":0,"gold_gain":100,"player_choice":"Pray","damage_taken":0,"max_hp_gain":0,"max_hp_loss":0,"event_name":"Golden Shrine","floor":2,"gold_loss":0},{"damage_healed":0,"gold_gain":0,"player_choice":"Grow","damage_taken":0,"max_hp_gain":0,"max_hp_loss":0,"event_name":"Living Wall","floor":10,"gold_loss":0,"cards_upgraded":["Uppercut"]},{"damage_healed":0,"gold_gain":0,"player_choice":"Obtained Book","damage_taken":16,"max_hp_gain":0,"max_hp_loss":0,"event_name":"Cursed Tome","floor":19,"gold_loss":0},{"damage_healed":0,"gold_gain":0,"player_choice":"Ignored","damage_taken":0,"max_hp_gain":0,"max_hp_loss":0,"event_name":"Vampires","floor":20,"gold_loss":0},{"damage_healed":0,"gold_gain":0,"player_choice":"Smashed Altar","damage_taken":0,"max_hp_gain":0,"max_hp_loss":0,"event_name":"Forgotten Altar","floor":28,"gold_loss":0,"cards_obtained":["Decay"]},{"cards_removed":["Decay"],"damage_healed":0,"gold_gain":0,"player_choice":"Removed Curses","damage_taken":0,"max_hp_gain":0,"max_hp_loss":0,"event_name":"Fountain of Cleansing","floor":31,"gold_loss":0}],"is_beta":false,"boss_relics":[{"not_picked":["Coffee Dripper","Runic Dome"],"picked":"Black Blood"}],"items_purged_floors":[],"is_endless":false,"potions_floor_spawned":[1,5,11,16,22,24,29],"killed_by":"Automaton","ascension_level":4}