{"gold_per_floor":[119,79,79,44,59,85,85,114,164,164,190,190,41,60,60,157,157,175,175,158,257,62,89,89,89,89,121,121,152,152,167,167,265,265,282,282,282,301,321,321],"floor_reached":40,"playtime":2391,"items_purged":["Strike_R"],"score":548,"play_id":"fb38cc1a-599f-4fc9-8e55-9b8be862290b","local_time":"20190609230611","is_ascension_mode":true,"campfire_choices":[{"data":"Headbutt","floor":7.0,"key":"SMITH"},{"floor":10.0,"key":"REST"},{"floor":12.0,"key":"REST"},{"data":"Bloodletting","floor":15.0,"key":"SMITH"},{"floor":24.0,"key":"REST"},{"floor":28.0,"key":"REST"},{"floor":32.0,"key":"REST"}],"neow_cost":"PERCENT_DAMAGE","seed_source_timestamp":0,"circlet_count":0,"master_deck":["Strike_R+1","Strike_R+1","Strike_R+1","Defend_R+1","Defend_R+1","Defend_R+1","Defend_R+1","Bash","Demon Form","Headbutt+1","Pommel Strike","Barricade","Anger","Heavy Blade","Disarm","Bloodletting+1","Reaper","Pommel Strike+1","True Grit","Thunderclap","Armaments","Immolate","Reaper","Pommel Strike","Metallicize+1","Parasite"],"special_seed":0,"relics":["Burning Blood","Potion Belt","StoneCalendar","Regal Pillow","Letter Opener","Cursed Key","Oddly Smooth Stone","Paper Frog","Red Mask","Sundial","Mark of Pain"],"potions_floor_usage":[38,38,38,38,38,38,39,39],"damage_taken":[{"damage":8.0,"enemies":"Jaw Worm","floor":1.0,"turns":4.0},{"damage":0.0,"enemies":"Small Slimes","floor":5.0,"turns":3.0},{"damage":30.0,"enemies":"3 Sentries","floor":6.0,"turns":8.0},{"damage":24.0,"enemies":"Gremlin Nob","floor":8.0,"turns":4.0},{"damage":40.0,"enemies":"3 Sentries","floor":11.0,"turns":6.0},{"damage":5.0,"enemies":"2 Louse","floor":14.0,"turns":3.0},{"damage":30.0,"enemies":"The Guardian","floor":16.0,"turns":8.0},{"damage":36.0,"enemies":"Chosen","floor":18.0,"turns":5.0},{"damage":18.0,"enemies":"2 Thieves","floor":20.0,"turns":4.0},{"damage":33.0,"enemies":"Gremlin Leader","floor":23.0,"turns":6.0},{"damage":52.0,"enemies":"Masked Bandits","floor":27.0,"turns":6.0},{"damage":34.0,"enemies":"Book of Stabbing","floor":29.0,"turns":7.0},{"damage":26.0,"enemies":"3 Cultists","floor":31.0,"turns":6.0},{"damage":52.0,"enemies":"Automaton","floor":33.0,"turns":9.0},{"damage":61,"enemies":"3 Shapes","floor":35,"turns":5},{"damage":9,"enemies":"Orb Walker","floor":38,"turns":3},{"damage":28,"enemies":"Writhing Mass","floor":39,"turns":7},{"damage":30,"enemies":"Reptomancer","floor":40,"turns":2}],"seed_played":"2357960661906869852","potions_obtained":[{"floor":6.0,"key":"LiquidBronze"},{"floor":14.0,"key":"Swift Potion"},{"floor":18.0,"key":"Block Potion"},{"floor":27.0,"key":"Block Potion"},{"floor":29.0,"key":"SneckoOil"},{"floor":33.0,"key":"Strength Potion"},{"floor":35,"key":"EntropicBrew"}],"is_trial":false,"path_per_floor":["M","?","?","?","M","E","R","E","T","R","E","R","$","M","R","B",null,"M","?","M","?","$","E","R","?","T","?","R","E","T","M","R","B",null,"M","?","?","M","M","E"],"character_chosen":"IRONCLAD","items_purchased":["Disarm","True Grit","Oddly Smooth Stone"],"campfire_rested":5,"item_purchase_floors":[13,22,22],"current_hp_per_floor":[54,54,47,67,73,49,49,31,31,70,36,75,75,76,76,52,73,54,54,50,50,50,23,62,62,62,26,65,37,37,25,64,18,65,25,25,25,29,7,0],"gold":321,"neow_bonus":"THREE_RARE_CARDS","is_prod":false,"is_daily":false,"chose_seed":false,"campfire_upgraded":2,"win_rate":0,"timestamp":1560135971,"path_taken":["M","?","?","?","M","E","R","E","T","R","E","R","?","M","R","BOSS","M","?","M","?","$","E","R","?","T","?","R","E","?","M","R","BOSS","M","?","?","M","M","E"],"build_version":"2019-01-23","purchased_purges":1,"victory":false,"max_hp_per_floor":[80,80,80,80,80,80,80,80,80,80,80,80,80,80,80,80,80,80,80,80,80,80,80,80,80,80,80,80,80,80,80,80,80,80,80,76,76,76,76,76],"card_choices":[{"not_picked":["Double Tap","Impervious"],"picked":"Demon Form","floor":0.0},{"not_picked":["Body Slam","Armaments"],"picked":"Headbutt","floor":1.0},{"not_picked":["Wild Strike","Metallicize"],"picked":"Pommel Strike","floor":5.0},{"not_picked":["Thunderclap","Limit Break"],"picked":"Barricade","floor":6.0},{"not_picked":["Flame Barrier","Sever Soul"],"picked":"Anger","floor":8.0},{"not_picked":["Feel No Pain","Anger"],"picked":"Heavy Blade","floor":11.0},{"not_picked":["Rampage","Fire Breathing"],"picked":"Bloodletting","floor":14.0},{"not_picked":["Barricade","Dark Embrace"],"picked":"Reaper","floor":16.0},{"not_picked":["Clothesline","Burning Pact"],"picked":"Pommel Strike+1","floor":18.0},{"not_picked":["Wild Strike","Second Wind","Anger"],"picked":"SKIP","floor":20.0},{"not_picked":["Pommel Strike","Entrench"],"picked":"Power Through","floor":23.0},{"not_picked":["Sword Boomerang","Wild Strike+1"],"picked":"Thunderclap","floor":27.0},{"not_picked":["Twin Strike","Pommel Strike+1"],"picked":"Armaments","floor":29.0},{"not_picked":["Sentinel","Burning Pact+1"],"picked":"Immolate","floor":31.0},{"not_picked":["Demon Form","Double Tap"],"picked":"Reaper","floor":33.0},{"not_picked":["Armaments+1","Twin Strike+1"],"picked":"Pommel Strike","floor":35},{"not_picked":["Flex","Twin Strike+1"],"picked":"Metallicize+1","floor":38},{"not_picked":["Hemokinesis+1","Iron Wave","Seeing Red+1"],"picked":"SKIP","floor":39}],"player_experience":317294,"relics_obtained":[{"floor":6.0,"key":"Potion Belt"},{"floor":8.0,"key":"StoneCalendar"},{"floor":9.0,"key":"Regal Pillow"},{"floor":11.0,"key":"Letter Opener"},{"floor":23.0,"key":"Paper Frog"},{"floor":27.0,"key":"Red Mask"},{"floor":29.0,"key":"Sundial"}],"event_choices":[{"damage_healed":0.0,"max_hp_gain":0.0,"max_hp_loss":0.0,"gold_gain":0.0,"event_name":"World of Goop","player_choice":"Left Gold","floor":2.0,"gold_loss":40.0,"damage_taken":0.0},{"cards_removed":["Strike_R"],"damage_healed":0.0,"max_hp_gain":0.0,"max_hp_loss":0.0,"gold_gain":0.0,"event_name":"Golden Wing","player_choice":"Card Removal","floor":3.0,"gold_loss":0.0,"damage_taken":7.0},{"damage_healed":20.0,"max_hp_gain":0.0,"max_hp_loss":0.0,"gold_gain":0.0,"event_name":"The Cleric","player_choice":"Healed","floor":4.0,"gold_loss":35.0,"damage_taken":0.0},{"damage_healed":0.0,"max_hp_gain":0.0,"max_hp_loss":0.0,"gold_gain":0.0,"event_name":"Back to Basics","player_choice":"Simplicity","floor":19.0,"gold_loss":0.0,"damage_taken":0.0,"cards_upgraded":["Strike_R","Strike_R","Strike_R","Defend_R","Defend_R","Defend_R","Defend_R"]},{"damage_healed":0.0,"max_hp_gain":0.0,"max_hp_loss":0.0,"gold_gain":99.0,"event_name":"Nest","player_choice":"Stole From Cult","floor":21.0,"gold_loss":0.0,"damage_taken":0.0},{"damage_healed":0.0,"max_hp_gain":0.0,"max_hp_loss":0.0,"gold_gain":0.0,"event_name":"The Mausoleum","player_choice":"Ignored","floor":25.0,"gold_loss":0.0,"damage_taken":0.0},{"damage_healed":0.0,"max_hp_gain":0.0,"max_hp_loss":0.0,"gold_gain":0.0,"event_name":"Masked Bandits","player_choice":"Fought Bandits","floor":27.0,"gold_loss":0.0,"damage_taken":0.0},{"damage_healed":0,"gold_gain":0,"player_choice":"Max HP","damage_taken":0,"max_hp_gain":0,"max_hp_loss":4,"event_name":"Winding Halls","floor":36,"gold_loss":0},{"cards_removed":["Power Through"],"damage_healed":0,"gold_gain":0,"player_choice":"Removed Skill","damage_taken":0,"max_hp_gain":0,"max_hp_loss":0,"event_name":"Falling","floor":37,"gold_loss":0}],"is_beta":false,"boss_relics":[{"not_picked":["Tiny House","Astrolabe"],"picked":"Cursed Key"},{"not_picked":["Runic Pyramid","Black Star"],"picked":"Mark of Pain"}],"items_purged_floors":[13],"is_endless":false,"potions_floor_spawned":[6,14,18,27,29,33,35],"killed_by":"Reptomancer","ascension_level":5}