{"gold_per_floor":[218,218,232,244,256,290,301,301],"floor_reached":8,"playtime":849,"items_purged":[],"score":63,"play_id":"43f42f46-3e77-43df-9d43-2441676efa4f","local_time":"20190526004727","is_ascension_mode":true,"campfire_choices":[],"neow_cost":"NONE","seed_source_timestamp":760211828750579,"circlet_count":0,"master_deck":["Defend_G","Defend_G","Defend_G","Defend_G","Defend_G","Strike_G","Strike_G","Strike_G","Strike_G","Strike_G","Survivor","Neutralize","Well Laid Plans","Cloak And Dagger","Blur","PiercingWail"],"relics":["Ring of the Snake","Ancient Tea Set","Regal Pillow"],"potions_floor_usage":[7],"damage_taken":[{"damage":0,"enemies":"Cultist","floor":1,"turns":4},{"damage":4,"enemies":"Jaw Worm","floor":3,"turns":6},{"damage":3,"enemies":"2 Louse","floor":4,"turns":5},{"damage":1,"enemies":"Large Slime","floor":5,"turns":8},{"damage":22,"enemies":"3 Sentries","floor":6,"turns":16},{"damage":1,"enemies":"Exordium Wildlife","floor":7,"turns":8},{"damage":41,"enemies":"Gremlin Nob","floor":8,"turns":5}],"seed_played":"-1143755995379832188","potions_obtained":[{"floor":1,"key":"Poison Potion"},{"floor":3,"key":"Fire Potion"},{"floor":6,"key":"GamblersBrew"},{"floor":7,"key":"Ancient Potion"}],"is_trial":false,"path_per_floor":["M","?","M","M","M","E","M","E"],"character_chosen":"THE_SILENT","items_purchased":[],"campfire_rested":0,"item_purchase_floors":[],"current_hp_per_floor":[70,70,66,63,62,40,39,0],"gold":301,"neow_bonus":"HUNDRED_GOLD","is_prod":false,"is_daily":false,"chose_seed":false,"campfire_upgraded":0,"win_rate":0,"timestamp":1558846047,"path_taken":["M","?","M","M","M","E","M","E"],"build_version":"2019-01-23","purchased_purges":0,"victory":false,"max_hp_per_floor":[70,70,70,70,70,70,70,70],"card_choices":[{"not_picked":["Bouncing Flask","Leg Sweep"],"picked":"Well Laid Plans","floor":1},{"not_picked":["Predator","Outmaneuver","Blade Dance"],"picked":"SKIP","floor":3},{"not_picked":["Eviscerate","Expertise"],"picked":"Cloak And Dagger","floor":4},{"not_picked":["Acrobatics","Escape Plan"],"picked":"Blur","floor":5},{"not_picked":["Blur","Dagger Spray"],"picked":"PiercingWail","floor":6},{"not_picked":["Sucker Punch","Concentrate","Prepared"],"picked":"SKIP","floor":7}],"player_experience":255103,"relics_obtained":[{"floor":6,"key":"Regal Pillow"}],"event_choices":[{"damage_healed":0,"gold_gain":0,"player_choice":"Gave Potion","damage_taken":0,"relics_obtained":["Ancient Tea Set"],"max_hp_gain":0,"max_hp_loss":0,"event_name":"WeMeetAgain","floor":2,"gold_loss":0}],"is_beta":false,"boss_relics":[],"items_purged_floors":[],"is_endless":false,"potions_floor_spawned":[1,3,6,7],"killed_by":"Gremlin Nob","ascension_level":1}