{"gold_per_floor":[364,314,66,85,105,140,140,153,153,153,0,15,33,43,43,43],"floor_reached":16,"playtime":1112,"items_purged":["Strike_B"],"score":135,"play_id":"5ffd5dc0-27ee-436a-9fd6-fa7c628f7201","local_time":"20190611192632","is_ascension_mode":true,"campfire_choices":[{"floor":7.0,"key":"REST"},{"floor":15.0,"key":"REST"}],"neow_cost":"TEN_PERCENT_HP_LOSS","seed_source_timestamp":158337600946956,"circlet_count":0,"master_deck":["Strike_B","Defend_B","Defend_B","Defend_B","Defend_B","Zap","Dualcast","Capacitor","Ball Lightning","Gash","Defragment","FTL","Skim","Ball Lightning"],"special_seed":0,"relics":["Cracked Core","Singing Bowl","Ornamental Fan","Mummified Hand"],"potions_floor_usage":[],"damage_taken":[{"damage":5.0,"enemies":"2 Louse","floor":1.0,"turns":2.0},{"damage":2.0,"enemies":"Jaw Worm","floor":4.0,"turns":3.0},{"damage":1.0,"enemies":"Cultist","floor":5.0,"turns":3.0},{"damage":45.0,"enemies":"3 Sentries","floor":6.0,"turns":7.0},{"damage":14.0,"enemies":"Red Slaver","floor":8.0,"turns":3.0},{"damage":0.0,"enemies":"2 Fungi Beasts","floor":12.0,"turns":3.0},{"damage":15.0,"enemies":"3 Louse","floor":13.0,"turns":3.0},{"damage":5.0,"enemies":"Exordium Wildlife","floor":14.0,"turns":3.0},{"damage":30,"enemies":"The Guardian","floor":16,"turns":8}],"seed_played":"1657459740921255374","potions_obtained":[{"floor":6.0,"key":"Poison Potion"},{"floor":13.0,"key":"Swift Potion"},{"floor":14.0,"key":"Explosive Potion"}],"is_trial":false,"path_per_floor":["M","?","$","M","M","E","R","M","T","?","$","M","M","M","R","B"],"character_chosen":"DEFECT","items_purchased":["Singing Bowl","FTL"],"campfire_rested":2,"item_purchase_floors":[3,11],"current_hp_per_floor":[63,63,63,61,60,15,35,23,23,23,23,23,8,5,26,0],"gold":43,"neow_bonus":"TWO_FIFTY_GOLD","is_prod":false,"is_daily":false,"chose_seed":false,"campfire_upgraded":0,"win_rate":0,"timestamp":1560295592,"path_taken":["M","?","$","M","M","E","R","M","T","?","?","M","M","M","R","BOSS"],"build_version":"2019-01-23","purchased_purges":1,"victory":false,"max_hp_per_floor":[68,68,68,68,68,68,68,70,70,70,70,70,70,72,72,72],"card_choices":[{"not_picked":["Compile Driver","Gash","Turbo"],"picked":"SKIP","floor":1.0},{"not_picked":["Barrage","Hello World"],"picked":"Capacitor","floor":4.0},{"not_picked":["Thunder Strike","Loop"],"picked":"Ball Lightning","floor":5.0},{"not_picked":["Steam","Hologram"],"picked":"Gash","floor":6.0},{"not_picked":["Coolheaded","Streamline","Turbo"],"picked":"Singing Bowl","floor":8.0},{"not_picked":["Coolheaded","Reinforced Body"],"picked":"Skim","floor":12.0},{"not_picked":["Rebound","Go for the Eyes"],"picked":"Ball Lightning","floor":13.0},{"not_picked":["Double Energy","Beam Cell","Loop"],"picked":"Singing Bowl","floor":14.0}],"player_experience":326351,"relics_obtained":[{"floor":6.0,"key":"Ornamental Fan"},{"floor":9.0,"key":"Mummified Hand"}],"event_choices":[{"cards_removed":["Strike_B"],"damage_healed":0.0,"max_hp_gain":0.0,"max_hp_loss":0.0,"gold_gain":0.0,"event_name":"The Cleric","player_choice":"Card Removal","floor":2.0,"gold_loss":50.0,"damage_taken":0.0},{"damage_healed":0.0,"max_hp_gain":0.0,"max_hp_loss":0.0,"gold_gain":0.0,"cards_transformed":["Strike_B"],"event_name":"Living Wall","player_choice":"Change","floor":10.0,"gold_loss":0.0,"damage_taken":0.0,"cards_obtained":["Defragment"]}],"is_beta":false,"boss_relics":[],"items_purged_floors":[11],"is_endless":false,"potions_floor_spawned":[6,13,14],"killed_by":"The Guardian","ascension_level":6}