{"gold_per_floor":[99,114,131,131,145,179,179,179,204,229,269,269,269,290,290,419,419,435,460,460,52,52,84,100,100,100,100,126,126,138,156,156,156],"floor_reached":33,"playtime":2006,"items_purged":["Injury"],"score":277,"play_id":"53bcea64-0241-462d-b018-ce829427fb30","local_time":"20190128162943","is_ascension_mode":false,"campfire_choices":[{"floor":8,"key":"REST"},{"floor":13,"key":"REST"},{"floor":15,"key":"REST"},{"data":"Envenom","floor":25,"key":"SMITH"},{"data":"Bane","floor":27,"key":"SMITH"},{"data":"Poisoned Stab","floor":29,"key":"SMITH"},{"floor":32,"key":"REST"}],"neow_cost":"NONE","seed_source_timestamp":1543678660562473,"circlet_count":0,"master_deck":["Survivor","Neutralize","Poisoned Stab+1","Terror+1","Bane+1","Dagger Spray+1","Venomology","Leg Sweep","Envenom+1","Terror","Heel Hook","Choke+1","Concentrate","Slice","Accuracy","Escape Plan","Deflect","Quick Slash","Quick Slash+1","Backstab+1"],"relics":["Ring of the Snake","NeowsBlessing","Bloody Idol","Smiling Mask","Oddly Smooth Stone","Blood Vial","Meat on the Bone","Pandora\u0027s Box","Snake Skull","Lee\u0027s Waffle","Whetstone","Turnip","Bag of Marbles"],"potions_floor_usage":[6,16,19,19,30,31,33,33,33,33],"damage_taken":[{"damage":0,"enemies":"2 Louse","floor":1,"turns":1},{"damage":0,"enemies":"Small Slimes","floor":2,"turns":1},{"damage":0,"enemies":"Jaw Worm","floor":3,"turns":1},{"damage":7,"enemies":"Blue Slaver","floor":5,"turns":4},{"damage":25,"enemies":"Gremlin Nob","floor":6,"turns":4},{"damage":0,"enemies":"Red Slaver","floor":10,"turns":5},{"damage":27,"enemies":"3 Sentries","floor":11,"turns":12},{"damage":20,"enemies":"Looter","floor":14,"turns":3},{"damage":29,"enemies":"Slime Boss","floor":16,"turns":9},{"damage":23,"enemies":"Shell Parasite","floor":18,"turns":6},{"damage":25,"enemies":"2 Thieves","floor":19,"turns":4},{"damage":31,"enemies":"Gremlin Leader","floor":23,"turns":5},{"damage":12,"enemies":"Snake Plant","floor":24,"turns":3},{"damage":22,"enemies":"Centurion and Healer","floor":30,"turns":4},{"damage":10,"enemies":"Chosen and Byrds","floor":31,"turns":3},{"damage":91,"enemies":"Collector","floor":33,"turns":5}],"seed_played":"902855340078206477","potions_obtained":[{"floor":2,"key":"Fire Potion"},{"floor":10,"key":"Poison Potion"},{"floor":16,"key":"FearPotion"},{"floor":19,"key":"LiquidBronze"},{"floor":31,"key":"Fire Potion"}],"is_trial":false,"path_per_floor":["M","M","M","?","M","E","?","R","T","M","E","?","R","M","R","B",null,"M","M","?","$","?","E","M","R","T","R","T","R","M","M","R","B"],"character_chosen":"THE_SILENT","items_purchased":["Snake Skull","Lee\u0027s Waffle"],"campfire_rested":4,"item_purchase_floors":[21,21],"current_hp_per_floor":[70,70,70,70,63,38,13,34,34,36,11,11,32,26,47,32,70,47,36,36,77,77,51,46,46,46,46,51,51,48,45,68,0],"gold":156,"neow_bonus":"THREE_ENEMY_KILL","is_prod":false,"is_daily":false,"chose_seed":false,"campfire_upgraded":3,"win_rate":0.0,"timestamp":1548653383,"path_taken":["M","M","M","?","M","E","?","R","T","M","E","?","R","M","R","BOSS","M","M","?","$","?","E","M","R","T","R","?","R","M","M","R","BOSS"],"build_version":"2019-01-23","purchased_purges":1,"victory":false,"max_hp_per_floor":[70,70,70,70,70,70,70,70,70,70,70,70,70,70,70,70,70,70,70,70,77,77,77,77,77,77,77,77,77,77,77,77,77],"card_choices":[{"not_picked":["Choke","Sucker Punch","Masterful Stab"],"picked":"SKIP","floor":1},{"not_picked":["Dagger Throw","Eviscerate"],"picked":"Poisoned Stab","floor":2},{"not_picked":["Setup","All Out Attack"],"picked":"Terror","floor":3},{"not_picked":["Cloak And Dagger","Predator","Expertise"],"picked":"SKIP","floor":5},{"not_picked":["Expertise","Cloak And Dagger","Dodge and Roll"],"picked":"SKIP","floor":6},{"not_picked":["Die Die Die","Blade Dance"],"picked":"Bane","floor":10},{"not_picked":["Prepared","PiercingWail","Dodge and Roll"],"picked":"SKIP","floor":11},{"not_picked":["Deflect","Blade Dance"],"picked":"Dagger Spray","floor":14},{"not_picked":["Storm of Steel","Malaise"],"picked":"Venomology","floor":16},{"not_picked":["Terror","Slice"],"picked":"Quick Slash","floor":18},{"not_picked":["Cloak And Dagger+1","Prepared"],"picked":"Quick Slash+1","floor":19},{"not_picked":["Flying Knee","Footwork","Reflex"],"picked":"SKIP","floor":23},{"not_picked":["Acrobatics","Sucker Punch+1"],"picked":"Backstab+1","floor":24},{"not_picked":["Heel Hook","Masterful Stab","Sucker Punch"],"picked":"SKIP","floor":30},{"not_picked":["PiercingWail","Tactician+1","Flying Knee"],"picked":"SKIP","floor":31}],"player_experience":102642,"relics_obtained":[{"floor":6,"key":"Smiling Mask"},{"floor":9,"key":"Blood Vial"},{"floor":11,"key":"Meat on the Bone"},{"floor":23,"key":"Whetstone"},{"floor":26,"key":"Turnip"},{"floor":28,"key":"Bag of Marbles"}],"event_choices":[{"damage_healed":0,"gold_gain":0,"player_choice":"Take Wound","damage_taken":0,"relics_obtained":["Golden Idol"],"max_hp_gain":0,"max_hp_loss":0,"event_name":"Golden Idol","floor":4,"gold_loss":0,"cards_obtained":["Injury"]},{"damage_healed":0,"gold_gain":0,"player_choice":"Success","damage_taken":25,"relics_obtained":["Oddly Smooth Stone"],"max_hp_gain":0,"max_hp_loss":0,"event_name":"Scrap Ooze","floor":7,"gold_loss":0},{"damage_healed":0,"gold_gain":0,"player_choice":"Grow","damage_taken":0,"max_hp_gain":0,"max_hp_loss":0,"event_name":"Living Wall","floor":12,"gold_loss":0,"cards_upgraded":["Terror"]},{"damage_healed":0,"gold_gain":0,"player_choice":"Ignored","damage_taken":0,"max_hp_gain":0,"max_hp_loss":0,"event_name":"Vampires","floor":20,"gold_loss":0},{"damage_healed":0,"gold_gain":0,"player_choice":"Gave Idol","damage_taken":0,"relics_obtained":["Bloody Idol"],"max_hp_gain":0,"max_hp_loss":0,"event_name":"Forgotten Altar","floor":22,"relics_lost":["Golden Idol"],"gold_loss":0}],"is_beta":false,"boss_relics":[{"not_picked":["Runic Pyramid","Lizard Tail"],"picked":"Pandora\u0027s Box"}],"items_purged_floors":[21],"is_endless":false,"potions_floor_spawned":[1,2,10,16,19,31],"killed_by":"Collector","ascension_level":0}