{"gold_per_floor":[110,60,60,60,21,21,38,64,64,93,112,131,144,144,144,144],"floor_reached":16,"playtime":497,"items_purged":[],"score":209,"play_id":"b666eee0-5d2d-4338-bb09-608f0950a3ed","local_time":"20190623165249","is_ascension_mode":true,"campfire_choices":[{"data":"Corruption","floor":6,"key":"SMITH"},{"floor":15,"key":"REST"}],"neow_cost":"NONE","seed_source_timestamp":862040034568411,"circlet_count":0,"master_deck":["AscendersBane","Strike_R","Strike_R","Strike_R","Strike_R","Defend_R","Defend_R","Defend_R","Defend_R","Bash+1","Pummel","Corruption+1","Metallicize","Disarm","Warcry","Infernal Blade","Burning Pact","Immolate"],"relics":["Burning Blood","NeowsBlessing","Bag of Marbles","Sundial","Champion Belt"],"potions_floor_usage":[10,16],"damage_taken":[{"damage":0,"enemies":"Small Slimes","floor":1,"turns":1},{"damage":0,"enemies":"Jaw Worm","floor":7,"turns":1},{"damage":0,"enemies":"3 Sentries","floor":8,"turns":2},{"damage":43,"enemies":"Lagavulin","floor":10,"turns":9},{"damage":0,"enemies":"Cultist","floor":11,"turns":3},{"damage":10,"enemies":"3 Louse","floor":12,"turns":6},{"damage":12,"enemies":"Blue Slaver","floor":13,"turns":3},{"damage":72,"enemies":"Hexaghost","floor":16,"turns":12}],"seed_played":"-8413221514540255437","potions_obtained":[{"floor":1,"key":"EssenceOfSteel"},{"floor":4,"key":"Block Potion"},{"floor":4,"key":"Ancient Potion"},{"floor":11,"key":"Poison Potion"}],"is_trial":false,"path_per_floor":["M","?","?","?","$","R","M","E","T","E","M","M","M","?","R","B"],"character_chosen":"IRONCLAD","items_purchased":["Corruption"],"campfire_rested":1,"item_purchase_floors":[5],"current_hp_per_floor":[78,78,78,78,78,78,80,80,80,43,49,45,39,44,69,0],"gold":144,"neow_bonus":"THREE_ENEMY_KILL","is_prod":false,"is_daily":false,"chose_seed":false,"campfire_upgraded":1,"win_rate":0,"timestamp":1561272769,"path_taken":["M","?","?","?","$","R","M","E","T","E","M","M","?","?","R","BOSS"],"build_version":"2019-01-23","purchased_purges":0,"victory":false,"max_hp_per_floor":[80,80,80,80,80,80,80,80,80,80,80,80,80,85,85,85],"card_choices":[{"not_picked":["Armaments","Warcry"],"picked":"Pummel","floor":1},{"not_picked":["Infernal Blade","True Grit"],"picked":"Metallicize","floor":7},{"not_picked":["True Grit","Uppercut"],"picked":"Disarm","floor":8},{"not_picked":["Thunderclap","Havoc"],"picked":"Warcry","floor":10},{"not_picked":["Sever Soul","Sword Boomerang"],"picked":"Infernal Blade","floor":11},{"not_picked":["Intimidate","Evolve"],"picked":"Burning Pact","floor":12},{"not_picked":["Wild Strike","Anger"],"picked":"Immolate","floor":13}],"player_experience":496817,"relics_obtained":[{"floor":8,"key":"Bag of Marbles"},{"floor":9,"key":"Sundial"},{"floor":10,"key":"Champion Belt"}],"event_choices":[{"cards_removed":["Strike_R"],"damage_healed":0,"gold_gain":0,"player_choice":"Card Removal","damage_taken":0,"max_hp_gain":0,"max_hp_loss":0,"event_name":"The Cleric","floor":2,"gold_loss":50},{"damage_healed":0,"gold_gain":0,"player_choice":"Grow","damage_taken":0,"max_hp_gain":0,"max_hp_loss":0,"event_name":"Living Wall","floor":3,"gold_loss":0,"cards_upgraded":["Bash"]},{"damage_healed":0,"gold_gain":0,"player_choice":"Got Potions","damage_taken":0,"max_hp_gain":0,"max_hp_loss":0,"event_name":"Lab","floor":4,"gold_loss":0},{"damage_healed":0,"gold_gain":0,"player_choice":"Donut","damage_taken":0,"max_hp_gain":5,"max_hp_loss":0,"event_name":"Big Fish","floor":14,"gold_loss":0}],"is_beta":false,"boss_relics":[],"items_purged_floors":[],"is_endless":false,"potions_floor_spawned":[1,11],"killed_by":"Hexaghost","ascension_level":11}