{"gold_per_floor":[114,114,114,65,65,75,75,104,131,131,206,233,249,249],"floor_reached":14,"playtime":796,"items_purged":[],"score":95,"play_id":"c43e37ff-0785-48e3-b4ff-697ac1237d8e","local_time":"20190602091542","is_ascension_mode":true,"campfire_choices":[{"data":"Blade Dance","floor":7.0,"key":"SMITH"},{"floor":10,"key":"REST"}],"neow_cost":"NONE","seed_source_timestamp":0,"circlet_count":0,"master_deck":["Defend_G","Defend_G","Defend_G","Defend_G","Defend_G","Strike_G","Strike_G","Strike_G","Strike_G","Strike_G","Survivor","Neutralize","Cloak And Dagger","Blade Dance+1","Prepared","Blade Dance"],"special_seed":0,"relics":["Ring of the Snake","Odd Mushroom","Boot","Regal Pillow"],"potions_floor_usage":[],"damage_taken":[{"damage":7.0,"enemies":"Jaw Worm","floor":1.0,"turns":5.0},{"damage":3.0,"enemies":"2 Louse","floor":6.0,"turns":3.0},{"damage":19.0,"enemies":"The Mushroom Lair","floor":8.0,"turns":5.0},{"damage":48,"enemies":"Lagavulin","floor":12,"turns":7},{"damage":0,"enemies":"Small Slimes","floor":13,"turns":3},{"damage":4,"enemies":"Blue Slaver","floor":14,"turns":2}],"seed_played":"8045756277020604800","potions_obtained":[{"floor":6.0,"key":"Regen Potion"},{"floor":12,"key":"SteroidPotion"}],"is_trial":false,"path_per_floor":["M","?","?","$","?","M","R","?","T","R","?","E","M","M"],"character_chosen":"THE_SILENT","items_purchased":["Blade Dance"],"campfire_rested":1,"item_purchase_floors":[4],"current_hp_per_floor":[63,63,63,63,63,60,60,41,41,62,51,3,3,0],"gold":249,"neow_bonus":"THREE_CARDS","is_prod":false,"is_daily":false,"chose_seed":false,"campfire_upgraded":1,"win_rate":0,"timestamp":1559430942,"path_taken":["M","?","?","$","?","M","R","?","T","R","?","E","M","?"],"build_version":"2019-01-23","purchased_purges":0,"victory":false,"max_hp_per_floor":[70,70,70,70,70,70,70,70,70,70,70,70,70,70],"card_choices":[{"not_picked":["Backflip","Expertise"],"picked":"Cloak And Dagger","floor":0.0},{"not_picked":["Slice","Deadly Poison","Acrobatics"],"picked":"SKIP","floor":1.0},{"not_picked":["Outmaneuver","Poisoned Stab","Quick Slash"],"picked":"SKIP","floor":6.0},{"not_picked":["Dagger Spray","Riddle With Holes"],"picked":"Prepared","floor":8},{"not_picked":["Eviscerate","Masterful Stab","Choke"],"picked":"SKIP","floor":12},{"not_picked":["Deadly Poison","Escape Plan"],"picked":"Blade Dance","floor":13}],"player_experience":394911,"relics_obtained":[{"floor":8,"key":"Odd Mushroom"},{"floor":9,"key":"Boot"},{"floor":12,"key":"Regal Pillow"}],"event_choices":[{"damage_healed":0.0,"max_hp_gain":0.0,"max_hp_loss":0.0,"gold_gain":0.0,"event_name":"Shining Light","player_choice":"Ignored","floor":2.0,"gold_loss":0.0,"damage_taken":0.0},{"damage_healed":0.0,"max_hp_gain":0.0,"max_hp_loss":0.0,"gold_gain":0.0,"event_name":"The Cleric","player_choice":"Leave","floor":3.0,"gold_loss":0.0,"damage_taken":0.0},{"damage_healed":0.0,"max_hp_gain":0.0,"max_hp_loss":0.0,"gold_gain":0.0,"event_name":"Golden Wing","player_choice":"Ignored","floor":5.0,"gold_loss":0.0,"damage_taken":0.0},{"damage_healed":0.0,"max_hp_gain":0.0,"max_hp_loss":0.0,"gold_gain":0.0,"event_name":"Mushrooms","player_choice":"Fought Mushrooms","floor":8.0,"gold_loss":0.0,"damage_taken":0.0},{"damage_healed":0,"gold_gain":75,"player_choice":"Gather Gold","damage_taken":11,"max_hp_gain":0,"max_hp_loss":0,"event_name":"World of Goop","floor":11,"gold_loss":0}],"is_beta":false,"boss_relics":[],"items_purged_floors":[],"is_endless":false,"potions_floor_spawned":[6,12],"killed_by":"Blue Slaver","ascension_level":2}