{"gold_per_floor":[113,129,129,129,129,157,122,155,185,185,32,32,49,66,66,66],"floor_reached":16,"playtime":753,"items_purged":["Regret"],"score":119,"play_id":"5f82194f-47f3-49cf-a8a3-d62269961b87","local_time":"20190417220221","is_ascension_mode":true,"campfire_choices":[{"floor":10,"key":"REST"},{"floor":15,"key":"REST"}],"neow_cost":"NONE","seed_source_timestamp":614611703090508,"circlet_count":0,"master_deck":["Defend_G","Defend_G","Defend_G","Defend_G","Defend_G","Strike_G","Strike_G","Strike_G","Strike_G","Strike_G","Survivor","Neutralize","Venomology+1","Accuracy","Blade Dance","Finisher+1","Accuracy"],"relics":["Ring of the Snake","Ninja Scroll","Molten Egg 2","Question Card","Tiny Chest"],"potions_floor_usage":[6,6,8,16,16],"damage_taken":[{"damage":1,"enemies":"Small Slimes","floor":1,"turns":5},{"damage":0,"enemies":"2 Louse","floor":2,"turns":3},{"damage":33,"enemies":"Gremlin Nob","floor":6,"turns":6},{"damage":48,"enemies":"Lagavulin","floor":8,"turns":8},{"damage":0,"enemies":"Jaw Worm","floor":13,"turns":2},{"damage":1,"enemies":"Looter","floor":14,"turns":3},{"damage":50,"enemies":"The Guardian","floor":16,"turns":12}],"seed_played":"-8787757609798110137","potions_obtained":[{"floor":13,"key":"LiquidBronze"}],"is_trial":false,"path_per_floor":["M","M","$","?","?","E","?","E","T","R","$","?","M","M","R","B"],"character_chosen":"THE_SILENT","items_purchased":["Finisher+1"],"campfire_rested":2,"item_purchase_floors":[11],"current_hp_per_floor":[69,69,69,69,69,36,53,5,5,26,26,26,26,25,46,0],"gold":66,"neow_bonus":"ONE_RANDOM_RARE_CARD","is_prod":false,"is_daily":false,"chose_seed":false,"campfire_upgraded":0,"win_rate":0,"timestamp":1555502541,"path_taken":["M","M","$","?","?","E","?","E","T","R","$","?","M","M","R","BOSS"],"build_version":"2019-01-23","purchased_purges":1,"victory":false,"max_hp_per_floor":[70,70,70,70,70,70,70,70,70,70,70,70,70,70,70,70],"card_choices":[{"not_picked":["Dagger Throw","Prepared","Flying Knee"],"picked":"SKIP","floor":1},{"not_picked":["Expertise","Dagger Throw","Deflect"],"picked":"SKIP","floor":2},{"not_picked":["Prepared","Acrobatics"],"picked":"Accuracy","floor":6},{"not_picked":["Masterful Stab+1","Bullet Time"],"picked":"Blade Dance","floor":8},{"not_picked":["Concentrate","Poisoned Stab+1","Escape Plan","Underhanded Strike+1"],"picked":"SKIP","floor":13},{"not_picked":["Dagger Spray+1","Footwork","Acrobatics"],"picked":"Accuracy","floor":14}],"player_experience":316170,"relics_obtained":[{"floor":6,"key":"Molten Egg 2"},{"floor":8,"key":"Question Card"},{"floor":9,"key":"Tiny Chest"}],"event_choices":[{"damage_healed":0,"gold_gain":0,"player_choice":"Grow","damage_taken":0,"max_hp_gain":0,"max_hp_loss":0,"event_name":"Living Wall","floor":4,"gold_loss":0,"cards_upgraded":["Venomology"]},{"damage_healed":0,"gold_gain":0,"player_choice":"Box","damage_taken":0,"relics_obtained":["Ninja Scroll"],"max_hp_gain":0,"max_hp_loss":0,"event_name":"Big Fish","floor":5,"gold_loss":0,"cards_obtained":["Regret"]},{"damage_healed":17,"gold_gain":0,"player_choice":"Healed","damage_taken":0,"max_hp_gain":0,"max_hp_loss":0,"event_name":"The Cleric","floor":7,"gold_loss":35},{"damage_healed":0,"gold_gain":0,"player_choice":"Ignored","damage_taken":0,"max_hp_gain":0,"max_hp_loss":0,"event_name":"Golden Wing","floor":12,"gold_loss":0}],"is_beta":false,"boss_relics":[],"items_purged_floors":[11],"is_endless":false,"potions_floor_spawned":[13,14],"killed_by":"The Guardian","ascension_level":2}