{"gold_per_floor":[116,127,127,141,152,177,187,187,187,204,229,32,32,49,49,152,152,166,94,94,94,107,107,135,135,135,235,261,68,68,79,79,176,176,192,205,305,352,372,401,401,361,361,361,391,408,426,456,456,456],"floor_reached":51,"playtime":3664,"items_purged":["Strike_R"],"score":992,"play_id":"556dd98e-e3fe-4739-bdfc-d9efc445efa6","local_time":"20190605022929","is_ascension_mode":true,"campfire_choices":[{"data":"Bash","floor":8,"key":"SMITH"},{"floor":13,"key":"REST"},{"data":"Armaments","floor":15,"key":"SMITH"},{"data":"Immolate","floor":23,"key":"SMITH"},{"floor":25,"key":"REST"},{"floor":32,"key":"REST"},{"floor":41,"key":"REST"},{"data":"Inflame","floor":44,"key":"SMITH"},{"floor":49,"key":"REST"}],"neow_cost":"PERCENT_DAMAGE","seed_source_timestamp":69133108983328,"circlet_count":0,"master_deck":["Strike_R","Defend_R","Defend_R","Defend_R+1","Defend_R","Bash+1","Headbutt","Flame Barrier","Anger","Offering","Sword Boomerang","Spot Weakness","Armaments+1","Shockwave","Immolate+1","Inflame+1","Armaments+1","Sword Boomerang+1","Blood for Blood+1","Battle Trance","Battle Trance","Flame Barrier","Reaper+1","Warcry+1","True Grit+1","Evolve+1","Bloodletting+1"],"relics":["Burning Blood","Centennial Puzzle","Gremlin Horn","Ice Cream","Mark of Pain","Molten Egg 2","Sundial","Torii","Mummified Hand","Oddly Smooth Stone","Anchor","Empty Cage","Incense Burner","Turnip","Toxic Egg 2","Pantograph","Lantern","Pear"],"potions_floor_usage":[11,27,27,33,33,50],"damage_taken":[{"damage":0,"enemies":"Small Slimes","floor":1,"turns":4},{"damage":1,"enemies":"Cultist","floor":2,"turns":3},{"damage":7,"enemies":"2 Louse","floor":4,"turns":3},{"damage":7,"enemies":"Blue Slaver","floor":5,"turns":5},{"damage":40,"enemies":"3 Sentries","floor":6,"turns":10},{"damage":6,"enemies":"Looter","floor":7,"turns":1},{"damage":12,"enemies":"3 Louse","floor":10,"turns":2},{"damage":22,"enemies":"Gremlin Nob","floor":11,"turns":3},{"damage":6,"enemies":"Gremlin Gang","floor":14,"turns":3},{"damage":13,"enemies":"The Guardian","floor":16,"turns":9},{"damage":6,"enemies":"Spheric Guardian","floor":18,"turns":2},{"damage":13,"enemies":"Shell Parasite","floor":22,"turns":2},{"damage":34,"enemies":"Book of Stabbing","floor":24,"turns":5},{"damage":23,"enemies":"Colosseum Slavers","floor":27,"turns":3},{"damage":29,"enemies":"Colosseum Nobs","floor":27,"turns":3},{"damage":17,"enemies":"Slavers","floor":28,"turns":2},{"damage":25,"enemies":"Shelled Parasite and Fungi","floor":31,"turns":3},{"damage":6,"enemies":"Champ","floor":33,"turns":5},{"damage":12,"enemies":"3 Shapes","floor":35,"turns":2},{"damage":6,"enemies":"3 Darklings","floor":36,"turns":3},{"damage":6,"enemies":"Mind Bloom Boss Battle","floor":37,"turns":5},{"damage":60,"enemies":"2 Orb Walkers","floor":38,"turns":5},{"damage":1,"enemies":"4 Shapes","floor":39,"turns":1},{"damage":17,"enemies":"Reptomancer","floor":40,"turns":5},{"damage":13,"enemies":"Nemesis","floor":45,"turns":5},{"damage":0,"enemies":"Jaw Worm Horde","floor":46,"turns":3},{"damage":45,"enemies":"Maw","floor":47,"turns":5},{"damage":46,"enemies":"Reptomancer","floor":48,"turns":3},{"damage":48,"enemies":"Donu and Deca","floor":50,"turns":6}],"seed_played":"-8895871760747857466","potions_obtained":[{"floor":2,"key":"FearPotion"},{"floor":5,"key":"BloodPotion"},{"floor":6,"key":"AttackPotion"},{"floor":11,"key":"Explosive Potion"},{"floor":22,"key":"Regen Potion"},{"floor":28,"key":"Dexterity Potion"},{"floor":31,"key":"Ancient Potion"},{"floor":35,"key":"SteroidPotion"},{"floor":37,"key":"LiquidBronze"}],"is_trial":false,"path_per_floor":["M","M","?","M","M","E","M","R","T","M","E","$","R","M","R","B",null,"M","$","?","?","M","R","E","R","T","?","E","$","?","M","R","B",null,"M","M","?","?","M","E","R","?","T","R","E","M","M","E","R","B",null],"character_chosen":"IRONCLAD","items_purchased":["Spot Weakness","Armaments","Inflame","Battle Trance","Anchor"],"campfire_rested":5,"item_purchase_floors":[12,12,19,29,29],"current_hp_per_floor":[78,83,83,82,81,47,47,47,47,41,34,34,62,62,62,55,96,96,96,96,77,70,70,42,72,72,41,30,30,30,11,41,41,101,101,101,101,63,68,57,87,87,87,87,81,101,71,61,94,84],"gold":456,"neow_bonus":"TWENTY_PERCENT_HP_BONUS","is_prod":false,"is_daily":false,"chose_seed":false,"campfire_upgraded":4,"win_rate":0,"timestamp":1559716169,"path_taken":["M","M","?","M","M","E","M","R","T","?","E","?","R","M","R","BOSS","M","$","?","?","M","R","E","R","T","?","E","$","?","M","R","BOSS","M","M","?","?","M","E","R","?","T","R","E","?","M","E","R","BOSS"],"build_version":"2019-01-23","purchased_purges":1,"victory":true,"max_hp_per_floor":[96,96,96,96,96,96,96,96,96,96,96,96,96,96,96,96,96,96,96,96,101,101,101,101,101,101,101,101,101,101,101,101,101,101,101,101,101,101,101,101,101,101,101,101,101,101,101,111,111,111],"card_choices":[{"not_picked":["Blood for Blood","Heavy Blade"],"picked":"Headbutt","floor":1},{"not_picked":["Cleave","Perfected Strike","Second Wind"],"picked":"SKIP","floor":2},{"not_picked":["Heavy Blade","Headbutt"],"picked":"Flame Barrier","floor":4},{"not_picked":["Headbutt","Warcry"],"picked":"Anger","floor":5},{"not_picked":["Perfected Strike","Metallicize"],"picked":"Offering","floor":6},{"not_picked":["Searing Blow","Anger","Havoc"],"picked":"SKIP","floor":7},{"not_picked":["Evolve","Warcry","Intimidate"],"picked":"SKIP","floor":10},{"not_picked":["Bloodletting","Whirlwind"],"picked":"Sword Boomerang","floor":11},{"not_picked":["Pommel Strike","Flex"],"picked":"Shockwave","floor":14},{"not_picked":["Double Tap","Demon Form"],"picked":"Immolate","floor":16},{"not_picked":["Perfected Strike+1","Body Slam","Bloodletting+1"],"picked":"SKIP","floor":18},{"not_picked":["Clothesline+1","True Grit"],"picked":"Armaments+1","floor":22},{"not_picked":["Twin Strike","Iron Wave"],"picked":"Sword Boomerang","floor":24},{"not_picked":["Twin Strike+1","Pommel Strike+1"],"picked":"Blood for Blood+1","floor":28},{"not_picked":["Twin Strike+1","Warcry"],"picked":"Flame Barrier","floor":31},{"not_picked":["Barricade","Berserk"],"picked":"Reaper+1","floor":33},{"not_picked":["Seeing Red","Bloodletting"],"picked":"Warcry+1","floor":35},{"not_picked":["Headbutt+1","Cleave+1","Anger+1"],"picked":"SKIP","floor":36},{"not_picked":["Sword Boomerang+1","Cleave+1"],"picked":"True Grit","floor":37},{"not_picked":["Twin Strike+1","Barricade"],"picked":"Evolve+1","floor":38},{"not_picked":["Thunderclap+1","Intimidate+1","Hemokinesis+1"],"picked":"SKIP","floor":39},{"not_picked":["Warcry+1","Twin Strike+1","Wild Strike+1"],"picked":"SKIP","floor":40},{"not_picked":["Armaments+1","Second Wind+1"],"picked":"Bloodletting+1","floor":45},{"not_picked":["Clothesline+1","Iron Wave+1","Searing Blow+1"],"picked":"SKIP","floor":46},{"not_picked":["Feed+1","Wild Strike+1","Armaments+1"],"picked":"SKIP","floor":47},{"not_picked":["Inflame","Entrench+1","True Grit+1"],"picked":"SKIP","floor":48}],"player_experience":301544,"relics_obtained":[{"floor":6,"key":"Centennial Puzzle"},{"floor":9,"key":"Gremlin Horn"},{"floor":11,"key":"Ice Cream"},{"floor":24,"key":"Molten Egg 2"},{"floor":26,"key":"Sundial"},{"floor":27,"key":"Torii"},{"floor":27,"key":"Mummified Hand"},{"floor":28,"key":"Oddly Smooth Stone"},{"floor":37,"key":"Incense Burner"},{"floor":38,"key":"Turnip"},{"floor":40,"key":"Toxic Egg 2"},{"floor":43,"key":"Pantograph"},{"floor":45,"key":"Lantern"},{"floor":48,"key":"Pear"}],"event_choices":[{"cards_removed":["Strike_R"],"damage_healed":0,"gold_gain":0,"player_choice":"Purged","damage_taken":0,"max_hp_gain":0,"max_hp_loss":0,"event_name":"Purifier","floor":3,"gold_loss":0},{"damage_healed":0,"gold_gain":0,"player_choice":"Ignored","damage_taken":0,"max_hp_gain":0,"max_hp_loss":0,"event_name":"Ghosts","floor":20,"gold_loss":0},{"damage_healed":0,"gold_gain":0,"player_choice":"Shed Blood","damage_taken":24,"max_hp_gain":5,"max_hp_loss":0,"event_name":"Forgotten Altar","floor":21,"gold_loss":0},{"damage_healed":0,"gold_gain":0,"player_choice":"Fight","damage_taken":0,"max_hp_gain":0,"max_hp_loss":0,"event_name":"Colosseum","floor":27,"gold_loss":0},{"damage_healed":0,"gold_gain":0,"player_choice":"Fought Nobs","damage_taken":0,"max_hp_gain":0,"max_hp_loss":0,"event_name":"Colosseum","floor":27,"gold_loss":0},{"damage_healed":0,"gold_gain":0,"player_choice":"Read","damage_taken":0,"max_hp_gain":0,"max_hp_loss":0,"event_name":"The Library","floor":30,"gold_loss":0,"cards_obtained":["Battle Trance"]},{"damage_healed":0,"gold_gain":0,"player_choice":"Fight","damage_taken":0,"max_hp_gain":0,"max_hp_loss":0,"event_name":"MindBloom","floor":37,"gold_loss":0},{"damage_healed":0,"gold_gain":0,"player_choice":"Fight","damage_taken":0,"max_hp_gain":0,"max_hp_loss":0,"event_name":"Mysterious Sphere","floor":38,"gold_loss":0},{"damage_healed":0,"gold_gain":0,"player_choice":"Upgraded Two","damage_taken":0,"max_hp_gain":0,"max_hp_loss":0,"event_name":"Designer","floor":42,"gold_loss":40,"cards_upgraded":["True Grit","Defend_R"]}],"is_beta":false,"boss_relics":[{"not_picked":["Sozu","Runic Cube"],"picked":"Mark of Pain"},{"not_picked":["Runic Pyramid","Philosopher\u0027s Stone"],"picked":"Empty Cage"}],"items_purged_floors":[12],"is_endless":false,"potions_floor_spawned":[2,5,6,11,16,22,28,31,35,37,38,46,47,48],"ascension_level":4}