{"gold_per_floor":[217,232,85,105,105,134,134,146,200,225,238,258,243],"floor_reached":13,"playtime":888,"items_purged":[],"score":112,"play_id":"8e940881-ccd0-417d-a737-691dbe81f5f1","local_time":"20190228175703","is_ascension_mode":true,"campfire_choices":[{"floor":7.0,"key":"REST"}],"neow_cost":"NONE","seed_source_timestamp":0,"circlet_count":0,"master_deck":["Strike_R+1","Strike_R","Strike_R","Strike_R+1","Strike_R","Defend_R","Defend_R","Defend_R","Defend_R","Bash+1","Sword Boomerang","Pommel Strike","Feed","Spot Weakness"],"special_seed":0,"relics":["Burning Blood","Whetstone","Dream Catcher","Tiny Chest","Regal Pillow"],"potions_floor_usage":[10],"damage_taken":[{"damage":6.0,"enemies":"Cultist","floor":1.0,"turns":4.0},{"damage":12.0,"enemies":"Small Slimes","floor":2.0,"turns":3.0},{"damage":7.0,"enemies":"2 Louse","floor":4.0,"turns":2.0},{"damage":50.0,"enemies":"3 Sentries","floor":6.0,"turns":10.0},{"damage":12.0,"enemies":"Exordium Wildlife","floor":8.0,"turns":5.0},{"damage":25,"enemies":"Lagavulin","floor":10,"turns":5},{"damage":16,"enemies":"Blue Slaver","floor":11,"turns":3},{"damage":9,"enemies":"3 Louse","floor":12,"turns":3},{"damage":26,"enemies":"Exordium Thugs","floor":13,"turns":2}],"seed_played":"3388276697305667728","potions_obtained":[{"floor":1.0,"key":"PowerPotion"},{"floor":10,"key":"Ancient Potion"},{"floor":11,"key":"Poison Potion"}],"is_trial":false,"path_per_floor":["M","M","$","M","?","E","R","M","T","E","M","M","M"],"character_chosen":"IRONCLAD","items_purchased":["Whetstone"],"campfire_rested":1,"item_purchase_floors":[3],"current_hp_per_floor":[80,74,74,73,73,29,53,47,47,31,21,21,0],"gold":243,"neow_bonus":"HUNDRED_GOLD","is_prod":false,"is_daily":false,"chose_seed":false,"campfire_upgraded":0,"win_rate":0,"timestamp":1551337023,"path_taken":["M","?","?","M","?","E","R","M","T","E","M","M","?"],"build_version":"2019-01-23","purchased_purges":0,"victory":false,"max_hp_per_floor":[80,80,80,80,80,80,80,80,80,83,83,86,86],"card_choices":[{"not_picked":["Dropkick","Battle Trance","Twin Strike"],"picked":"SKIP","floor":1.0},{"not_picked":["Intimidate","True Grit","Twin Strike"],"picked":"SKIP","floor":2.0},{"not_picked":["Shrug It Off","Rage","Anger"],"picked":"SKIP","floor":4.0},{"not_picked":["Battle Trance","Iron Wave"],"picked":"Sword Boomerang","floor":6.0},{"not_picked":["Searing Blow","Dual Wield"],"picked":"Pommel Strike","floor":7.0},{"not_picked":["Body Slam","Cleave"],"picked":"Feed","floor":8.0},{"not_picked":["Cleave","Power Through","Burning Pact"],"picked":"SKIP","floor":10},{"not_picked":["Clash","Warcry"],"picked":"Spot Weakness","floor":11},{"not_picked":["Cleave","Thunderclap","Intimidate"],"picked":"SKIP","floor":12}],"player_experience":203508,"relics_obtained":[{"floor":6.0,"key":"Dream Catcher"},{"floor":9.0,"key":"Tiny Chest"},{"floor":10,"key":"Regal Pillow"}],"event_choices":[{"damage_healed":0.0,"max_hp_gain":0.0,"max_hp_loss":0.0,"gold_gain":0.0,"event_name":"Accursed Blacksmith","player_choice":"Forge","floor":5.0,"gold_loss":0.0,"damage_taken":0.0,"cards_upgraded":["Bash"]}],"is_beta":false,"boss_relics":[],"items_purged_floors":[],"is_endless":false,"potions_floor_spawned":[1,2,10,11],"killed_by":"Exordium Thugs","ascension_level":3}