{"gold_per_floor":[113,113,128,105,116,116,25,56,56,86,86,105,118,149,149,251,251,267,467,487,501,515,515,542,557,557,571,597,616,267,267,267,370,370,388,488,488,503,515,541,541,541],"floor_reached":42,"playtime":3583,"items_purged":[],"score":754,"play_id":"222bf5fc-35e7-4474-ba81-110c8caf5a8b","local_time":"20190619182523","is_ascension_mode":true,"campfire_choices":[{"data":"Bash","floor":6,"key":"SMITH"},{"data":"Armaments","floor":11,"key":"SMITH"},{"data":"Shockwave","floor":15,"key":"SMITH"},{"floor":23,"key":"REST"},{"floor":32,"key":"REST"},{"floor":41,"key":"RECALL"}],"neow_cost":"NONE","seed_source_timestamp":518890311535540,"circlet_count":0,"master_deck":["Strike_R","Strike_R","Strike_R","Strike_R","Strike_R","Defend_R","Defend_R","Defend_R","Defend_R+1","Bash+1","Twin Strike","Infernal Blade+1","Armaments+1","Battle Trance","Panacea","Metallicize","Warcry","Shrug It Off","Shockwave+1","Iron Wave","Limit Break","Havoc","Armaments+1","Fire Breathing+1","Cleave+1","Exhume","Pommel Strike","Inflame","Warcry+1","Writhe","Feed","Twin Strike+1","Pommel Strike+1","True Grit+1","Power Through+1"],"relics":["Burning Blood","NeowsBlessing","Ornamental Fan","Calipers","Bottled Tornado","War Paint","Self Forming Clay","Fusion Hammer","Mummified Hand","Dodecahedron","Nunchaku","Bag of Preparation","Sling","Omamori","Runic Pyramid","Charon\u0027s Ashes","Oddly Smooth Stone"],"potions_floor_usage":[8,24,24,33,40,40],"damage_taken":[{"damage":0,"enemies":"Jaw Worm","floor":1,"turns":1},{"damage":0,"enemies":"Cultist","floor":3,"turns":1},{"damage":0,"enemies":"Small Slimes","floor":5,"turns":1},{"damage":30,"enemies":"Lagavulin","floor":8,"turns":6},{"damage":5,"enemies":"3 Sentries","floor":10,"turns":7},{"damage":1,"enemies":"Exordium Wildlife","floor":12,"turns":3},{"damage":0,"enemies":"2 Fungi Beasts","floor":13,"turns":3},{"damage":14,"enemies":"Lagavulin","floor":14,"turns":8},{"damage":54,"enemies":"The Guardian","floor":16,"turns":13},{"damage":0,"enemies":"Shell Parasite","floor":18,"turns":6},{"damage":3,"enemies":"3 Byrds","floor":20,"turns":7},{"damage":15,"enemies":"Snake Plant","floor":21,"turns":5},{"damage":7,"enemies":"Shelled Parasite and Fungi","floor":22,"turns":6},{"damage":0,"enemies":"Gremlin Leader","floor":24,"turns":10},{"damage":16,"enemies":"Cultist and Chosen","floor":25,"turns":7},{"damage":1,"enemies":"Chosen and Byrds","floor":27,"turns":6},{"damage":47,"enemies":"Slavers","floor":28,"turns":5},{"damage":12,"enemies":"Centurion and Healer","floor":29,"turns":5},{"damage":40,"enemies":"Automaton","floor":33,"turns":8},{"damage":26,"enemies":"3 Darklings","floor":35,"turns":7},{"damage":0,"enemies":"Mind Bloom Boss Battle","floor":36,"turns":6},{"damage":7,"enemies":"Orb Walker","floor":38,"turns":4},{"damage":27,"enemies":"4 Shapes","floor":39,"turns":3},{"damage":0,"enemies":"Giant Head","floor":40,"turns":5},{"damage":80,"enemies":"Nemesis","floor":42,"turns":5}],"seed_played":"-8245611238543207345","potions_obtained":[{"floor":3,"key":"Fire Potion"},{"floor":8,"key":"Swift Potion"},{"floor":10,"key":"Regen Potion"},{"floor":12,"key":"EssenceOfSteel"},{"floor":24,"key":"Explosive Potion"},{"floor":25,"key":"EssenceOfSteel"},{"floor":29,"key":"PowerPotion"},{"floor":36,"key":"BloodPotion"},{"floor":38,"key":"BloodPotion"}],"is_trial":false,"path_per_floor":["M","?","M","$","M","R","$","E","T","E","R","M","M","E","R","B",null,"M","?","M","M","M","R","E","M","T","M","E","M","$","?","R","B",null,"M","?","?","M","M","E","R","E"],"character_chosen":"IRONCLAD","items_purchased":["Armaments","Panacea","Bag of Preparation","Sling"],"campfire_rested":2,"item_purchase_floors":[4,7,30,30],"current_hp_per_floor":[78,78,80,80,80,80,80,56,56,57,57,62,68,60,60,12,63,69,69,72,63,62,80,80,70,70,75,34,28,28,28,52,18,65,45,55,55,54,39,66,66,0],"gold":541,"neow_bonus":"THREE_ENEMY_KILL","is_prod":false,"is_daily":false,"chose_seed":false,"campfire_upgraded":3,"win_rate":0,"timestamp":1560932723,"path_taken":["M","?","M","$","?","R","$","E","T","E","R","M","M","E","R","BOSS","M","?","?","M","M","R","E","M","T","M","E","M","$","?","R","BOSS","M","?","?","M","M","E","R","E"],"build_version":"2019-01-23","purchased_purges":0,"victory":false,"max_hp_per_floor":[80,80,80,80,80,80,80,80,80,80,80,80,80,80,80,80,80,80,80,80,80,80,80,80,80,80,80,80,80,80,80,80,80,80,80,84,84,84,90,93,93,93],"card_choices":[{"not_picked":["Clash","Evolve"],"picked":"Twin Strike","floor":1},{"not_picked":["Havoc","Twin Strike"],"picked":"Infernal Blade","floor":3},{"not_picked":["Anger","Rupture"],"picked":"Battle Trance","floor":5},{"not_picked":["Offering","Perfected Strike"],"picked":"Metallicize","floor":8},{"not_picked":["Clash","Wild Strike"],"picked":"Warcry","floor":10},{"not_picked":["Headbutt","Clash"],"picked":"Shrug It Off","floor":12},{"not_picked":["Pommel Strike","Burning Pact"],"picked":"Shockwave","floor":13},{"not_picked":["Heavy Blade","Clash"],"picked":"Iron Wave","floor":14},{"not_picked":["Dark Embrace","Barricade"],"picked":"Limit Break","floor":16},{"not_picked":["Wild Strike","Headbutt"],"picked":"Havoc","floor":18},{"not_picked":["True Grit","Heavy Blade"],"picked":"Armaments+1","floor":20},{"not_picked":["Flex+1","Dropkick"],"picked":"Fire Breathing+1","floor":21},{"not_picked":["Wild Strike","Body Slam"],"picked":"Cleave+1","floor":22},{"not_picked":["Heavy Blade+1","Dropkick"],"picked":"Exhume","floor":24},{"not_picked":["Iron Wave","Second Wind"],"picked":"Pommel Strike","floor":25},{"not_picked":["Intimidate+1","Whirlwind"],"picked":"Inflame","floor":27},{"not_picked":["Searing Blow","Reaper"],"picked":"Warcry+1","floor":28},{"not_picked":["Iron Wave","Perfected Strike","Warcry"],"picked":"SKIP","floor":29},{"not_picked":["Dark Embrace","Barricade"],"picked":"Feed","floor":33},{"not_picked":["Wild Strike+1","Armaments+1"],"picked":"Twin Strike+1","floor":35},{"not_picked":["Heavy Blade","Feed"],"picked":"Pommel Strike+1","floor":36},{"not_picked":["Twin Strike","Thunderclap","Armaments"],"picked":"SKIP","floor":38},{"not_picked":["Iron Wave+1","Anger"],"picked":"True Grit+1","floor":39},{"not_picked":["Dropkick+1","Shrug It Off"],"picked":"Power Through+1","floor":40}],"player_experience":459895,"relics_obtained":[{"floor":2,"key":"Ornamental Fan"},{"floor":8,"key":"Calipers"},{"floor":9,"key":"Bottled Tornado"},{"floor":10,"key":"War Paint"},{"floor":14,"key":"Self Forming Clay"},{"floor":24,"key":"Mummified Hand"},{"floor":26,"key":"Dodecahedron"},{"floor":28,"key":"Nunchaku"},{"floor":36,"key":"Charon\u0027s Ashes"},{"floor":40,"key":"Oddly Smooth Stone"}],"event_choices":[{"damage_healed":0,"gold_gain":0,"player_choice":"Relic","damage_taken":0,"max_hp_gain":0,"max_hp_loss":0,"event_name":"Wheel of Change","floor":2,"gold_loss":0},{"damage_healed":0,"gold_gain":250,"player_choice":"Bet on Owner","damage_taken":0,"max_hp_gain":0,"max_hp_loss":0,"event_name":"The Joust","floor":19,"gold_loss":50},{"damage_healed":0,"gold_gain":0,"player_choice":"Opened","damage_taken":0,"relics_obtained":["Omamori"],"max_hp_gain":0,"max_hp_loss":0,"event_name":"The Mausoleum","floor":31,"gold_loss":0,"cards_obtained":["Writhe"]},{"damage_healed":0,"gold_gain":0,"player_choice":"Fight","damage_taken":0,"max_hp_gain":0,"max_hp_loss":0,"event_name":"MindBloom","floor":36,"gold_loss":0},{"damage_healed":0,"gold_gain":0,"player_choice":"Ignored","damage_taken":0,"max_hp_gain":0,"max_hp_loss":0,"event_name":"Mysterious Sphere","floor":37,"gold_loss":0}],"is_beta":false,"boss_relics":[{"not_picked":["Calling Bell","Sozu"],"picked":"Fusion Hammer"},{"not_picked":["Busted Crown","Cursed Key"],"picked":"Runic Pyramid"}],"items_purged_floors":[],"is_endless":false,"potions_floor_spawned":[3,8,10,12,18,24,25,28,29,36,38,39],"killed_by":"Nemesis","ascension_level":7}