{"path_per_floor":["M","?","M","?","M","R","$","E","T","R","M","M","$","?","R","B",null,"M","?","M","M","M","E","$"],"character_chosen":"IRONCLAD","items_purchased":["Bronze Scales","Flame Barrier","Metallicize","Strange Spoon","Sentinel","Corruption","Warcry"],"gold_per_floor":[365,365,385,685,697,697,324,358,358,358,376,396,39,66,66,166,166,184,184,199,219,232,288,206],"floor_reached":25,"campfire_rested":0,"playtime":2753,"current_hp_per_floor":[72,72,72,65,65,65,65,63,63,63,67,72,72,72,72,62,72,64,64,69,50,46,9,9],"items_purged":["Strike_R","Strike_R"],"gold":206,"play_id":"90f77003-cb61-42c7-8e3b-5cff26be4a19","is_prod":false,"is_daily":false,"is_ascension_mode":false,"campfire_upgraded":3,"path_taken":["M","?","M","?","?","R","$","E","T","R","M","M","$","?","R","BOSS","M","?","M","M","M","E","$","M"],"build_version":"2018-02-01-PROD3","purchased_purges":2,"victory":false,"master_deck":["Strike_R","Defend_R","Defend_R","Defend_R","Defend_R","Bash","Corruption+1","Rage","Clash","Havoc+1","Flame Barrier","Metallicize+1","Shrug It Off","Disarm","Inflame","Sentinel","Iron Wave","Offering","Pommel Strike","Headbutt+1","Rupture","Fire Breathing","Dark Embrace","Corruption","Warcry"],"max_hp_per_floor":[72,72,72,72,72,72,72,72,72,72,72,72,72,72,72,72,72,72,72,72,72,72,72,72],"relics":["Burning Blood","Old Coin","Bronze Scales","Juzu Bracelet","Champion Belt","Strange Spoon","Odd Mushroom","Philosopher\u0027s Stone","Tiny Chest"],"card_choices":[{"not_picked":["Sword Boomerang","Flame Barrier"],"picked":"Corruption"},{"not_picked":["Twin Strike","Perfected Strike"],"picked":"Clash"},{"not_picked":["Rupture","Heavy Blade"],"picked":"Havoc"},{"not_picked":["Havoc","Searing Blow"],"picked":"Shrug It Off"},{"not_picked":["Clash","Flex"],"picked":"Disarm"},{"not_picked":["Flex","Wild Strike"],"picked":"Inflame"},{"not_picked":["Blood for Blood","Sever Soul"],"picked":"Iron Wave"},{"not_picked":["Double Tap","Brutality"],"picked":"Offering"},{"not_picked":["Cleave","Body Slam"],"picked":"Pommel Strike"},{"not_picked":["Cleave","Havoc"],"picked":"Headbutt"},{"not_picked":["Twin Strike","Headbutt"],"picked":"Rupture"},{"not_picked":["Havoc","True Grit"],"picked":"Fire Breathing"},{"not_picked":["Pommel Strike","Perfected Strike"],"picked":"Dark Embrace"}],"player_experience":102677,"potions_floor_usage":[23,23],"damage_taken":[{"damage":4.0,"enemies":"Jaw Worm","floor":1.0,"turns":6.0},{"damage":0.0,"enemies":"Blue Slaver","floor":3.0,"turns":4.0},{"damage":6.0,"enemies":"Small Slimes","floor":5.0,"turns":4.0},{"damage":8.0,"enemies":"Gremlin Nob","floor":8.0,"turns":4.0},{"damage":2.0,"enemies":"Looter","floor":11.0,"turns":3.0},{"damage":0.0,"enemies":"Red Slaver","floor":12.0,"turns":5.0},{"damage":1.0,"enemies":"The Mushroom Lair","floor":14.0,"turns":5.0},{"damage":16.0,"enemies":"Slime Boss","floor":16.0,"turns":11.0},{"damage":14.0,"enemies":"Spheric Guardian","floor":18.0,"turns":5.0},{"damage":1.0,"enemies":"3 Byrds","floor":20.0,"turns":3.0},{"damage":25.0,"enemies":"Snake Plant","floor":21.0,"turns":4.0},{"damage":10,"enemies":"3 Cultists","floor":22,"turns":6},{"damage":43,"enemies":"Slavers","floor":23,"turns":6},{"damage":12,"enemies":"Chosen and Byrds","floor":25,"turns":3}],"event_choices":[{"event_name":"Transmorgrifier","player_choice":"Transform","floor":2.0,"damage_taken":0.0},{"event_name":"Scrap Ooze","player_choice":"success","floor":4.0,"damage_taken":7.0},{"event_name":"Mushrooms","player_choice":"Fought Mushrooms","floor":14.0,"damage_taken":0.0},{"event_name":"Back to Basics","player_choice":"Elegance","floor":19.0,"damage_taken":0.0}],"boss_relics":[],"potions_floor_spawned":[5,8,14,21],"seed_played":"-3316059677298756275","killed_by":"Chosen and Byrds","ascension_level":0,"is_trial":false}