{"path_per_floor":["M","M","?","?","?","R","M","M","T","M","M","M","R","E","R","B",null,"M","M","M","$","?"],"character_chosen":"IRONCLAD","items_purchased":["Sword Boomerang","Dark Shackles","Pommel Strike","Disarm","Flame Barrier"],"gold_per_floor":[114,124,124,124,124,124,140,155,155,171,196,221,221,254,254,373,373,386,411,431,103,103],"floor_reached":23,"campfire_rested":1,"playtime":1970,"current_hp_per_floor":[86,88,88,88,93,93,93,93,93,93,93,91,91,74,93,11,93,71,77,38,38,38],"items_purged":[],"gold":103,"play_id":"1128678f-682b-4006-897e-c5b97f65a39e","is_prod":false,"is_daily":false,"is_ascension_mode":false,"campfire_upgraded":2,"path_taken":["M","M","?","?","?","R","M","M","T","M","?","M","R","E","R","BOSS","M","M","M","$","?","E"],"build_version":"2018-02-01-PROD3","purchased_purges":0,"victory":false,"master_deck":["Strike_R","Strike_R","Strike_R","Strike_R","Strike_R","Defend_R","Defend_R","Defend_R","Defend_R","Bash","Dual Wield","Shrug It Off+1","Whirlwind","Heavy Blade","Anger","Headbutt","Cleave+1","Armaments","Double Tap","Battle Trance","Perfected Strike+1","Pummel","Sword Boomerang","Dark Shackles","Pommel Strike","Disarm","Flame Barrier"],"max_hp_per_floor":[88,88,88,88,93,93,93,93,93,93,93,93,93,93,93,93,93,93,93,93,93,93],"relics":["Burning Blood","Golden Idol","Orichalcum","Bronze Scales","Sozu"],"card_choices":[{"not_picked":["True Grit","Body Slam"],"picked":"Dual Wield"},{"not_picked":["Rampage","Flex"],"picked":"Shrug It Off"},{"not_picked":["Sword Boomerang","Bloodletting"],"picked":"Whirlwind"},{"not_picked":["Rupture","Warcry"],"picked":"Heavy Blade"},{"not_picked":["Heavy Blade","Thunderclap"],"picked":"Anger"},{"not_picked":["Combust","Shrug It Off"],"picked":"Headbutt"},{"not_picked":["Seeing Red","Sword Boomerang"],"picked":"Cleave"},{"not_picked":["Berserk","Shrug It Off"],"picked":"Armaments"},{"not_picked":["Demon Form","Offering"],"picked":"Double Tap"},{"not_picked":["Cleave","Hemokinesis"],"picked":"Battle Trance"},{"not_picked":["Body Slam","Feel No Pain"],"picked":"Perfected Strike"},{"not_picked":["Anger","Power Through"],"picked":"Pummel"}],"player_experience":16998,"potions_floor_usage":[],"damage_taken":[{"damage":8,"enemies":"Cultist","floor":1,"turns":6},{"damage":0,"enemies":"Small Slimes","floor":2,"turns":3},{"damage":4,"enemies":"Jaw Worm","floor":7,"turns":5},{"damage":6,"enemies":"Large Slime","floor":8,"turns":7},{"damage":0,"enemies":"3 Louse","floor":10,"turns":2},{"damage":1,"enemies":"Gremlin Gang","floor":11,"turns":2},{"damage":8,"enemies":"Looter","floor":12,"turns":3},{"damage":23,"enemies":"Gremlin Nob","floor":14,"turns":5},{"damage":88,"enemies":"Hexaghost","floor":16,"turns":10},{"damage":28,"enemies":"2 Thieves","floor":18,"turns":3},{"damage":0,"enemies":"3 Byrds","floor":19,"turns":3},{"damage":45,"enemies":"Sentry and Sphere","floor":20,"turns":6},{"damage":40,"enemies":"Gremlin Leader","floor":23,"turns":5}],"event_choices":[{"event_name":"Golden Wing","player_choice":"Ignored","floor":3,"damage_taken":0},{"event_name":"Golden Idol","player_choice":"Take Wound","floor":4,"damage_taken":0},{"event_name":"Big Fish","player_choice":"Donut","floor":5,"damage_taken":0},{"event_name":"Back to Basics","player_choice":"Elegance","floor":22,"damage_taken":0}],"boss_relics":[{"not_picked":["Velvet Choker","Eternal Feather"],"picked":"Sozu"}],"potions_floor_spawned":[7,8,14,18],"seed_played":"8627647766299886602","killed_by":"Gremlin Leader","ascension_level":0,"is_trial":false}