{"gold_per_floor":[117,117,117,117,117,117,156,176,202,103,123,157,157,177,177,301,301,324,324,347,262,262,300,300],"floor_reached":24,"playtime":1217,"items_purged":["Injury"],"score":272,"play_id":"8dfe965b-1ba3-437d-a0a2-44db3619e334","local_time":"20190429172453","is_ascension_mode":true,"campfire_choices":[{"data":"Cloak And Dagger","floor":6,"key":"SMITH"},{"floor":15,"key":"REST"}],"neow_cost":"NONE","seed_source_timestamp":582848724201327,"circlet_count":0,"master_deck":["Defend_G+1","Defend_G","Defend_G","Defend_G","Strike_G","Strike_G","Strike_G","Strike_G","Survivor","Neutralize","Cloak And Dagger+1","Deadly Poison+1","Backflip","Quick Slash","Envenom","Deflect","Infinite Blades+1"],"relics":["Ring of the Snake","NeowsBlessing","Golden Idol","Boot","Bronze Scales","War Paint","Black Star","Strawberry","Girya","Oddly Smooth Stone"],"potions_floor_usage":[16,19,23,24],"damage_taken":[{"damage":0,"enemies":"Small Slimes","floor":1,"turns":1},{"damage":0,"enemies":"Lagavulin","floor":7,"turns":1},{"damage":0,"enemies":"2 Louse","floor":8,"turns":1},{"damage":4,"enemies":"Jaw Worm","floor":11,"turns":2},{"damage":28,"enemies":"Gremlin Nob","floor":12,"turns":5},{"damage":0,"enemies":"Blue Slaver","floor":14,"turns":3},{"damage":32,"enemies":"Slime Boss","floor":16,"turns":12},{"damage":17,"enemies":"Shell Parasite","floor":18,"turns":6},{"damage":9,"enemies":"Colosseum Slavers","floor":19,"turns":5},{"damage":31,"enemies":"Chosen","floor":20,"turns":5},{"damage":59,"enemies":"Slavers","floor":23,"turns":7},{"damage":1,"enemies":"Sentry and Sphere","floor":24,"turns":2}],"seed_played":"-4451030537963577157","potions_obtained":[{"floor":1,"key":"Explosive Potion"},{"floor":7,"key":"Regen Potion"},{"floor":12,"key":"Energy Potion"},{"floor":23,"key":"PowerPotion"}],"is_trial":false,"path_per_floor":["M","?","$","?","T","R","E","M","T","$","M","E","?","M","R","B",null,"M","?","M","?","?","E","M"],"character_chosen":"THE_SILENT","items_purchased":["Backflip"],"campfire_rested":1,"item_purchase_floors":[10],"current_hp_per_floor":[70,70,70,70,70,70,70,70,70,70,66,38,38,38,59,27,70,53,44,13,20,45,1,0],"gold":300,"neow_bonus":"THREE_ENEMY_KILL","is_prod":false,"is_daily":false,"chose_seed":false,"campfire_upgraded":1,"win_rate":0,"timestamp":1556522693,"path_taken":["M","?","$","?","?","R","E","M","T","?","?","E","?","?","R","BOSS","M","?","M","?","?","E","M"],"build_version":"2019-01-23","purchased_purges":1,"victory":false,"max_hp_per_floor":[70,70,70,70,70,70,70,70,70,70,70,70,70,70,70,70,70,70,70,70,77,77,77,77],"card_choices":[{"not_picked":["Distraction","Dodge and Roll","Outmaneuver"],"picked":"SKIP","floor":1},{"not_picked":["Bane","Tactician"],"picked":"Deadly Poison","floor":7},{"not_picked":["Slice","Finisher","PiercingWail"],"picked":"SKIP","floor":8},{"not_picked":["Heel Hook","Well Laid Plans","Endless Agony"],"picked":"SKIP","floor":11},{"not_picked":["Heel Hook","Calculated Gamble","All Out Attack"],"picked":"SKIP","floor":12},{"not_picked":["Prepared","Dodge and Roll"],"picked":"Quick Slash","floor":14},{"not_picked":["Glass Knife","Die Die Die"],"picked":"Envenom","floor":16},{"not_picked":["Dagger Spray","Crippling Poison"],"picked":"Deflect","floor":18},{"not_picked":["Deflect","Dagger Throw"],"picked":"Infinite Blades+1","floor":20},{"not_picked":["Sucker Punch+1","Choke","Deflect"],"picked":"SKIP","floor":23}],"player_experience":345838,"relics_obtained":[{"floor":7,"key":"Boot"},{"floor":9,"key":"Bronze Scales"},{"floor":12,"key":"War Paint"},{"floor":23,"key":"Girya"},{"floor":23,"key":"Oddly Smooth Stone"}],"event_choices":[{"damage_healed":0,"gold_gain":0,"cards_transformed":["Strike_G"],"player_choice":"Change","damage_taken":0,"max_hp_gain":0,"max_hp_loss":0,"event_name":"Living Wall","floor":2,"gold_loss":0,"cards_obtained":["Cloak And Dagger"]},{"damage_healed":0,"gold_gain":0,"player_choice":"Take Wound","damage_taken":0,"relics_obtained":["Golden Idol"],"max_hp_gain":0,"max_hp_loss":0,"event_name":"Golden Idol","floor":4,"gold_loss":0,"cards_obtained":["Injury"]},{"cards_removed":["Defend_G"],"damage_healed":0,"gold_gain":0,"player_choice":"Purged","damage_taken":0,"max_hp_gain":0,"max_hp_loss":0,"event_name":"Purifier","floor":13,"gold_loss":0},{"damage_healed":0,"gold_gain":0,"player_choice":"Fight","damage_taken":0,"max_hp_gain":0,"max_hp_loss":0,"event_name":"Colosseum","floor":19,"gold_loss":0},{"damage_healed":0,"gold_gain":0,"player_choice":"Fled From Nobs","damage_taken":0,"max_hp_gain":0,"max_hp_loss":0,"event_name":"Colosseum","floor":19,"gold_loss":0},{"damage_healed":0,"gold_gain":0,"player_choice":"Obtained Relic","damage_taken":0,"relics_obtained":["Strawberry"],"max_hp_gain":0,"max_hp_loss":0,"event_name":"Addict","floor":21,"gold_loss":85},{"damage_healed":25,"gold_gain":0,"player_choice":"Heal","damage_taken":0,"max_hp_gain":0,"max_hp_loss":0,"event_name":"The Library","floor":22,"gold_loss":0}],"is_beta":false,"boss_relics":[{"not_picked":["Tiny House","Sozu"],"picked":"Black Star"}],"items_purged_floors":[10],"is_endless":false,"potions_floor_spawned":[1,7,12,19,23],"killed_by":"Sentry and Sphere","ascension_level":2}