{"gold_per_floor":[116,132,82,182,193,218,0,0,0,34,34,53,85,95,95,193,193,212,137,147,147,73,73,106,106,130,155,254,0,19,19,19,19],"floor_reached":33,"playtime":2030,"items_purged":["Strike_B"],"score":421,"play_id":"0f432d32-aaf2-4d55-b839-f59f8c957fca","local_time":"20190620023409","is_ascension_mode":true,"campfire_choices":[{"data":"Zap","floor":8.0,"key":"SMITH"},{"floor":11.0,"key":"REST"},{"floor":15.0,"key":"REST"},{"data":"Dualcast","floor":23.0,"key":"SMITH"},{"floor":25.0,"key":"REST"},{"floor":32.0,"key":"REST"}],"neow_cost":"NONE","seed_source_timestamp":259203110418256,"circlet_count":0,"master_deck":["Defend_B","Defend_B","Defend_B","Zap+1","Dualcast+1","Ball Lightning","Cold Snap","Ball Lightning","Echo Form","Genetic Algorithm+1","Steam","Auto Shields","Sweeping Beam+1","Coolheaded+1","Rip and Tear+1"],"special_seed":0,"relics":["Cracked Core","Shuriken","DataDisk","Lantern","Omamori","Happy Flower","Empty Cage","Girya","PreservedInsect","Bag of Preparation"],"potions_floor_usage":[33],"damage_taken":[{"damage":1.0,"enemies":"Cultist","floor":1.0,"turns":3.0},{"damage":0.0,"enemies":"2 Louse","floor":2.0,"turns":2.0},{"damage":2.0,"enemies":"Jaw Worm","floor":5.0,"turns":4.0},{"damage":34.0,"enemies":"3 Sentries","floor":6.0,"turns":6.0},{"damage":14.0,"enemies":"Lagavulin","floor":10.0,"turns":4.0},{"damage":11.0,"enemies":"Red Slaver","floor":12.0,"turns":2.0},{"damage":15.0,"enemies":"3 Sentries","floor":13.0,"turns":6.0},{"damage":5.0,"enemies":"Exordium Wildlife","floor":14.0,"turns":3.0},{"damage":6.0,"enemies":"Slime Boss","floor":16.0,"turns":8.0},{"damage":1.0,"enemies":"Spheric Guardian","floor":18.0,"turns":3.0},{"damage":16.0,"enemies":"Shell Parasite","floor":20.0,"turns":4.0},{"damage":23.0,"enemies":"Book of Stabbing","floor":24.0,"turns":7.0},{"damage":35.0,"enemies":"Slavers","floor":27.0,"turns":7.0},{"damage":2.0,"enemies":"Snecko","floor":30.0,"turns":5.0},{"damage":39,"enemies":"Champ","floor":33,"turns":9}],"seed_played":"7409459772576177478","potions_obtained":[{"floor":0.0,"key":"Regen Potion"},{"floor":0.0,"key":"EntropicBrew"},{"floor":0.0,"key":"FocusPotion"},{"floor":6.0,"key":"Dexterity Potion"},{"floor":13.0,"key":"Dexterity Potion"},{"floor":14.0,"key":"Weak Potion"},{"floor":27.0,"key":"GamblersBrew"}],"is_trial":false,"path_per_floor":["M","M","?","?","M","E","$","R","T","E","R","M","E","M","R","B",null,"M","?","M","?","$","R","E","R","T","E","?","?","M","$","R","B"],"character_chosen":"DEFECT","items_purchased":["DataDisk","Auto Shields"],"campfire_rested":4,"item_purchase_floors":[7,22],"current_hp_per_floor":[67,67,67,67,65,40,40,40,40,26,48,37,22,17,39,33,65,64,64,48,48,48,48,25,47,47,12,12,12,10,10,32,0],"gold":19,"neow_bonus":"THREE_SMALL_POTIONS","is_prod":false,"is_daily":false,"chose_seed":false,"campfire_upgraded":2,"win_rate":0,"timestamp":1561012449,"path_taken":["M","?","?","?","?","E","$","R","T","E","R","M","E","M","R","BOSS","M","?","M","?","$","R","E","R","T","E","?","?","M","?","R","BOSS"],"build_version":"2019-01-23","purchased_purges":1,"victory":false,"max_hp_per_floor":[75,75,75,75,75,75,75,75,75,75,75,75,75,75,75,75,75,75,75,75,75,75,75,75,75,75,75,75,75,75,75,75,75],"card_choices":[{"not_picked":["Chaos","Storm"],"picked":"Ball Lightning","floor":1.0},{"not_picked":["Stack","Lockon"],"picked":"Cold Snap","floor":2.0},{"not_picked":["BootSequence","Scrape","All For One"],"picked":"SKIP","floor":5.0},{"not_picked":["Hologram","Static Discharge","BootSequence"],"picked":"SKIP","floor":6.0},{"not_picked":["Chaos","Force Field","Rebound"],"picked":"SKIP","floor":10.0},{"not_picked":["Compile Driver","Gash"],"picked":"Ball Lightning","floor":12.0},{"not_picked":["Steam","Redo","Streamline"],"picked":"SKIP","floor":13.0},{"not_picked":["Go for the Eyes","Steam Power","Redo"],"picked":"SKIP","floor":14.0},{"not_picked":["Fission","Thunder Strike"],"picked":"Echo Form","floor":16.0},{"not_picked":["Hologram","Steam"],"picked":"Genetic Algorithm+1","floor":18.0},{"not_picked":["Coolheaded","Hologram"],"picked":"Steam","floor":20.0},{"not_picked":["Stack","Hyperbeam"],"picked":"Sweeping Beam+1","floor":24.0},{"not_picked":["Hologram","Barrage+1"],"picked":"Coolheaded+1","floor":27.0},{"not_picked":["Compile Driver","Redo+1"],"picked":"Rip and Tear+1","floor":30.0}],"player_experience":358744,"relics_obtained":[{"floor":6.0,"key":"Shuriken"},{"floor":9.0,"key":"Lantern"},{"floor":10.0,"key":"Omamori"},{"floor":13.0,"key":"Happy Flower"},{"floor":24.0,"key":"Girya"},{"floor":26.0,"key":"PreservedInsect"},{"floor":27.0,"key":"Bag of Preparation"}],"event_choices":[{"cards_removed":["Strike_B"],"damage_healed":0.0,"max_hp_gain":0.0,"max_hp_loss":0.0,"gold_gain":0.0,"event_name":"The Cleric","player_choice":"Card Removal","floor":3.0,"gold_loss":50.0,"damage_taken":0.0},{"damage_healed":0.0,"max_hp_gain":0.0,"max_hp_loss":0.0,"gold_gain":100.0,"event_name":"Golden Shrine","player_choice":"Pray","floor":4.0,"gold_loss":0.0,"damage_taken":0.0},{"cards_removed":["Defend_B"],"damage_healed":0.0,"max_hp_gain":0.0,"max_hp_loss":0.0,"gold_gain":0.0,"event_name":"Beggar","player_choice":"Gave Gold","floor":19.0,"gold_loss":75.0,"damage_taken":0.0},{"damage_healed":0.0,"max_hp_gain":0.0,"max_hp_loss":0.0,"gold_gain":0.0,"event_name":"Ghosts","player_choice":"Ignored","floor":21.0,"gold_loss":0.0,"damage_taken":0.0},{"damage_healed":0.0,"max_hp_gain":0.0,"max_hp_loss":0.0,"gold_gain":99.0,"event_name":"Nest","player_choice":"Stole From Cult","floor":28.0,"gold_loss":0.0,"damage_taken":0.0},{"damage_healed":0.0,"max_hp_gain":0.0,"max_hp_loss":0.0,"gold_gain":0.0,"event_name":"Masked Bandits","player_choice":"Paid Fearfully","floor":29.0,"gold_loss":254.0,"damage_taken":0.0}],"is_beta":false,"boss_relics":[{"not_picked":["Lizard Tail","Pandora\u0027s Box"],"picked":"Empty Cage"}],"items_purged_floors":[7],"is_endless":false,"potions_floor_spawned":[1,6,13,14,16,18,27],"killed_by":"Champ","ascension_level":8}