{"path_per_floor":["M","M","?","?","M","E","R","M","T","E","M","M","M","?","R","B",null,"M","M","$"],"character_chosen":"IRONCLAD","items_purchased":["Bandage Up","Feel No Pain"],"gold_per_floor":[17,37,37,37,57,92,92,110,110,135,146,162,176,141,141,237,237,249,262,56],"floor_reached":21,"campfire_rested":1,"playtime":2602,"current_hp_per_floor":[72,77,77,82,85,80,80,54,54,39,20,17,23,23,48,34,85,49,29,29],"items_purged":["Strike_R"],"gold":56,"play_id":"8529f2b6-9def-4f28-923b-7bc0b20f34cd","is_prod":false,"is_daily":false,"is_ascension_mode":true,"campfire_upgraded":1,"path_taken":["M","?","?","?","?","E","R","M","T","E","M","M","?","?","R","BOSS","M","M","$","M"],"build_version":"2018-02-01-PROD3","purchased_purges":1,"victory":false,"master_deck":["Strike_R","Defend_R","Defend_R","Defend_R","Defend_R","Bash","Iron Wave","Headbutt","Flex","Seeing Red+1","Limit Break","Disarm","Pommel Strike+1","Cleave+1","Seeing Red","Reaper+1","Burning Pact","Shrug It Off","Bandage Up","Feel No Pain"],"max_hp_per_floor":[80,80,80,85,85,85,85,85,85,85,85,85,85,85,85,85,85,85,85,85],"relics":["Burning Blood","Gambling Chip","Molten Egg 2","Shuriken","Black Star"],"card_choices":[{"not_picked":["Sever Soul","Anger"],"picked":"Iron Wave"},{"not_picked":["Searing Blow","True Grit"],"picked":"Headbutt"},{"not_picked":["Hemokinesis","Second Wind"],"picked":"Flex"},{"not_picked":["Pommel Strike","Headbutt"],"picked":"Seeing Red"},{"not_picked":["Cleave","Twin Strike"],"picked":"Limit Break"},{"not_picked":["Clash","Perfected Strike"],"picked":"Disarm"},{"not_picked":["Blood for Blood","Disarm"],"picked":"Pommel Strike"},{"not_picked":["Power Through","Sever Soul"],"picked":"Cleave"},{"not_picked":["Sword Boomerang","Twin Strike"],"picked":"Seeing Red"},{"not_picked":["Dark Embrace","Brutality"],"picked":"Reaper"},{"not_picked":["Hemokinesis","Disarm"],"picked":"Burning Pact"},{"not_picked":["Spot Weakness","Havoc"],"picked":"Shrug It Off"}],"player_experience":100075,"potions_floor_usage":[6,6,18],"damage_taken":[{"damage":14,"enemies":"Blue Slaver","floor":1,"turns":8},{"damage":1,"enemies":"Jaw Worm","floor":2,"turns":4},{"damage":1,"enemies":"Cultist","floor":5,"turns":4},{"damage":11,"enemies":"Gremlin Nob","floor":6,"turns":3},{"damage":32,"enemies":"Gremlin Gang","floor":8,"turns":6},{"damage":21,"enemies":"Lagavulin","floor":10,"turns":6},{"damage":25,"enemies":"Large Slime","floor":11,"turns":7},{"damage":9,"enemies":"Exordium Thugs","floor":12,"turns":5},{"damage":0,"enemies":"2 Fungi Beasts","floor":13,"turns":2},{"damage":20,"enemies":"The Guardian","floor":16,"turns":11},{"damage":48,"enemies":"Spheric Guardian","floor":18,"turns":7},{"damage":29,"enemies":"Chosen","floor":19,"turns":7},{"damage":35,"enemies":"Centurion and Healer","floor":21,"turns":4}],"event_choices":[{"event_name":"Living Wall","player_choice":"Forget","floor":3,"damage_taken":0},{"event_name":"Big Fish","player_choice":"Donut","floor":4,"damage_taken":0},{"event_name":"World of Goop","player_choice":"Left","floor":14,"damage_taken":0}],"boss_relics":[{"not_picked":["Mark of Pain","Cursed Key"],"picked":"Black Star"}],"potions_floor_spawned":[2,5,11,13],"seed_played":"282738860564384209","killed_by":"Centurion and Healer","ascension_level":2,"is_trial":false}