{"gold_per_floor":[110,110,110,124,137,167,5,5,28,62,62,72,125,144,144,144],"floor_reached":16,"playtime":871,"items_purged":["Strike_B"],"score":110,"play_id":"362117a7-9d6f-4964-97de-c9436521961e","local_time":"20190623171144","is_ascension_mode":false,"campfire_choices":[{"floor":8,"key":"REST"},{"floor":15,"key":"REST"}],"neow_cost":"NONE","seed_source_timestamp":22408064769394,"circlet_count":0,"master_deck":["Strike_B","Strike_B","Defend_B","Defend_B","Defend_B","Zap","Dualcast","Hologram","Tempest","Beam Cell","Chaos","Jack Of All Trades","Seek","Compile Driver","Steam","Reboot"],"relics":["Cracked Core","Happy Flower","Bag of Preparation","The Courier","Bronze Scales"],"potions_floor_usage":[16,16],"damage_taken":[{"damage":2,"enemies":"2 Louse","floor":1,"turns":3},{"damage":4,"enemies":"Small Slimes","floor":4,"turns":3},{"damage":6,"enemies":"Cultist","floor":5,"turns":3},{"damage":35,"enemies":"Gremlin Nob","floor":6,"turns":4},{"damage":40,"enemies":"3 Sentries","floor":10,"turns":9},{"damage":9,"enemies":"3 Louse","floor":12,"turns":2},{"damage":7,"enemies":"Gremlin Gang","floor":14,"turns":3},{"damage":36,"enemies":"Hexaghost","floor":16,"turns":7}],"seed_played":"5305320911576513178","potions_obtained":[{"floor":4,"key":"Energy Potion"},{"floor":6,"key":"Weak Potion"},{"floor":12,"key":"LiquidBronze"}],"is_trial":false,"path_per_floor":["M","?","?","M","M","E","$","R","T","E","?","M","T","M","R","B"],"character_chosen":"DEFECT","items_purchased":["Jack Of All Trades"],"campfire_rested":2,"item_purchase_floors":[7],"current_hp_per_floor":[80,85,85,81,75,40,40,66,66,26,26,17,17,10,36,0],"gold":144,"neow_bonus":"TEN_PERCENT_HP_BONUS","is_prod":false,"is_daily":false,"chose_seed":false,"campfire_upgraded":0,"win_rate":0.0,"timestamp":1561324304,"path_taken":["M","?","?","?","M","E","$","R","T","E","?","?","?","?","R","BOSS"],"build_version":"2019-01-23","purchased_purges":1,"victory":false,"max_hp_per_floor":[82,87,87,87,87,87,87,87,87,87,87,87,87,87,87,87],"card_choices":[{"not_picked":["Rip and Tear","Gash"],"picked":"Hologram","floor":1},{"not_picked":["Stack","Coolheaded"],"picked":"Tempest","floor":4},{"not_picked":["Capacitor","Sweeping Beam"],"picked":"Beam Cell","floor":5},{"not_picked":["Coolheaded","Rebound"],"picked":"Chaos","floor":6},{"not_picked":["Gash","Storm"],"picked":"Seek","floor":10},{"not_picked":["Beam Cell","Streamline"],"picked":"Steam","floor":12},{"not_picked":["Heatsinks","Leap"],"picked":"Reboot","floor":14}],"player_experience":161284,"relics_obtained":[{"floor":6,"key":"Happy Flower"},{"floor":9,"key":"Bag of Preparation"},{"floor":10,"key":"The Courier"},{"floor":13,"key":"Bronze Scales"}],"event_choices":[{"damage_healed":0,"gold_gain":0,"player_choice":"Donut","damage_taken":0,"max_hp_gain":5,"max_hp_loss":0,"event_name":"Big Fish","floor":2,"gold_loss":0},{"cards_removed":["Strike_B"],"damage_healed":0,"gold_gain":0,"player_choice":"Purged","damage_taken":0,"max_hp_gain":0,"max_hp_loss":0,"event_name":"Purifier","floor":3,"gold_loss":0},{"damage_healed":0,"gold_gain":0,"cards_transformed":["Defend_B"],"player_choice":"Transformed","damage_taken":0,"max_hp_gain":0,"max_hp_loss":0,"event_name":"Transmorgrifier","floor":11,"gold_loss":0,"cards_obtained":["Compile Driver"]}],"is_beta":false,"boss_relics":[],"items_purged_floors":[7],"is_endless":false,"potions_floor_spawned":[4,6,12],"killed_by":"Hexaghost","ascension_level":0}