{"path_per_floor":["M","M","?","?","?","E","R","M","T","M","M","M","M","$","R","B",null,"M","$","?","M","M","?","R","M","T","?","M","?","$","M","R"],"character_chosen":"THE_SILENT","items_purchased":["Riddle With Holes","Sucker Punch","Good Instincts","Dagger Throw","Leg Sweep","Dagger Throw","Mind Blast","Slice"],"gold_per_floor":[113,128,98,98,98,132,132,144,170,189,203,219,233,29,29,128,128,139,53,53,65,80,80,80,91,165,165,179,179,11,24,24],"floor_reached":33,"campfire_rested":4,"playtime":3154,"current_hp_per_floor":[62,58,58,58,58,38,59,58,58,46,24,22,13,13,49,32,70,41,41,41,21,11,34,70,67,67,67,41,41,41,17,53],"items_purged":[],"gold":24,"play_id":"e1397f62-56bd-495a-bd3c-744a4dbd2097","is_prod":false,"is_daily":false,"is_ascension_mode":false,"campfire_upgraded":0,"path_taken":["M","?","?","?","?","E","R","?","T","M","M","M","M","?","R","BOSS","M","$","?","M","M","?","R","M","T","?","M","?","$","?","R","BOSS"],"build_version":"2018-02-01-PROD3","purchased_purges":0,"victory":false,"master_deck":["Defend_G+1","Defend_G+1","Defend_G+1","Defend_G+1","Defend_G+1","Strike_G+1","Strike_G+1","Strike_G+1","Strike_G+1","Strike_G+1","Survivor","Neutralize","Noxious Fumes","Poisoned Stab","Neutralize","Finesse","Predator","Flying Knee","Dagger Spray","Flechettes","Backflip","Quick Slash","Riddle With Holes","Sucker Punch","Good Instincts","A Thousand Cuts","Bouncing Flask","Dagger Throw","Leg Sweep","Dodge and Roll","Malaise+1","Blur","Dagger Spray","Dagger Throw","Mind Blast","Slice","Noxious Fumes"],"max_hp_per_floor":[70,70,70,70,70,70,70,70,70,70,70,70,70,70,70,70,70,70,70,70,70,70,70,70,70,70,70,70,70,70,70,70],"relics":["Ring of the Snake","Matryoshka","Bronze Scales","Regal Pillow","Sozu","Bag of Marbles","Gremlin Horn","Centennial Puzzle"],"card_choices":[{"not_picked":["Acrobatics","Slice"],"picked":"Noxious Fumes"},{"not_picked":["Flechettes","Blade Dance"],"picked":"Poisoned Stab"},{"not_picked":["Die Die Die","Outmaneuver"],"picked":"Predator"},{"not_picked":["Distraction","Well Laid Plans"],"picked":"Flying Knee"},{"not_picked":["PiercingWail","Dagger Throw"],"picked":"Dagger Spray"},{"not_picked":["Calculated Gamble","PiercingWail"],"picked":"Flechettes"},{"not_picked":["Dagger Spray","Flying Knee"],"picked":"Backflip"},{"not_picked":["Outmaneuver","Footwork"],"picked":"Quick Slash"},{"not_picked":["Venomology","Wraith Form"],"picked":"A Thousand Cuts"},{"not_picked":["Heel Hook","Dagger Spray"],"picked":"Bouncing Flask"},{"not_picked":["Acrobatics","Sucker Punch"],"picked":"Dodge and Roll"},{"not_picked":["Masterful Stab","Poisoned Stab"],"picked":"Malaise"},{"not_picked":["Caltrops","Masterful Stab"],"picked":"Blur"},{"not_picked":["Backflip","Dagger Throw"],"picked":"Dagger Spray"},{"not_picked":["Sucker Punch","Choke"],"picked":"Noxious Fumes"}],"player_experience":1645,"potions_floor_usage":[6],"damage_taken":[{"damage":8,"enemies":"Blue Slaver","floor":1,"turns":7},{"damage":4,"enemies":"Cultist","floor":2,"turns":4},{"damage":20,"enemies":"3 Sentries","floor":6,"turns":7},{"damage":1,"enemies":"Jaw Worm","floor":8,"turns":3},{"damage":12,"enemies":"Large Slime","floor":10,"turns":5},{"damage":22,"enemies":"Exordium Thugs","floor":11,"turns":4},{"damage":2,"enemies":"Looter","floor":12,"turns":3},{"damage":9,"enemies":"Lots of Slimes","floor":13,"turns":3},{"damage":17,"enemies":"Hexaghost","floor":16,"turns":9},{"damage":29,"enemies":"Chosen","floor":18,"turns":6},{"damage":20,"enemies":"2 Thieves","floor":21,"turns":4},{"damage":10,"enemies":"3 Cultists","floor":22,"turns":6},{"damage":3,"enemies":"Snake Plant","floor":25,"turns":4},{"damage":26,"enemies":"Slaver and Parasite","floor":28,"turns":5},{"damage":24,"enemies":"Snecko","floor":31,"turns":5},{"damage":57,"enemies":"Champ","floor":33,"turns":9}],"event_choices":[{"event_name":"The Woman in Blue","player_choice":"Bought 2 Potions","floor":3,"damage_taken":0},{"event_name":"Match and Keep!","player_choice":"2 cards matched","floor":4,"damage_taken":0},{"event_name":"Golden Wing","player_choice":"Ignored","floor":5,"damage_taken":0},{"event_name":"Back to Basics","player_choice":"Simplicity","floor":20,"damage_taken":0},{"event_name":"The Library","player_choice":"Heal","floor":23,"damage_taken":0},{"event_name":"The Mausoleum","player_choice":"Yes","floor":27,"damage_taken":0},{"event_name":"Drug Dealer","player_choice":"Ignored","floor":29,"damage_taken":0}],"boss_relics":[{"not_picked":["White Beast Statue","Orrery"],"picked":"Sozu"}],"potions_floor_spawned":[1,11,13,21,22,28],"seed_played":"-104870104031985582","killed_by":"Champ","ascension_level":0,"is_trial":false}