{"gold_per_floor":[115,115,128,142,156,156,189,204,204,204],"floor_reached":10,"playtime":947,"items_purged":[],"score":70,"play_id":"a1ebf5c1-ffae-47f4-9c71-ed4212fa8dd4","local_time":"20190319183222","is_ascension_mode":false,"campfire_choices":[{"data":"After Image","floor":6,"key":"SMITH"}],"neow_cost":"NONE","seed_source_timestamp":347943248601513,"circlet_count":0,"master_deck":["Defend_G","Defend_G","Defend_G","Defend_G","Defend_G","Strike_G","Strike_G","Strike_G","Strike_G","Survivor","Neutralize","Backflip","After Image+1","Infinite Blades","Deadly Poison"],"relics":["Ring of the Snake","Lantern","Snake Skull","Tough Bandages"],"potions_floor_usage":[7],"damage_taken":[{"damage":0,"enemies":"Jaw Worm","floor":1,"turns":3},{"damage":1,"enemies":"Cultist","floor":3,"turns":5},{"damage":2,"enemies":"Small Slimes","floor":4,"turns":4},{"damage":2,"enemies":"2 Fungi Beasts","floor":5,"turns":5},{"damage":60,"enemies":"Lagavulin","floor":7,"turns":17},{"damage":0,"enemies":"Large Slime","floor":8,"turns":7},{"damage":10,"enemies":"Gremlin Nob","floor":10,"turns":2}],"seed_played":"226287744322585751","potions_obtained":[{"floor":4,"key":"Block Potion"}],"is_trial":false,"path_per_floor":["M","?","M","M","M","R","E","M","T","E"],"character_chosen":"THE_SILENT","items_purchased":[],"campfire_rested":0,"item_purchase_floors":[],"current_hp_per_floor":[70,70,69,67,65,65,5,5,5,0],"gold":204,"neow_bonus":"RANDOM_COMMON_RELIC","is_prod":false,"is_daily":false,"chose_seed":false,"campfire_upgraded":1,"win_rate":0,"timestamp":1552980742,"path_taken":["M","?","M","M","?","R","E","M","T","E"],"build_version":"2019-01-23","purchased_purges":0,"victory":false,"max_hp_per_floor":[70,70,70,70,70,70,70,70,70,70],"card_choices":[{"not_picked":["PiercingWail","Well Laid Plans","Masterful Stab"],"picked":"SKIP","floor":1},{"not_picked":["Blade Dance","Acrobatics"],"picked":"Backflip","floor":3},{"not_picked":["Dagger Throw","Backflip"],"picked":"After Image","floor":4},{"not_picked":["Prepared","Heel Hook","Concentrate"],"picked":"SKIP","floor":5},{"not_picked":["PiercingWail","Sucker Punch"],"picked":"Infinite Blades","floor":7},{"not_picked":["Cloak And Dagger","Choke"],"picked":"Deadly Poison","floor":8}],"player_experience":241431,"relics_obtained":[{"floor":7,"key":"Snake Skull"},{"floor":9,"key":"Tough Bandages"}],"event_choices":[{"cards_removed":["Strike_G"],"damage_healed":0,"gold_gain":0,"player_choice":"Offered Basic","damage_taken":0,"max_hp_gain":0,"max_hp_loss":0,"event_name":"Bonfire Elementals","floor":2,"gold_loss":0}],"is_beta":false,"boss_relics":[],"items_purged_floors":[],"is_endless":false,"potions_floor_spawned":[4],"killed_by":"Gremlin Nob","ascension_level":0}