{"gold_per_floor":[118,193,127,147,161,196,196,210,236,251,251,267,267,267,267,362,362,382,356,356,372,389,389,419,419],"floor_reached":25,"playtime":747,"items_purged":[],"score":384,"play_id":"f93ffd25-c57a-423a-b42d-c3c27de5749b","local_time":"20190622171612","is_ascension_mode":true,"campfire_choices":[{"data":"Demon Form","floor":7,"key":"SMITH"},{"data":"Heavy Blade","floor":11,"key":"SMITH"},{"floor":15,"key":"REST"},{"floor":23,"key":"REST"}],"neow_cost":"NONE","seed_source_timestamp":776790569196799,"circlet_count":0,"master_deck":["AscendersBane","Strike_R","Strike_R","Strike_R","Strike_R","Strike_R","Defend_R","Defend_R","Defend_R","Defend_R","Bash","Armaments","Armaments","Cleave","Demon Form+1","Uppercut","Heavy Blade+1","Shockwave","Demon Form","Clothesline+1","Pommel Strike","Spot Weakness+1","Heavy Blade","Infernal Blade"],"relics":["Burning Blood","NeowsBlessing","Regal Pillow","PreservedInsect","Juzu Bracelet","Kunai","Velvet Choker","Pen Nib"],"potions_floor_usage":[18],"damage_taken":[{"damage":0,"enemies":"2 Louse","floor":1,"turns":1},{"damage":0,"enemies":"Small Slimes","floor":4,"turns":1},{"damage":0,"enemies":"Cultist","floor":5,"turns":1},{"damage":37,"enemies":"Gremlin Nob","floor":6,"turns":5},{"damage":11,"enemies":"3 Louse","floor":8,"turns":4},{"damage":6,"enemies":"2 Fungi Beasts","floor":10,"turns":4},{"damage":23,"enemies":"Exordium Thugs","floor":12,"turns":3},{"damage":55,"enemies":"The Guardian","floor":16,"turns":8},{"damage":0,"enemies":"Chosen","floor":18,"turns":4},{"damage":34,"enemies":"Spheric Guardian","floor":21,"turns":5},{"damage":33,"enemies":"Snake Plant","floor":22,"turns":7},{"damage":51,"enemies":"Book of Stabbing","floor":24,"turns":5},{"damage":22,"enemies":"Cultist and Chosen","floor":25,"turns":4}],"seed_played":"-6789136074137633633","potions_obtained":[{"floor":4,"key":"BloodPotion"},{"floor":5,"key":"Strength Potion"},{"floor":12,"key":"Block Potion"},{"floor":21,"key":"Weak Potion"}],"is_trial":false,"path_per_floor":["M","?","?","M","M","E","R","M","T","M","R","M","?","?","R","B",null,"M","$","?","M","M","R","E","M"],"character_chosen":"IRONCLAD","items_purchased":["Pommel Strike"],"campfire_rested":2,"item_purchase_floors":[19],"current_hp_per_floor":[78,67,67,73,79,48,48,43,43,43,43,26,23,23,62,13,63,69,69,80,52,25,64,19,0],"gold":419,"neow_bonus":"THREE_ENEMY_KILL","is_prod":false,"is_daily":false,"chose_seed":false,"campfire_upgraded":2,"win_rate":0,"timestamp":1561187772,"path_taken":["M","?","?","M","?","E","R","M","T","M","R","M","?","?","R","BOSS","M","$","?","M","M","R","E","M"],"build_version":"2019-01-23","purchased_purges":0,"victory":false,"max_hp_per_floor":[80,80,80,80,80,80,80,80,80,80,80,80,80,80,80,80,80,80,80,80,80,80,80,80,80],"card_choices":[{"not_picked":["Perfected Strike","Sentinel"],"picked":"Armaments","floor":1},{"not_picked":["Anger","Power Through"],"picked":"Armaments","floor":4},{"not_picked":["Wild Strike","Combust"],"picked":"Cleave","floor":5},{"not_picked":["Warcry","Clothesline"],"picked":"Demon Form","floor":6},{"not_picked":["Ghostly Armor","Clash"],"picked":"Uppercut","floor":8},{"not_picked":["Sword Boomerang","Uppercut"],"picked":"Heavy Blade","floor":10},{"not_picked":["Dropkick","Burning Pact"],"picked":"Shockwave","floor":12},{"not_picked":["Brutality","Barricade"],"picked":"Demon Form","floor":16},{"not_picked":["Anger+1","Perfected Strike"],"picked":"Clothesline+1","floor":18},{"not_picked":["Inflame","Entrench"],"picked":"Spot Weakness+1","floor":21},{"not_picked":["Iron Wave","Armaments"],"picked":"Heavy Blade","floor":22},{"not_picked":["Carnage","Heavy Blade+1"],"picked":"Infernal Blade","floor":24}],"player_experience":485907,"relics_obtained":[{"floor":6,"key":"PreservedInsect"},{"floor":9,"key":"Juzu Bracelet"},{"floor":24,"key":"Pen Nib"}],"event_choices":[{"damage_healed":0,"gold_gain":75,"player_choice":"Gather Gold","damage_taken":11,"max_hp_gain":0,"max_hp_loss":0,"event_name":"World of Goop","floor":2,"gold_loss":0},{"damage_healed":0,"gold_gain":0,"player_choice":"Paid Gold","damage_taken":0,"relics_obtained":["Regal Pillow"],"max_hp_gain":0,"max_hp_loss":0,"event_name":"WeMeetAgain","floor":3,"gold_loss":66},{"damage_healed":0,"gold_gain":0,"player_choice":"Success","damage_taken":3,"relics_obtained":["Kunai"],"max_hp_gain":0,"max_hp_loss":0,"event_name":"Scrap Ooze","floor":13,"gold_loss":0},{"damage_healed":0,"gold_gain":0,"player_choice":"Got Potions","damage_taken":0,"max_hp_gain":0,"max_hp_loss":0,"event_name":"Lab","floor":14,"gold_loss":0},{"damage_healed":11,"gold_gain":0,"player_choice":"Full Heal","damage_taken":0,"max_hp_gain":0,"max_hp_loss":0,"event_name":"Wheel of Change","floor":20,"gold_loss":0}],"is_beta":false,"boss_relics":[{"not_picked":["Ectoplasm","Black Blood"],"picked":"Velvet Choker"}],"items_purged_floors":[],"is_endless":false,"potions_floor_spawned":[4,5,10,12,21,24],"killed_by":"Cultist and Chosen","ascension_level":11}