{"path_per_floor":["M","$","?","?","M","R","E","M","T","R","M","R","$","M","R","B",null,"M","?","M","$","M","R"],"character_chosen":"IRONCLAD","items_purchased":["Pommel Strike","True Grit","Intimidate","Dramatic Entrance","Twin Strike"],"gold_per_floor":[113,40,40,40,63,63,102,118,118,118,138,138,25,50,50,175,175,189,189,203,92,117,117],"floor_reached":24,"campfire_rested":0,"playtime":7209,"current_hp_per_floor":[80,80,73,73,74,74,52,58,58,58,61,61,61,58,58,47,74,63,63,49,49,29,29],"items_purged":["Strike_R"],"gold":117,"play_id":"1c9259e1-d5c4-4347-9de2-f0f24922ae12","is_prod":false,"is_daily":false,"is_ascension_mode":false,"campfire_upgraded":5,"path_taken":["M","$","?","?","M","R","E","M","T","R","M","R","$","M","R","BOSS","M","?","M","$","M","R","E"],"build_version":"2018-01-25-PROD3","purchased_purges":1,"victory":false,"master_deck":["Strike_R","Strike_R","Strike_R","Defend_R","Defend_R","Defend_R","Bash","Twin Strike","Armaments+1","Pommel Strike+1","True Grit","Cleave","Metallicize+1","Clothesline","Uppercut","Intimidate+1","Demon Form+1","Body Slam","Battle Trance","Sword Boomerang+1","Dramatic Entrance","Twin Strike","Power Through"],"max_hp_per_floor":[80,80,80,74,74,74,74,74,74,74,74,74,74,74,74,74,74,74,74,74,74,74,74],"relics":["Burning Blood","Golden Idol","Bronze Scales","Lantern","Snecko Eye"],"card_choices":[{"not_picked":["Hemokinesis","Whirlwind"],"picked":"Armaments"},{"not_picked":["Second Wind","Infernal Blade"],"picked":"Cleave"},{"not_picked":["Hemokinesis","Blood for Blood"],"picked":"Metallicize"},{"not_picked":["Blood for Blood","Iron Wave"],"picked":"Clothesline"},{"not_picked":["Reckless Charge","Rage"],"picked":"Uppercut"},{"not_picked":["Berserk","Fiend Fire"],"picked":"Demon Form"},{"not_picked":["Armaments","True Grit"],"picked":"Body Slam"},{"not_picked":["Sever Soul","Warcry"],"picked":"Sword Boomerang"},{"not_picked":["Clash","Body Slam"],"picked":"Power Through"}],"player_experience":17941,"potions_floor_usage":[16,24],"damage_taken":[{"damage":0,"enemies":"Small Slimes","floor":1,"turns":3},{"damage":2,"enemies":"Jaw Worm","floor":5,"turns":4},{"damage":28,"enemies":"Lagavulin","floor":7,"turns":7},{"damage":0,"enemies":"Cultist","floor":8,"turns":3},{"damage":3,"enemies":"Large Slime","floor":11,"turns":6},{"damage":9,"enemies":"Exordium Wildlife","floor":14,"turns":4},{"damage":17,"enemies":"The Guardian","floor":16,"turns":12},{"damage":17,"enemies":"Spheric Guardian","floor":18,"turns":5},{"damage":20,"enemies":"2 Thieves","floor":20,"turns":4},{"damage":26,"enemies":"Snake Plant","floor":22,"turns":4},{"damage":32,"enemies":"Slavers","floor":24,"turns":2}],"event_choices":[{"event_name":"Golden Wing","player_choice":"Card Removal","floor":3,"damage_taken":0},{"event_name":"Golden Idol","player_choice":"Lose Max HP","floor":4,"damage_taken":0},{"event_name":"The Library","player_choice":"Read","floor":19,"damage_taken":0}],"boss_relics":[{"not_picked":["Runic Dome","Orrery"],"picked":"Snecko Eye"}],"potions_floor_spawned":[1,7,11],"seed_played":"5003676546953240713","killed_by":"Slavers","ascension_level":0,"is_trial":false}