{"gold_per_floor":[110,54,54,54,66,66,91,91,91,91,125,135,154,130,130,202,202,214,104,104,104],"floor_reached":21,"playtime":735,"items_purged":[],"score":374,"play_id":"1a253c75-8bac-47d7-9e5e-d8aea4de2a2f","local_time":"20190621225306","is_ascension_mode":true,"campfire_choices":[{"data":"Capacitor","floor":6,"key":"SMITH"},{"floor":8,"key":"REST"},{"data":"Dualcast","floor":10,"key":"SMITH"},{"floor":15,"key":"REST"}],"neow_cost":"NONE","seed_source_timestamp":31094816343500,"circlet_count":0,"master_deck":["AscendersBane","Zap","Dualcast+1","Capacitor+1","Cold Snap","Cold Snap","White Noise","Coolheaded","Gash","Reinforced Body","Blizzard","Seek","Echo Form","Buffer","Coolheaded+1","Fusion","Consume","Hyperbeam","Melter","Beam Cell+1"],"relics":["Cracked Core","Ice Cream","Gremlin Horn","Bottled Tornado","Pandora\u0027s Box"],"potions_floor_usage":[7,16],"damage_taken":[{"damage":6,"enemies":"Cultist","floor":1,"turns":3},{"damage":2,"enemies":"2 Louse","floor":5,"turns":3},{"damage":31,"enemies":"Lagavulin","floor":7,"turns":7},{"damage":22,"enemies":"Gremlin Nob","floor":11,"turns":4},{"damage":3,"enemies":"Jaw Worm","floor":12,"turns":4},{"damage":11,"enemies":"Blue Slaver","floor":13,"turns":3},{"damage":12,"enemies":"Exordium Thugs","floor":14,"turns":4},{"damage":24,"enemies":"Hexaghost","floor":16,"turns":12},{"damage":39,"enemies":"2 Thieves","floor":18,"turns":4},{"damage":21,"enemies":"3 Byrds","floor":21,"turns":2}],"seed_played":"2917869629459686826","potions_obtained":[{"floor":1,"key":"SteroidPotion"},{"floor":13,"key":"FocusPotion"},{"floor":14,"key":"Ancient Potion"},{"floor":18,"key":"Ancient Potion"}],"is_trial":false,"path_per_floor":["M","$","?","?","M","R","E","R","T","R","E","M","M","M","R","B",null,"M","?","$","M"],"character_chosen":"DEFECT","items_purchased":["Cold Snap"],"campfire_rested":2,"item_purchase_floors":[2],"current_hp_per_floor":[58,58,58,63,61,61,30,52,52,52,30,27,16,4,26,2,58,19,19,19,0],"gold":104,"neow_bonus":"THREE_CARDS","is_prod":false,"is_daily":false,"chose_seed":false,"campfire_upgraded":2,"win_rate":0,"timestamp":1561128786,"path_taken":["M","?","?","?","M","R","E","R","T","R","E","M","M","M","R","BOSS","M","?","?","?"],"build_version":"2019-01-23","purchased_purges":0,"victory":false,"max_hp_per_floor":[71,71,71,76,76,76,76,76,76,76,76,76,76,76,76,76,76,76,76,76,76],"card_choices":[{"not_picked":["Stack","Redo"],"picked":"Capacitor","floor":0},{"not_picked":["Sunder","Barrage"],"picked":"Cold Snap","floor":1},{"not_picked":["Stack","Steam","Leap"],"picked":"SKIP","floor":5},{"not_picked":["Meteor Strike","Reinforced Body"],"picked":"White Noise","floor":7},{"not_picked":["Multi-Cast","Blizzard"],"picked":"Coolheaded","floor":11},{"not_picked":["Ball Lightning","Streamline"],"picked":"Gash","floor":12},{"not_picked":["Lockon","Tempest"],"picked":"Reinforced Body","floor":13},{"not_picked":["Compile Driver","Sweeping Beam"],"picked":"Blizzard","floor":14},{"not_picked":["Amplify","Multi-Cast"],"picked":"Seek","floor":16},{"not_picked":["Gash","Reprogram"],"picked":"Beam Cell+1","floor":18}],"player_experience":722238,"relics_obtained":[{"floor":7,"key":"Ice Cream"},{"floor":9,"key":"Gremlin Horn"},{"floor":11,"key":"Bottled Tornado"}],"event_choices":[{"damage_healed":0,"gold_gain":0,"player_choice":"Ignored","damage_taken":0,"max_hp_gain":0,"max_hp_loss":0,"event_name":"Liars Game","floor":3,"gold_loss":0},{"damage_healed":0,"gold_gain":0,"player_choice":"Donut","damage_taken":0,"max_hp_gain":5,"max_hp_loss":0,"event_name":"Big Fish","floor":4,"gold_loss":0},{"cards_removed":["Lockon"],"damage_healed":0,"gold_gain":0,"player_choice":"Upgrade and Remove","damage_taken":0,"max_hp_gain":0,"max_hp_loss":0,"event_name":"Designer","floor":19,"gold_loss":110,"cards_upgraded":["Coolheaded"]}],"is_beta":false,"boss_relics":[{"not_picked":["FrozenCore","Ectoplasm"],"picked":"Pandora\u0027s Box"}],"items_purged_floors":[],"is_endless":false,"potions_floor_spawned":[1,13,14,18],"killed_by":"3 Byrds","ascension_level":20}