{"gold_per_floor":[218,393,393,417,25,25,60,60,60,60,60],"floor_reached":11,"playtime":355,"items_purged":[],"score":76,"play_id":"bbb04144-fd38-4d9a-8364-ccbdb9132ccb","local_time":"20190505124448","is_ascension_mode":true,"campfire_choices":[{"floor":6,"key":"REST"},{"floor":8,"key":"REST"}],"neow_cost":"NONE","seed_source_timestamp":1085315946048930,"circlet_count":0,"master_deck":["Defend_G","Defend_G","Defend_G","Defend_G","Defend_G","Strike_G","Strike_G","Strike_G","Strike_G","Strike_G","Survivor","Neutralize","Doubt","After Image+1","Backflip"],"relics":["Ring of the Snake","Golden Idol","Frozen Egg 2","Prayer Wheel","Boot"],"potions_floor_usage":[],"damage_taken":[{"damage":1,"enemies":"2 Louse","floor":1,"turns":2},{"damage":4,"enemies":"Jaw Worm","floor":4,"turns":5},{"damage":50,"enemies":"Gremlin Nob","floor":7,"turns":8},{"damage":0,"enemies":"Small Slimes","floor":11,"turns":1}],"seed_played":"-3406577517468188968","potions_obtained":[{"floor":1,"key":"GhostInAJar"}],"is_trial":false,"path_per_floor":["M","?","?","M","$","R","E","R","T","$","M"],"character_chosen":"THE_SILENT","items_purchased":["Frozen Egg 2","After Image+1"],"campfire_rested":2,"item_purchase_floors":[5,5],"current_hp_per_floor":[69,69,52,48,48,69,19,40,40,40,40],"gold":60,"neow_bonus":"HUNDRED_GOLD","is_prod":false,"is_daily":false,"chose_seed":false,"campfire_upgraded":0,"win_rate":0,"timestamp":1557024288,"path_taken":["M","?","?","M","$","R","E","R","T","$","?"],"build_version":"2019-01-23","purchased_purges":0,"victory":false,"max_hp_per_floor":[70,70,70,70,70,70,70,70,70,70,70],"card_choices":[{"not_picked":["All Out Attack","Outmaneuver","Underhanded Strike"],"picked":"SKIP","floor":1},{"not_picked":["Dagger Spray","Bane","Choke"],"picked":"SKIP","floor":4},{"not_picked":["Reflex","Bane"],"picked":"Backflip","floor":7}],"player_experience":365931,"relics_obtained":[{"floor":7,"key":"Prayer Wheel"},{"floor":9,"key":"Boot"}],"event_choices":[{"damage_healed":0,"gold_gain":175,"player_choice":"AGREE","damage_taken":0,"max_hp_gain":0,"max_hp_loss":0,"event_name":"Liars Game","floor":2,"gold_loss":0,"cards_obtained":["Doubt"]},{"damage_healed":0,"gold_gain":0,"player_choice":"Take Damage","damage_taken":17,"relics_obtained":["Golden Idol"],"max_hp_gain":0,"max_hp_loss":0,"event_name":"Golden Idol","floor":3,"gold_loss":0}],"is_beta":false,"boss_relics":[],"items_purged_floors":[],"is_endless":false,"potions_floor_spawned":[1],"killed_by":"Small Slimes","ascension_level":2}