{"path_per_floor":["M","M","M","$","M","E","R","E","T","$","M","M","?","M","R","B",null,"M","?","?","M","?","E","R"],"character_chosen":"IRONCLAD","items_purchased":[],"gold_per_floor":[116,128,141,66,84,118,118,143,143,43,55,71,71,83,83,180,180,192,192,192,210,210,244,244],"floor_reached":25,"campfire_rested":0,"playtime":1945,"current_hp_per_floor":[80,80,80,80,80,63,63,56,56,56,57,62,62,60,60,24,84,84,58,58,53,53,28,28],"items_purged":["Strike_R","Strike_R"],"gold":244,"score":259,"play_id":"01ae5bff-2017-4d1d-9fa2-9b793ac6cb8d","is_prod":false,"is_daily":false,"is_ascension_mode":false,"campfire_upgraded":2,"path_taken":["M","M","M","$","M","E","R","E","T","$","?","M","?","M","R","BOSS","M","?","?","M","?","E","R","M"],"build_version":"2018-02-15-PROD1","purchased_purges":2,"victory":false,"master_deck":["Defend_R","Defend_R","Defend_R","Defend_R","Bash","Uppercut+1","Iron Wave+1","Cleave","Flex","Flame Barrier","Pommel Strike","Impervious","Infernal Blade","Bite","Bite","Bite","Bite","Combust"],"max_hp_per_floor":[80,80,80,80,80,82,82,82,82,82,82,82,82,84,84,84,84,84,58,58,58,58,60,60],"relics":["Black Blood","Singing Bowl","Toolbox","Magic Flower","Girya"],"card_choices":[{"not_picked":["Shrug It Off","Dark Embrace"],"picked":"Iron Wave"},{"not_picked":["Sword Boomerang","Feel No Pain"],"picked":"Cleave"},{"not_picked":["Sword Boomerang","Intimidate"],"picked":"Flex"},{"not_picked":["Heavy Blade","Uppercut"],"picked":"Flame Barrier"},{"not_picked":["Cleave","Thunderclap"],"picked":"Pommel Strike"},{"not_picked":["Feed","Dark Embrace"],"picked":"Impervious"},{"not_picked":["Cleave","Evolve"],"picked":"Infernal Blade"},{"not_picked":["Searing Blow","Reckless Charge"],"picked":"Combust"}],"player_experience":173097,"potions_floor_usage":[6,14,23,23,23],"damage_taken":[{"damage":1,"enemies":"Cultist","floor":1,"turns":3},{"damage":3,"enemies":"2 Louse","floor":2,"turns":3},{"damage":1,"enemies":"Jaw Worm","floor":3,"turns":3},{"damage":2,"enemies":"Looter","floor":5,"turns":4},{"damage":40,"enemies":"Lagavulin","floor":6,"turns":8},{"damage":13,"enemies":"Gremlin Nob","floor":8,"turns":4},{"damage":8,"enemies":"Exordium Wildlife","floor":11,"turns":4},{"damage":4,"enemies":"Blue Slaver","floor":12,"turns":3},{"damage":13,"enemies":"Exordium Thugs","floor":14,"turns":6},{"damage":45,"enemies":"The Guardian","floor":16,"turns":13},{"damage":0,"enemies":"Chosen","floor":18,"turns":6},{"damage":20,"enemies":"Spheric Guardian","floor":21,"turns":4},{"damage":57,"enemies":"Slavers","floor":23,"turns":6},{"damage":37,"enemies":"3 Cultists","floor":25,"turns":4}],"event_choices":[{"event_name":"The Woman in Blue","player_choice":"Bought 0 Potions","floor":13,"damage_taken":0},{"event_name":"Vampires","player_choice":"Became a vampire","floor":19,"damage_taken":0},{"event_name":"Back to Basics","player_choice":"Elegance","floor":20,"damage_taken":0},{"event_name":"N\u0027loth","player_choice":"Ignored","floor":22,"damage_taken":0}],"boss_relics":[{"not_picked":["Calling Bell","White Beast Statue"],"picked":"Black Blood"}],"potions_floor_spawned":[3,6,8,12,18,23],"seed_played":"5444365408893971289","killed_by":"3 Cultists","ascension_level":0,"is_trial":false}