{"gold_per_floor":[110,120,295,106,33,33,68,68,68,86,106,106,131,60,60,155,155,166,166,166,166,180,180],"floor_reached":23,"playtime":1179,"items_purged":["Doubt"],"score":217,"play_id":"262f06e3-7b2f-4de8-ad4f-ef811900c4dd","local_time":"20190417212708","is_ascension_mode":true,"campfire_choices":[{"data":"Blade Dance","floor":6,"key":"SMITH"},{"data":"Cloak And Dagger","floor":8,"key":"SMITH"},{"data":"Blade Dance","floor":15,"key":"SMITH"}],"neow_cost":"NONE","seed_source_timestamp":612070430141361,"circlet_count":0,"master_deck":["Defend_G","Defend_G","Defend_G","Defend_G","Defend_G","Strike_G","Strike_G","Strike_G","Strike_G","Strike_G","Survivor","Neutralize","Accuracy","Blade Dance+1","Cloak And Dagger+1","Blade Dance+1","Adrenaline","Noxious Fumes","Caltrops","Noxious Fumes","Necronomicurse","Flying Knee+1"],"relics":["Ring of the Snake","Strawberry","Oddly Smooth Stone","Juzu Bracelet","Vajra","Question Card","Black Star","Necronomicon"],"potions_floor_usage":[13],"damage_taken":[{"damage":0,"enemies":"Cultist","floor":1,"turns":4},{"damage":2,"enemies":"Jaw Worm","floor":2,"turns":5},{"damage":24,"enemies":"Gremlin Nob","floor":7,"turns":4},{"damage":0,"enemies":"Small Slimes","floor":10,"turns":2},{"damage":7,"enemies":"Exordium Thugs","floor":11,"turns":4},{"damage":18,"enemies":"Lagavulin","floor":13,"turns":4},{"damage":22,"enemies":"The Guardian","floor":16,"turns":9},{"damage":7,"enemies":"Chosen","floor":18,"turns":5},{"damage":21,"enemies":"3 Byrds","floor":22,"turns":4},{"damage":33,"enemies":"Book of Stabbing","floor":23,"turns":5}],"seed_played":"-3149487241404768110","potions_obtained":[{"floor":1,"key":"FearPotion"},{"floor":2,"key":"Ancient Potion"},{"floor":11,"key":"Explosive Potion"}],"is_trial":false,"path_per_floor":["M","M","?","$","?","R","E","R","T","M","M","?","E","$","R","B",null,"M","?","?","?","M","E"],"character_chosen":"THE_SILENT","items_purchased":["Accuracy","Blade Dance","Caltrops"],"campfire_rested":0,"item_purchase_floors":[4,4,14],"current_hp_per_floor":[77,75,75,75,75,75,51,51,51,51,44,69,51,51,51,29,77,70,70,54,54,33,0],"gold":180,"neow_bonus":"RANDOM_COMMON_RELIC","is_prod":false,"is_daily":false,"chose_seed":false,"campfire_upgraded":3,"win_rate":0,"timestamp":1555500428,"path_taken":["M","M","?","$","?","R","E","R","T","M","M","?","E","$","R","BOSS","M","?","?","?","M","E"],"build_version":"2019-01-23","purchased_purges":1,"victory":false,"max_hp_per_floor":[77,77,77,77,77,77,77,77,77,77,77,77,77,77,77,77,77,77,77,77,77,77,77],"card_choices":[{"not_picked":["Crippling Poison","Expertise","Outmaneuver"],"picked":"SKIP","floor":1},{"not_picked":["Dagger Throw","Underhanded Strike","Dagger Spray"],"picked":"SKIP","floor":2},{"not_picked":["Setup","Terror"],"picked":"Cloak And Dagger","floor":7},{"not_picked":["Outmaneuver","Dodge and Roll"],"picked":"Blade Dance","floor":10},{"not_picked":["Prepared","Predator"],"picked":"Adrenaline","floor":11},{"not_picked":["Slice","Distraction"],"picked":"Noxious Fumes","floor":13},{"not_picked":["Well Laid Plans","Underhanded Strike","Poisoned Stab"],"picked":"Noxious Fumes","floor":18},{"not_picked":["Tactician","Bane","Quick Slash"],"picked":"Flying Knee+1","floor":22}],"player_experience":313653,"relics_obtained":[{"floor":7,"key":"Juzu Bracelet"},{"floor":9,"key":"Vajra"},{"floor":13,"key":"Question Card"},{"floor":20,"key":"Necronomicon"}],"event_choices":[{"damage_healed":0,"gold_gain":175,"player_choice":"AGREE","damage_taken":0,"max_hp_gain":0,"max_hp_loss":0,"event_name":"Liars Game","floor":3,"gold_loss":0,"cards_obtained":["Doubt"]},{"damage_healed":0,"gold_gain":0,"player_choice":"Paid Gold","damage_taken":0,"relics_obtained":["Oddly Smooth Stone"],"max_hp_gain":0,"max_hp_loss":0,"event_name":"WeMeetAgain","floor":5,"gold_loss":73},{"damage_healed":25,"gold_gain":0,"player_choice":"Banana","damage_taken":0,"max_hp_gain":0,"max_hp_loss":0,"event_name":"Big Fish","floor":12,"gold_loss":0},{"damage_healed":0,"gold_gain":0,"player_choice":"Bought 0 Potions","damage_taken":0,"max_hp_gain":0,"max_hp_loss":0,"event_name":"The Woman in Blue","floor":19,"gold_loss":0},{"damage_healed":0,"gold_gain":0,"player_choice":"Obtained Book","damage_taken":16,"max_hp_gain":0,"max_hp_loss":0,"event_name":"Cursed Tome","floor":20,"gold_loss":0},{"damage_healed":0,"gold_gain":0,"player_choice":"Ignored","damage_taken":0,"max_hp_gain":0,"max_hp_loss":0,"event_name":"Vampires","floor":21,"gold_loss":0}],"is_beta":false,"boss_relics":[{"not_picked":["Tiny House","Eternal Feather"],"picked":"Black Star"}],"items_purged_floors":[4],"is_endless":false,"potions_floor_spawned":[1,2,11],"killed_by":"Book of Stabbing","ascension_level":2}