{"gold_per_floor":[119,132,150,150,162,197,87,117,117,42,42,42,58,58,58,160,160,180,180,192,192,205,205,205,205],"floor_reached":25,"playtime":1236,"items_purged":[],"score":243,"play_id":"bcdd7e6f-fac1-4bdd-8c95-0645ab314ee1","local_time":"20190215185913","is_ascension_mode":true,"campfire_choices":[{"floor":11,"key":"REST"},{"floor":15,"key":"REST"},{"floor":23,"key":"REST"}],"neow_cost":"NONE","seed_source_timestamp":1231066081720,"circlet_count":0,"master_deck":["Strike_B","Strike_B","Strike_B+1","Defend_B","Defend_B+1","Defend_B+1","Defend_B","Zap","Dualcast","Melter","Conserve Battery","Ball Lightning","Go for the Eyes","Thunder Strike","Doom and Gloom","Loop+1","Conserve Battery+1","Sunder","Self Repair","Buffer","Loop","Melter","Ball Lightning","Chaos","Rip and Tear+1","Self Repair"],"relics":["Cracked Core","War Paint","Bottled Flame","Symbiotic Virus","Orrery","Ancient Tea Set"],"potions_floor_usage":[6,20,20,22,25,25],"damage_taken":[{"damage":0,"enemies":"Small Slimes","floor":1,"turns":2},{"damage":1,"enemies":"Cultist","floor":2,"turns":3},{"damage":3,"enemies":"2 Louse","floor":3,"turns":2},{"damage":8,"enemies":"Blue Slaver","floor":5,"turns":2},{"damage":25,"enemies":"3 Sentries","floor":6,"turns":5},{"damage":30,"enemies":"Lagavulin","floor":8,"turns":5},{"damage":11,"enemies":"Red Slaver","floor":13,"turns":3},{"damage":24,"enemies":"The Guardian","floor":16,"turns":9},{"damage":39,"enemies":"2 Thieves","floor":18,"turns":3},{"damage":6,"enemies":"3 Byrds","floor":20,"turns":3},{"damage":36,"enemies":"Snake Plant","floor":22,"turns":4},{"damage":62,"enemies":"Gremlin Leader","floor":25,"turns":4}],"seed_played":"7703546325773904306","potions_obtained":[{"floor":3,"key":"PowerPotion"},{"floor":5,"key":"SpeedPotion"},{"floor":8,"key":"LiquidBronze"},{"floor":16,"key":"EntropicBrew"}],"is_trial":false,"path_per_floor":["M","M","M","?","M","E","$","E","T","$","R","$","M","?","R","B",null,"M","?","M","?","M","R","T","E"],"character_chosen":"DEFECT","items_purchased":["Doom and Gloom","Loop","Sunder"],"campfire_rested":3,"item_purchase_floors":[7,7,10],"current_hp_per_floor":[82,81,78,78,70,45,45,15,15,15,39,39,28,12,36,19,82,43,43,44,44,22,46,46,0],"gold":205,"neow_bonus":"TEN_PERCENT_HP_BONUS","is_prod":false,"is_daily":false,"chose_seed":false,"campfire_upgraded":0,"win_rate":0,"timestamp":1550217553,"path_taken":["M","M","M","?","?","E","?","E","T","$","R","?","M","?","R","BOSS","M","?","?","?","M","R","?","E"],"build_version":"2019-01-23","purchased_purges":0,"victory":false,"max_hp_per_floor":[82,82,82,82,82,82,82,82,82,82,82,82,82,82,82,82,82,82,82,82,82,82,82,82,82],"card_choices":[{"not_picked":["Turbo","Lockon"],"picked":"Melter","floor":1},{"not_picked":["Go for the Eyes","Streamline"],"picked":"Conserve Battery","floor":2},{"not_picked":["Rebound","Cold Snap"],"picked":"Ball Lightning","floor":3},{"not_picked":["Turbo","Conserve Battery"],"picked":"Go for the Eyes","floor":5},{"not_picked":["Gash","Conserve Battery"],"picked":"Thunder Strike","floor":6},{"not_picked":["Leap","Stack"],"picked":"Conserve Battery","floor":8},{"not_picked":["Stack","Fusion"],"picked":"Self Repair","floor":13},{"not_picked":["Seek","Biased Cognition"],"picked":"Buffer","floor":16},{"not_picked":["Heatsinks","Ball Lightning"],"picked":"Loop","floor":17},{"not_picked":["Turbo","Rebound"],"picked":"Melter","floor":17},{"not_picked":["Beam Cell","Conserve Battery"],"picked":"Ball Lightning","floor":17},{"not_picked":["Streamline","Stack"],"picked":"Chaos","floor":17},{"not_picked":["Compile Driver","Conserve Battery"],"picked":"Rip and Tear+1","floor":18},{"not_picked":["Rebound+1","Leap"],"picked":"Self Repair","floor":20},{"not_picked":["Fusion","Conserve Battery","Barrage"],"picked":"SKIP","floor":22}],"player_experience":178116,"relics_obtained":[{"floor":6,"key":"War Paint"},{"floor":8,"key":"Bottled Flame"},{"floor":9,"key":"Symbiotic Virus"},{"floor":24,"key":"Ancient Tea Set"}],"event_choices":[{"cards_removed":["Strike_B"],"damage_healed":0,"gold_gain":0,"player_choice":"Offered Basic","damage_taken":0,"max_hp_gain":0,"max_hp_loss":0,"event_name":"Bonfire Elementals","floor":4,"gold_loss":0},{"damage_healed":0,"gold_gain":0,"player_choice":"Entered Light","damage_taken":16,"max_hp_gain":0,"max_hp_loss":0,"event_name":"Shining Light","floor":14,"gold_loss":0,"cards_upgraded":["Conserve Battery","Strike_B"]},{"damage_healed":0,"gold_gain":0,"player_choice":"Upgraded","damage_taken":0,"max_hp_gain":0,"max_hp_loss":0,"event_name":"Upgrade Shrine","floor":19,"gold_loss":0,"cards_upgraded":["Loop"]},{"damage_healed":0,"gold_gain":0,"player_choice":"Ignored","damage_taken":0,"max_hp_gain":0,"max_hp_loss":0,"event_name":"Beggar","floor":21,"gold_loss":0}],"is_beta":false,"boss_relics":[{"not_picked":["Sozu","Fusion Hammer"],"picked":"Orrery"}],"items_purged_floors":[],"is_endless":false,"potions_floor_spawned":[3,5,8,16,22],"killed_by":"Gremlin Leader","ascension_level":3}