{"gold_per_floor":[110,128,147,147,167,167,185,185,185,197,230,230,230,230],"floor_reached":14,"playtime":351,"items_purged":[],"score":184,"play_id":"f8afb75c-1adc-4964-8ff5-e5b53d622de6","local_time":"20190114020855","is_ascension_mode":true,"campfire_choices":[{"floor":6,"key":"REST"},{"floor":8,"key":"REST"},{"data":"Bouncing Flask","floor":12,"key":"SMITH"}],"neow_cost":"NONE","seed_source_timestamp":289415310624453,"circlet_count":0,"master_deck":["AscendersBane","Defend_G","Defend_G","Defend_G","Defend_G","Defend_G","Strike_G+1","Strike_G+1","Strike_G","Strike_G","Strike_G","Survivor","Neutralize","Riddle With Holes","Infinite Blades","Quick Slash","Cloak And Dagger","Dagger Throw","Bouncing Flask+1"],"relics":["Ring of the Snake","Frozen Egg 2","Bottled Flame","Sundial"],"potions_floor_usage":[11,14],"damage_taken":[{"damage":6,"enemies":"2 Louse","floor":1,"turns":5},{"damage":4,"enemies":"Cultist","floor":2,"turns":4},{"damage":0,"enemies":"Small Slimes","floor":3,"turns":4},{"damage":8,"enemies":"Blue Slaver","floor":5,"turns":3},{"damage":0,"enemies":"3 Louse","floor":7,"turns":5},{"damage":16,"enemies":"Large Slime","floor":10,"turns":6},{"damage":32,"enemies":"3 Sentries","floor":11,"turns":9},{"damage":34,"enemies":"Exordium Thugs","floor":14,"turns":3}],"seed_played":"-7698208811200940481","potions_obtained":[{"floor":1,"key":"SpeedPotion"},{"floor":2,"key":"PowerPotion"},{"floor":10,"key":"Dexterity Potion"}],"is_trial":false,"path_per_floor":["M","M","M","?","M","R","M","R","T","M","E","R","?","M"],"character_chosen":"THE_SILENT","items_purchased":[],"campfire_rested":2,"item_purchase_floors":[],"current_hp_per_floor":[59,55,55,33,25,46,46,67,67,51,19,19,19,0],"gold":230,"neow_bonus":"TEN_PERCENT_HP_BONUS","is_prod":false,"is_daily":false,"chose_seed":false,"campfire_upgraded":1,"win_rate":0,"timestamp":1547399335,"path_taken":["M","M","M","?","M","R","M","R","T","M","E","R","?","M"],"build_version":"2019-01-10","purchased_purges":0,"victory":false,"max_hp_per_floor":[72,72,72,72,72,72,72,72,72,72,72,72,72,72],"card_choices":[{"not_picked":["Setup","Heel Hook"],"picked":"Riddle With Holes","floor":1},{"not_picked":["Catalyst","Predator"],"picked":"Infinite Blades","floor":2},{"not_picked":["Backflip","Deflect"],"picked":"Quick Slash","floor":3},{"not_picked":["Acrobatics","Dagger Spray"],"picked":"Cloak And Dagger","floor":5},{"not_picked":["Blade Dance","Dagger Spray"],"picked":"PiercingWail","floor":7},{"not_picked":["Distraction","Slice"],"picked":"Dagger Throw","floor":10},{"not_picked":["Blade Dance","Outmaneuver"],"picked":"Bouncing Flask","floor":11}],"player_experience":4072835,"relics_obtained":[{"floor":9,"key":"Frozen Egg 2"},{"floor":11,"key":"Bottled Flame"}],"event_choices":[{"damage_healed":0,"gold_gain":0,"player_choice":"Entered Light","damage_taken":22,"max_hp_gain":0,"max_hp_loss":0,"event_name":"Shining Light","floor":4,"gold_loss":0,"cards_upgraded":["Strike_G","Strike_G"]},{"cards_removed":["PiercingWail"],"damage_healed":0,"gold_gain":0,"player_choice":"Gave Card","damage_taken":0,"relics_obtained":["Sundial"],"max_hp_gain":0,"max_hp_loss":0,"event_name":"WeMeetAgain","floor":13,"gold_loss":0}],"is_beta":false,"boss_relics":[],"items_purged_floors":[],"is_endless":false,"potions_floor_spawned":[1,2,10],"killed_by":"Exordium Thugs","ascension_level":20}