{"gold_per_floor":[111,124,124,139,139,169,169,169,169,169,169,185,204,230,230,326,326,338,21,32,32,32,32,47,63,111,142,153,153,170,205,205,205],"floor_reached":33,"playtime":4703,"items_purged":["Strike_R"],"score":372,"play_id":"c49ec75d-78ab-4422-a6ad-64176e49a563","local_time":"20190320225048","is_ascension_mode":false,"campfire_choices":[{"floor":7,"key":"REST"},{"data":"Iron Wave","floor":11,"key":"SMITH"},{"data":"Whirlwind","floor":15,"key":"SMITH"},{"data":"Fiend Fire","floor":23,"key":"SMITH"},{"floor":29,"key":"REST"},{"floor":32,"key":"REST"}],"neow_cost":"NONE","seed_source_timestamp":464748888211453,"circlet_count":0,"master_deck":["Defend_R","Defend_R","Defend_R","Defend_R","Bash","Twin Strike","Clothesline","Anger","Iron Wave+1","Infernal Blade","Headbutt","Pommel Strike","Whirlwind+1","Fiend Fire+1","Shrug It Off","Flame Barrier","Flame Barrier+1","Ghostly Armor","Bite","Bite","Bite","Bite","Bite","Battle Trance","True Grit","Disarm+1","Flex+1","Clothesline+1","Shrug It Off"],"relics":["Burning Blood","Blue Candle","Dead Branch","Pear","Torii","Pocketwatch","Orrery","Letter Opener","Blood Vial","Bottled Flame","Ice Cream"],"potions_floor_usage":[27,28,33,33,33],"damage_taken":[{"damage":6,"enemies":"Small Slimes","floor":1,"turns":4},{"damage":1,"enemies":"Cultist","floor":2,"turns":4},{"damage":3,"enemies":"Jaw Worm","floor":4,"turns":4},{"damage":42,"enemies":"3 Sentries","floor":6,"turns":9},{"damage":0,"enemies":"Exordium Wildlife","floor":12,"turns":3},{"damage":7,"enemies":"3 Louse","floor":13,"turns":3},{"damage":9,"enemies":"Lagavulin","floor":14,"turns":5},{"damage":0,"enemies":"Slime Boss","floor":16,"turns":7},{"damage":1,"enemies":"3 Byrds","floor":18,"turns":4},{"damage":18,"enemies":"2 Thieves","floor":20,"turns":4},{"damage":24,"enemies":"3 Cultists","floor":24,"turns":6},{"damage":0,"enemies":"Centurion and Healer","floor":25,"turns":6},{"damage":56,"enemies":"Slavers","floor":27,"turns":7},{"damage":8,"enemies":"Shelled Parasite and Fungi","floor":28,"turns":4},{"damage":18,"enemies":"3 Cultists","floor":30,"turns":7},{"damage":48,"enemies":"Gremlin Leader","floor":31,"turns":5},{"damage":79,"enemies":"Collector","floor":33,"turns":6}],"seed_played":"-1114267419045750274","potions_obtained":[{"floor":2,"key":"Explosive Potion"},{"floor":14,"key":"LiquidBronze"},{"floor":16,"key":"Regen Potion"},{"floor":25,"key":"Weak Potion"},{"floor":28,"key":"SkillPotion"},{"floor":30,"key":"Regen Potion"}],"is_trial":false,"path_per_floor":["M","M","?","M","?","E","R","T","T","?","R","M","M","E","R","B",null,"M","$","M","$","?","R","M","M","T","E","M","R","M","E","R","B"],"character_chosen":"IRONCLAD","items_purchased":["Letter Opener"],"campfire_rested":3,"item_purchase_floors":[19],"current_hp_per_floor":[88,88,88,88,81,45,71,81,81,81,81,87,86,83,83,89,98,98,98,86,86,68,68,54,68,68,22,36,56,58,18,38,0],"gold":205,"neow_bonus":"TEN_PERCENT_HP_BONUS","is_prod":false,"is_daily":false,"chose_seed":false,"campfire_upgraded":3,"win_rate":0,"timestamp":1553140248,"path_taken":["M","M","?","?","?","E","R","?","T","?","R","M","?","E","R","BOSS","M","$","M","$","?","R","M","M","T","E","M","R","M","E","R","BOSS"],"build_version":"2019-01-23","purchased_purges":1,"victory":false,"max_hp_per_floor":[88,88,88,88,88,88,88,98,98,98,98,98,98,98,98,98,98,98,98,98,98,68,68,68,68,68,68,68,68,68,68,68,68],"card_choices":[{"not_picked":["Body Slam","Perfected Strike"],"picked":"Twin Strike","floor":1},{"not_picked":["Wild Strike","Perfected Strike"],"picked":"Clothesline","floor":2},{"not_picked":["Warcry","Reckless Charge"],"picked":"Anger","floor":4},{"not_picked":["Havoc","Dark Embrace"],"picked":"Iron Wave","floor":6},{"not_picked":["Sentinel","Warcry"],"picked":"Headbutt","floor":12},{"not_picked":["Twin Strike","Dual Wield"],"picked":"Pommel Strike","floor":13},{"not_picked":["Body Slam","Cleave"],"picked":"Whirlwind","floor":14},{"not_picked":["Impervious","Double Tap"],"picked":"Fiend Fire","floor":16},{"not_picked":["Headbutt","Perfected Strike"],"picked":"Shrug It Off","floor":17},{"not_picked":["Twin Strike","Pommel Strike"],"picked":"Flame Barrier","floor":17},{"not_picked":["Rage+1","Havoc"],"picked":"Flame Barrier+1","floor":18},{"not_picked":["Shrug It Off","Warcry"],"picked":"Ghostly Armor","floor":20},{"not_picked":["Havoc+1","Combust"],"picked":"Battle Trance","floor":24},{"not_picked":["Perfected Strike","Double Tap"],"picked":"True Grit","floor":25},{"not_picked":["Metallicize","Uppercut+1"],"picked":"Disarm+1","floor":27},{"not_picked":["Anger","Perfected Strike"],"picked":"Flex+1","floor":28},{"not_picked":["Wild Strike","Body Slam"],"picked":"Clothesline+1","floor":30},{"not_picked":["Hemokinesis+1","Headbutt"],"picked":"Shrug It Off","floor":31}],"player_experience":31657,"relics_obtained":[{"floor":6,"key":"Dead Branch"},{"floor":8,"key":"Pear"},{"floor":9,"key":"Torii"},{"floor":14,"key":"Pocketwatch"},{"floor":26,"key":"Blood Vial"},{"floor":27,"key":"Bottled Flame"},{"floor":31,"key":"Ice Cream"}],"event_choices":[{"damage_healed":0,"gold_gain":0,"player_choice":"Gave Potion","damage_taken":0,"relics_obtained":["Blue Candle"],"max_hp_gain":0,"max_hp_loss":0,"event_name":"WeMeetAgain","floor":3,"gold_loss":0},{"cards_removed":["Strike_R"],"damage_healed":0,"gold_gain":0,"player_choice":"Card Removal","damage_taken":7,"max_hp_gain":0,"max_hp_loss":0,"event_name":"Golden Wing","floor":5,"gold_loss":0},{"damage_healed":0,"gold_gain":0,"cards_transformed":["Strike_R"],"player_choice":"Transformed","damage_taken":0,"max_hp_gain":0,"max_hp_loss":0,"event_name":"Transmorgrifier","floor":10,"gold_loss":0,"cards_obtained":["Infernal Blade"]},{"damage_healed":0,"gold_gain":0,"player_choice":"Became a vampire","damage_taken":0,"max_hp_gain":0,"max_hp_loss":30,"event_name":"Vampires","floor":22,"gold_loss":0,"cards_obtained":["Bite","Bite","Bite","Bite","Bite"]}],"is_beta":false,"boss_relics":[{"not_picked":["Cursed Key","Calling Bell"],"picked":"Orrery"}],"items_purged_floors":[19],"is_endless":false,"potions_floor_spawned":[2,14,16,25,28,30],"killed_by":"Collector","ascension_level":0}