{"gold_per_floor":[111,125,125,145,71,71,98,98,124,158,170,199,226,249,261,350,362,393,405,429,366,383,383,409,409,409,409,442,442,460,474,474,474],"floor_reached":33,"playtime":1000,"items_purged":["Strike_G"],"score":644,"play_id":"e2fe68f3-0ced-48d8-95ce-1fc66fdd67d6","local_time":"20190117234814","is_ascension_mode":true,"campfire_choices":[{"data":"Poisoned Stab","floor":6,"key":"SMITH"},{"floor":8,"key":"REST"},{"data":"Concentrate","floor":15,"key":"SMITH"},{"floor":23,"key":"REST"},{"floor":25,"key":"REST"},{"floor":29,"key":"REST"},{"floor":32,"key":"REST"}],"neow_cost":"TEN_PERCENT_HP_LOSS","seed_source_timestamp":625923757775363,"circlet_count":0,"master_deck":["AscendersBane","Defend_G","Defend_G","Defend_G","Defend_G","Strike_G","Survivor","Neutralize","Poisoned Stab+1","Dagger Spray","Poisoned Stab","Corpse Explosion","PiercingWail","Die Die Die","Concentrate+1","Grand Finale","Backflip","Dash","After Image","Outmaneuver","Crippling Poison","Burst","Endless Agony","Sucker Punch+1"],"relics":["Ring of the Snake","Centennial Puzzle","Lantern","MawBank","Paper Crane","Lizard Tail","Dead Branch","Juzu Bracelet"],"potions_floor_usage":[16,16,22,28,33],"damage_taken":[{"damage":1,"enemies":"Small Slimes","floor":1,"turns":5},{"damage":0,"enemies":"Jaw Worm","floor":2,"turns":3},{"damage":0,"enemies":"Cultist","floor":4,"turns":4},{"damage":24,"enemies":"Gremlin Nob","floor":7,"turns":4},{"damage":2,"enemies":"3 Sentries","floor":10,"turns":3},{"damage":0,"enemies":"Exordium Wildlife","floor":12,"turns":2},{"damage":2,"enemies":"3 Louse","floor":13,"turns":2},{"damage":3,"enemies":"Blue Slaver","floor":14,"turns":3},{"damage":48,"enemies":"Slime Boss","floor":16,"turns":11},{"damage":12,"enemies":"3 Byrds","floor":18,"turns":3},{"damage":29,"enemies":"Shell Parasite","floor":20,"turns":6},{"damage":26,"enemies":"Cultist and Chosen","floor":22,"turns":5},{"damage":0,"enemies":"Gremlin Leader","floor":24,"turns":6},{"damage":25,"enemies":"Slavers","floor":28,"turns":5},{"damage":12,"enemies":"Sentry and Sphere","floor":30,"turns":6},{"damage":6,"enemies":"Snake Plant","floor":31,"turns":6},{"damage":65,"enemies":"Collector","floor":33,"turns":8}],"seed_played":"-259289654993548378","potions_obtained":[{"floor":12,"key":"Regen Potion"},{"floor":13,"key":"SkillPotion"},{"floor":16,"key":"Energy Potion"},{"floor":18,"key":"EssenceOfSteel"},{"floor":24,"key":"SteroidPotion"},{"floor":30,"key":"GhostInAJar"}],"is_trial":false,"path_per_floor":["M","M","?","M","$","R","E","R","T","E","T","M","M","M","R","B",null,"M","?","M","$","M","R","E","R","T","?","E","R","M","M","R","B"],"character_chosen":"THE_SILENT","items_purchased":["Corpse Explosion"],"campfire_rested":5,"item_purchase_floors":[5],"current_hp_per_floor":[58,58,58,58,58,58,34,52,52,50,50,50,48,45,45,12,48,36,36,7,7,15,33,33,51,51,51,26,44,32,26,44,0],"gold":474,"neow_bonus":"REMOVE_TWO","is_prod":false,"is_daily":false,"chose_seed":false,"campfire_upgraded":2,"win_rate":0,"timestamp":1547736494,"path_taken":["M","M","?","M","$","R","E","R","T","E","?","?","M","M","R","BOSS","M","?","M","$","M","R","E","R","T","?","E","R","M","M","R","BOSS"],"build_version":"2019-01-10","purchased_purges":1,"victory":false,"max_hp_per_floor":[60,60,60,60,60,60,60,60,60,60,60,60,60,60,60,60,60,60,60,60,60,60,60,60,60,60,60,60,60,60,60,60,60],"card_choices":[{"not_picked":["Cloak And Dagger","Flechettes"],"picked":"Poisoned Stab","floor":1},{"not_picked":["Flying Knee","Dodge and Roll"],"picked":"Dagger Spray","floor":2},{"not_picked":["Dodge and Roll","Prepared"],"picked":"Poisoned Stab","floor":4},{"not_picked":["Dagger Spray","Dagger Throw"],"picked":"PiercingWail","floor":7},{"not_picked":["Acrobatics","Slice"],"picked":"Die Die Die","floor":10},{"not_picked":["Endless Agony","Prepared","Eviscerate"],"picked":"SKIP","floor":12},{"not_picked":["Deflect","Slice","Bane"],"picked":"SKIP","floor":13},{"not_picked":["Quick Slash","Sucker Punch"],"picked":"Concentrate","floor":14},{"not_picked":["Unload","Doppelganger"],"picked":"Grand Finale","floor":16},{"not_picked":["Blade Dance","Sucker Punch"],"picked":"Backflip","floor":18},{"not_picked":["Deflect","Blade Dance+1","Prepared"],"picked":"SKIP","floor":20},{"not_picked":["Caltrops","Predator"],"picked":"Dash","floor":22},{"not_picked":["Dagger Spray","Prepared"],"picked":"After Image","floor":24},{"not_picked":["Bane","Escape Plan"],"picked":"Burst","floor":28},{"not_picked":["Predator","Underhanded Strike"],"picked":"Endless Agony","floor":30},{"not_picked":["Slice","Eviscerate"],"picked":"Sucker Punch+1","floor":31}],"player_experience":4113602,"relics_obtained":[{"floor":7,"key":"Centennial Puzzle"},{"floor":9,"key":"Lantern"},{"floor":10,"key":"MawBank"},{"floor":11,"key":"Paper Crane"},{"floor":24,"key":"Dead Branch"},{"floor":28,"key":"Juzu Bracelet"}],"event_choices":[{"damage_healed":0,"gold_gain":0,"player_choice":"Ignored","damage_taken":0,"max_hp_gain":0,"max_hp_loss":0,"event_name":"Golden Idol","floor":3,"gold_loss":0},{"damage_healed":0,"gold_gain":0,"player_choice":"Ignored","damage_taken":0,"max_hp_gain":0,"max_hp_loss":0,"event_name":"Ghosts","floor":19,"gold_loss":0},{"damage_healed":0,"gold_gain":0,"cards_transformed":["Strike_G","Strike_G"],"player_choice":"Became Test Subject","damage_taken":0,"max_hp_gain":0,"max_hp_loss":0,"event_name":"Drug Dealer","floor":27,"gold_loss":0,"cards_obtained":["Outmaneuver","Crippling Poison"]}],"is_beta":false,"boss_relics":[{"not_picked":["White Beast Statue","WristBlade"],"picked":"Lizard Tail"}],"items_purged_floors":[21],"is_endless":false,"potions_floor_spawned":[12,13,14,16,18,20,24,30],"killed_by":"Collector","ascension_level":20}