{"gold_per_floor":[210,228,228,228,177,177,209,209,235,265,265,16,41,56,56,158,158,173,192,192,211,211,211,240,240,311,311,324,6,20,36,36,134,134,144,144,144,25,42,61,61,77,77,89,89,109,109,120,120,120],"floor_reached":50,"playtime":3253,"items_purged":[],"score":652,"play_id":"4658be31-636a-4488-b6c5-ac5c6066d4ab","local_time":"20190317140626","is_ascension_mode":true,"campfire_choices":[{"data":"White Noise","floor":6.0,"key":"SMITH"},{"floor":8.0,"key":"REST"},{"data":"1","floor":11.0,"key":"LIFT"},{"data":"2","floor":15.0,"key":"LIFT"},{"floor":23.0,"key":"REST"},{"floor":25.0,"key":"REST"},{"floor":27.0,"key":"REST"},{"floor":32.0,"key":"REST"},{"floor":41.0,"key":"REST"},{"floor":45,"key":"REST"},{"floor":47,"key":"REST"},{"data":"3","floor":49,"key":"LIFT"}],"neow_cost":"NONE","seed_source_timestamp":0,"circlet_count":0,"master_deck":["Strike_B","Strike_B","Defend_B+1","Defend_B","Defend_B","Defend_B","Zap","Dualcast","White Noise+1","Conserve Battery","Streamline","Melter","Streamline","Redo+1","Core Surge","Conserve Battery+1","Stack+1","RitualDagger","Streamline","Cold Snap","Rebound+1","Conserve Battery","Thunder Strike","Barrage+1","Ball Lightning","Go for the Eyes+1","Ball Lightning+1","Double Energy","Hologram+1"],"special_seed":0,"relics":["Cracked Core","Anchor","Oddly Smooth Stone","Girya","Cables","Pear","Empty Cage","MutagenicStrength","The Courier","Singing Bowl","Membership Card","Orichalcum","War Paint","Sozu","Unceasing Top","Dodecahedron"],"potions_floor_usage":[],"damage_taken":[{"damage":4.0,"enemies":"2 Louse","floor":1.0,"turns":2.0},{"damage":1.0,"enemies":"Cultist","floor":2.0,"turns":3.0},{"damage":12.0,"enemies":"3 Sentries","floor":7.0,"turns":9.0},{"damage":8.0,"enemies":"Lagavulin","floor":10.0,"turns":4.0},{"damage":10.0,"enemies":"Gremlin Nob","floor":13.0,"turns":3.0},{"damage":0.0,"enemies":"Small Slimes","floor":14.0,"turns":2.0},{"damage":28.0,"enemies":"Hexaghost","floor":16.0,"turns":7.0},{"damage":11.0,"enemies":"Shell Parasite","floor":18.0,"turns":5.0},{"damage":16.0,"enemies":"3 Byrds","floor":19.0,"turns":5.0},{"damage":14.0,"enemies":"Snake Plant","floor":21.0,"turns":3.0},{"damage":71.0,"enemies":"Gremlin Leader","floor":24.0,"turns":9.0},{"damage":2.0,"enemies":"Shelled Parasite and Fungi","floor":28.0,"turns":3.0},{"damage":3.0,"enemies":"Centurion and Healer","floor":30.0,"turns":3.0},{"damage":0.0,"enemies":"Sentry and Sphere","floor":31.0,"turns":3.0},{"damage":60.0,"enemies":"Champ","floor":33.0,"turns":12.0},{"damage":0.0,"enemies":"3 Shapes","floor":35.0,"turns":4.0},{"damage":13.0,"enemies":"3 Darklings","floor":39.0,"turns":4.0},{"damage":1.0,"enemies":"4 Shapes","floor":40.0,"turns":5.0},{"damage":34.0,"enemies":"Maw","floor":42.0,"turns":8.0},{"damage":3,"enemies":"Sphere and 2 Shapes","floor":44,"turns":4},{"damage":19,"enemies":"4 Shapes","floor":46,"turns":3},{"damage":5,"enemies":"Spire Growth","floor":48,"turns":3},{"damage":90,"enemies":"Awakened One","floor":50,"turns":11}],"seed_played":"-5829407676183810053","potions_obtained":[{"floor":1.0,"key":"Fruit Juice"},{"floor":2.0,"key":"FearPotion"},{"floor":16.0,"key":"SkillPotion"},{"floor":18.0,"key":"FairyPotion"},{"floor":21.0,"key":"Strength Potion"},{"floor":30.0,"key":"Dexterity Potion"},{"floor":33.0,"key":"Weak Potion"}],"is_trial":false,"path_per_floor":["M","M","$","?","$","R","E","R","T","E","R","$","E","M","R","B",null,"M","M","?","M","?","R","E","R","T","R","M","$","M","M","R","B",null,"M","?","?","$","M","M","R","M","T","M","R","M","R","M","R","B"],"character_chosen":"DEFECT","items_purchased":["Energy Potion","Cables","Membership Card","Orichalcum","War Paint","Fire Potion","Fire Potion","Unceasing Top"],"campfire_rested":8,"item_purchase_floors":[5,12,29,29,29,29,29,38],"current_hp_per_floor":[69,68,68,68,68,68,56,80,80,72,72,72,72,72,72,44,79,68,52,52,38,32,59,9,36,36,63,61,61,58,58,85,25,74,74,74,74,74,61,60,87,55,55,52,79,62,90,85,85,0],"gold":120,"neow_bonus":"HUNDRED_GOLD","is_prod":false,"is_daily":false,"chose_seed":false,"campfire_upgraded":1,"win_rate":0,"timestamp":1552827986,"path_taken":["M","M","$","?","$","R","E","R","T","E","R","$","E","?","R","BOSS","M","M","?","M","?","R","E","R","T","R","M","$","M","M","R","BOSS","M","?","?","$","?","?","R","M","T","M","R","M","R","M","R","BOSS"],"build_version":"2019-01-23","purchased_purges":0,"victory":false,"max_hp_per_floor":[80,80,80,80,80,80,80,80,80,80,80,80,90,90,90,90,90,90,90,90,90,90,90,90,90,90,90,90,90,90,90,90,90,90,90,90,90,90,90,90,90,92,92,92,92,94,94,94,94,94],"card_choices":[{"not_picked":["Reprogram","Rebound"],"picked":"White Noise","floor":1.0},{"not_picked":["Static Discharge","Sweeping Beam"],"picked":"Conserve Battery","floor":2.0},{"not_picked":["Consume","Skim"],"picked":"Streamline","floor":7.0},{"not_picked":["Redo","Consume"],"picked":"Melter","floor":10.0},{"not_picked":["Steam Power","Lockon"],"picked":"Streamline","floor":13.0},{"not_picked":["Storm","Thunder Strike"],"picked":"Redo","floor":14.0},{"not_picked":["Seek","All For One"],"picked":"Core Surge","floor":16.0},{"not_picked":["Force Field+1","Barrage"],"picked":"Conserve Battery+1","floor":18.0},{"not_picked":["Redo","Go for the Eyes+1"],"picked":"Scrape","floor":19.0},{"not_picked":["Force Field","Chill"],"picked":"Stack+1","floor":21.0},{"not_picked":["Go for the Eyes","Consume"],"picked":"Streamline","floor":24.0},{"not_picked":["Amplify","Coolheaded"],"picked":"Cold Snap","floor":28.0},{"not_picked":["Go for the Eyes","Tempest"],"picked":"Rebound+1","floor":30.0},{"not_picked":["Streamline+1","Rainbow"],"picked":"Conserve Battery","floor":31.0},{"not_picked":["Rainbow","Electrodynamics"],"picked":"Thunder Strike","floor":33.0},{"not_picked":["Sweeping Beam+1","Steam"],"picked":"Barrage+1","floor":35.0},{"not_picked":["Streamline","Steam+1"],"picked":"Go for the Eyes+1","floor":39.0},{"not_picked":["Melter","Barrage"],"picked":"Ball Lightning+1","floor":40.0},{"not_picked":["Compile Driver+1","Conserve Battery","Gash+1"],"picked":"Singing Bowl","floor":42.0},{"not_picked":["Turbo+1","Cold Snap+1"],"picked":"Double Energy","floor":44},{"not_picked":["Conserve Battery","Sweeping Beam+1","Redo"],"picked":"Singing Bowl","floor":46},{"not_picked":["Beam Cell","Reboot"],"picked":"Hologram+1","floor":48}],"player_experience":566921,"relics_obtained":[{"floor":7.0,"key":"Anchor"},{"floor":9.0,"key":"Oddly Smooth Stone"},{"floor":10.0,"key":"Girya"},{"floor":13.0,"key":"Pear"},{"floor":24.0,"key":"The Courier"},{"floor":26.0,"key":"Singing Bowl"},{"floor":43.0,"key":"Dodecahedron"}],"event_choices":[{"damage_healed":0.0,"max_hp_gain":0.0,"max_hp_loss":0.0,"gold_gain":0.0,"event_name":"The Woman in Blue","player_choice":"Bought 0 Potions","floor":4.0,"gold_loss":0.0,"damage_taken":0.0},{"damage_healed":0.0,"max_hp_gain":0.0,"max_hp_loss":0.0,"gold_gain":0.0,"event_name":"Drug Dealer","player_choice":"Inject Mutagens","floor":20.0,"gold_loss":0.0,"damage_taken":0.0,"relics_obtained":["MutagenicStrength"]},{"damage_healed":0.0,"max_hp_gain":0.0,"max_hp_loss":0.0,"gold_gain":0.0,"event_name":"Nest","player_choice":"Joined the Cult","floor":22.0,"gold_loss":0.0,"damage_taken":6.0,"cards_obtained":["RitualDagger"]},{"damage_healed":0.0,"max_hp_gain":0.0,"max_hp_loss":0.0,"gold_gain":0.0,"event_name":"Tomb of Lord Red Mask","player_choice":"Ignored","floor":36.0,"gold_loss":0.0,"damage_taken":0.0},{"damage_healed":0.0,"max_hp_gain":0.0,"max_hp_loss":0.0,"gold_gain":0.0,"cards_transformed":["Scrape"],"event_name":"Transmorgrifier","player_choice":"Transformed","floor":37.0,"gold_loss":0.0,"damage_taken":0.0,"cards_obtained":["Ball Lightning"]}],"is_beta":false,"boss_relics":[{"not_picked":["Runic Pyramid","Velvet Choker"],"picked":"Empty Cage"},{"not_picked":["Fusion Hammer","Philosopher\u0027s Stone"],"picked":"Sozu"}],"items_purged_floors":[],"is_endless":false,"potions_floor_spawned":[1,2,16,18,21,30,33,39,44,46],"killed_by":"Awakened One","ascension_level":6}