{"gold_per_floor":[115,90,109,128,144,177,187,212,235,260,277,277,288,302,302,398,398,410,158,174,174,23,23,50,50,50,50,50,50,65,65,65,65],"floor_reached":33,"playtime":3766,"items_purged":[],"score":303,"play_id":"8fb6de24-5b71-44b5-802b-502f10807e92","local_time":"20190301182220","is_ascension_mode":true,"campfire_choices":[{"data":"Conserve Battery","floor":12,"key":"SMITH"},{"floor":15,"key":"RECALL"},{"data":"Stack","floor":23,"key":"SMITH"},{"floor":27,"key":"REST"},{"floor":32,"key":"REST"}],"neow_cost":"NONE","seed_source_timestamp":192373265378400,"circlet_count":0,"master_deck":["Strike_B+1","Strike_B+1","Strike_B+1","Strike_B+1","Defend_B+1","Defend_B+1","Defend_B+1","Defend_B+1","Zap","Amplify","Self Repair","Stack","Force Field","Streamline","Beam Cell","Conserve Battery+1","Scrape","Steam","Lockon","Rebound","Ball Lightning","Stack+1","Electrodynamics","Melter","Leap","Necronomicurse","Glacier+1","Shame","Reprogram","Deep Breath","Ball Lightning","Echo Form"],"relics":["Cracked Core","Shuriken","Mummified Hand","Happy Flower","Dream Catcher","Philosopher\u0027s Stone","Mercury Hourglass","Necronomicon","Whetstone","Art of War","Ancient Tea Set"],"potions_floor_usage":[6,8,16,16,29,33],"damage_taken":[{"damage":4,"enemies":"Jaw Worm","floor":1,"turns":4},{"damage":2,"enemies":"2 Louse","floor":3,"turns":5},{"damage":5,"enemies":"Cultist","floor":4,"turns":4},{"damage":5,"enemies":"3 Louse","floor":5,"turns":4},{"damage":31,"enemies":"Gremlin Nob","floor":6,"turns":5},{"damage":0,"enemies":"Large Slime","floor":7,"turns":6},{"damage":17,"enemies":"Lagavulin","floor":8,"turns":6},{"damage":23,"enemies":"Gremlin Nob","floor":10,"turns":5},{"damage":15,"enemies":"Gremlin Gang","floor":11,"turns":7},{"damage":0,"enemies":"3 Louse","floor":13,"turns":3},{"damage":2,"enemies":"Lots of Slimes","floor":14,"turns":4},{"damage":35,"enemies":"The Guardian","floor":16,"turns":14},{"damage":10,"enemies":"Spheric Guardian","floor":18,"turns":4},{"damage":7,"enemies":"Chosen","floor":20,"turns":4},{"damage":38,"enemies":"Slavers","floor":24,"turns":5},{"damage":0,"enemies":"Snake Plant","floor":29,"turns":2},{"damage":13,"enemies":"Chosen and Byrds","floor":30,"turns":6},{"damage":61,"enemies":"Automaton","floor":33,"turns":8}],"seed_played":"-3098116398381897567","potions_obtained":[{"floor":3,"key":"FearPotion"},{"floor":7,"key":"Weak Potion"},{"floor":8,"key":"SmokeBomb"},{"floor":13,"key":"Swift Potion"},{"floor":14,"key":"AttackPotion"},{"floor":30,"key":"Regen Potion"}],"is_trial":false,"path_per_floor":["M","$","M","M","M","E","M","E","T","E","M","R","M","M","R","B",null,"M","$","M","?","$","R","E","?","T","R","?","M","M","?","R","B"],"character_chosen":"DEFECT","items_purchased":["Stack","Mercury Hourglass","Whetstone"],"campfire_rested":2,"item_purchase_floors":[2,19,22],"current_hp_per_floor":[71,71,75,75,70,53,60,50,50,34,33,33,40,38,38,10,75,72,72,72,56,56,56,25,25,25,47,33,33,34,34,56,0],"gold":65,"neow_bonus":"TRANSFORM_CARD","is_prod":false,"is_daily":false,"chose_seed":false,"campfire_upgraded":2,"win_rate":0,"timestamp":1551460940,"path_taken":["M","$","M","M","M","E","M","E","T","E","M","R","M","M","R","BOSS","M","$","M","?","$","R","E","?","T","R","?","M","?","?","R","BOSS"],"build_version":"2019-01-23","purchased_purges":0,"victory":false,"max_hp_per_floor":[75,75,75,75,75,75,75,75,75,75,75,75,75,75,75,75,75,75,75,75,75,75,75,75,75,75,75,75,75,75,75,75,75],"card_choices":[{"not_picked":["Compile Driver","Hello World"],"picked":"Self Repair","floor":1},{"not_picked":["Chaos","Static Discharge"],"picked":"Force Field","floor":3},{"not_picked":["Redo","Sweeping Beam"],"picked":"Streamline","floor":4},{"not_picked":["Gash","Glacier"],"picked":"Beam Cell","floor":5},{"not_picked":["Beam Cell","Compile Driver"],"picked":"Conserve Battery","floor":6},{"not_picked":["Turbo","Blizzard"],"picked":"Scrape","floor":7},{"not_picked":["Compile Driver","Cold Snap"],"picked":"Steam","floor":8},{"not_picked":["Echo Form","Streamline"],"picked":"Lockon","floor":10},{"not_picked":["Stack","Compile Driver"],"picked":"Rebound","floor":11},{"not_picked":["Fusion","Force Field"],"picked":"Ball Lightning","floor":13},{"not_picked":["Turbo","Hologram"],"picked":"Stack","floor":14},{"not_picked":["Amplify","Hyperbeam"],"picked":"Electrodynamics","floor":16},{"not_picked":["Redo","Steam+1"],"picked":"Melter","floor":18},{"not_picked":["Hologram","Melter"],"picked":"Leap","floor":20},{"not_picked":["Redo+1","Auto Shields"],"picked":"Glacier+1","floor":24},{"not_picked":["Cold Snap","Streamline"],"picked":"Reprogram","floor":27},{"not_picked":["Rebound","Gash"],"picked":"Ball Lightning","floor":30},{"not_picked":["Beam Cell","Compile Driver"],"picked":"Echo Form","floor":32}],"player_experience":506205,"relics_obtained":[{"floor":6,"key":"Shuriken"},{"floor":8,"key":"Mummified Hand"},{"floor":9,"key":"Happy Flower"},{"floor":10,"key":"Dream Catcher"},{"floor":21,"key":"Necronomicon"},{"floor":24,"key":"Art of War"}],"event_choices":[{"damage_healed":0,"gold_gain":0,"player_choice":"Obtained Book","damage_taken":16,"max_hp_gain":0,"max_hp_loss":0,"event_name":"Cursed Tome","floor":21,"gold_loss":0},{"damage_healed":0,"gold_gain":0,"player_choice":"Stole Relic","damage_taken":0,"relics_obtained":["Ancient Tea Set"],"max_hp_gain":0,"max_hp_loss":0,"event_name":"Addict","floor":25,"gold_loss":0,"cards_obtained":["Shame"]},{"damage_healed":0,"gold_gain":0,"player_choice":"CARD ","damage_taken":14,"max_hp_gain":0,"max_hp_loss":0,"event_name":"Knowing Skull","floor":28,"potions_obtained":[],"gold_loss":0,"cards_obtained":["Deep Breath"]},{"damage_healed":0,"gold_gain":0,"player_choice":"Simplicity","damage_taken":0,"max_hp_gain":0,"max_hp_loss":0,"event_name":"Back to Basics","floor":31,"gold_loss":0,"cards_upgraded":["Strike_B","Strike_B","Defend_B","Defend_B","Defend_B","Defend_B"]}],"is_beta":false,"boss_relics":[{"not_picked":["Coffee Dripper","FrozenCore"],"picked":"Philosopher\u0027s Stone"}],"items_purged_floors":[],"is_endless":false,"potions_floor_spawned":[3,7,8,13,14,29,30],"killed_by":"Automaton","ascension_level":1}