{"gold_per_floor":[114,125,125,141,161,161,188,199,199,199,232,232,41,61,61,135,135,151,169,84,102,102,130,130,189,257,292,303,321,339,354,354,431,431,443,274,274,324,32,58,81,81,158,178,178,197,229,248,248,248,248],"floor_reached":52,"playtime":2514,"items_purged":["Strike_R"],"score":2093,"play_id":"43c2bd60-2b6b-4719-84fe-3202a94f407f","local_time":"20181006014808","is_ascension_mode":true,"campfire_choices":[{"data":"Armaments","floor":6.0,"key":"SMITH"},{"data":"Demon Form","floor":12.0,"key":"SMITH"},{"data":"Metallicize","floor":15.0,"key":"SMITH"},{"data":"Bash","floor":24,"key":"SMITH"},{"data":"Clothesline","floor":32,"key":"SMITH"},{"floor":42,"key":"REST"},{"floor":45,"key":"REST"},{"floor":49,"key":"REST"}],"neow_cost":"NONE","seed_source_timestamp":0,"circlet_count":0,"master_deck":["Strike_R","Strike_R","Defend_R","Defend_R","Defend_R","Defend_R","Bash+1","AscendersBane","Blood for Blood","Armaments+1","Sword Boomerang","Headbutt","Sword Boomerang","Clothesline+1","Demon Form+1","Sword Boomerang+1","Metallicize+1","Impervious","Clothesline+1","Shrug It Off","Shrug It Off","Ghostly","Ghostly","Ghostly","Ghostly","Ghostly","Barricade+1","Disarm+1","Ghostly Armor","Shrug It Off+1"],"special_seed":0,"relics":["Burning Blood","Boot","Bronze Scales","Shuriken","Molten Egg 2","Sozu","Frozen Egg 2","Meat on the Bone","Tiny Chest","Kunai","Blue Candle","Fusion Hammer","Oddly Smooth Stone","Torii","Pear","Mummified Hand","Vajra","Letter Opener","Pantograph"],"potions_floor_usage":[23],"damage_taken":[{"damage":16.0,"enemies":"Jaw Worm","floor":1.0,"turns":7.0},{"damage":1.0,"enemies":"Cultist","floor":2.0,"turns":3.0},{"damage":3.0,"enemies":"2 Louse","floor":4.0,"turns":4.0},{"damage":9.0,"enemies":"Red Slaver","floor":5.0,"turns":3.0},{"damage":27.0,"enemies":"3 Sentries","floor":7.0,"turns":11.0},{"damage":2.0,"enemies":"Large Slime","floor":8.0,"turns":5.0},{"damage":15.0,"enemies":"Lagavulin","floor":11.0,"turns":6.0},{"damage":3.0,"enemies":"Blue Slaver","floor":14.0,"turns":3.0},{"damage":14.0,"enemies":"The Guardian","floor":16.0,"turns":7.0},{"damage":20.0,"enemies":"2 Thieves","floor":18.0,"turns":4.0},{"damage":0.0,"enemies":"Chosen","floor":19.0,"turns":3.0},{"damage":30,"enemies":"Snecko","floor":21,"turns":5},{"damage":2,"enemies":"Book of Stabbing","floor":23,"turns":5},{"damage":3,"enemies":"Slavers","floor":25,"turns":6},{"damage":5,"enemies":"Book of Stabbing","floor":27,"turns":6},{"damage":7,"enemies":"Chosen and Byrds","floor":28,"turns":4},{"damage":0,"enemies":"Snake Plant","floor":29,"turns":3},{"damage":1,"enemies":"Centurion and Healer","floor":30,"turns":6},{"damage":0,"enemies":"3 Cultists","floor":31,"turns":5},{"damage":0,"enemies":"Champ","floor":33,"turns":9},{"damage":5,"enemies":"3 Shapes","floor":35,"turns":5},{"damage":14,"enemies":"Mysterious Sphere","floor":38,"turns":5},{"damage":0,"enemies":"Nemesis","floor":40,"turns":9},{"damage":10,"enemies":"3 Darklings","floor":44,"turns":5},{"damage":2,"enemies":"Sphere and 2 Shapes","floor":46,"turns":5},{"damage":33,"enemies":"2 Orb Walkers","floor":47,"turns":7},{"damage":0,"enemies":"Reptomancer","floor":48,"turns":7},{"damage":37,"enemies":"Donu and Deca","floor":50,"turns":10},{"damage":6,"enemies":"Awakened One","floor":51,"turns":12}],"seed_played":"6783158700918365431","potions_obtained":[{"floor":1.0,"key":"LiquidBronze"},{"floor":2.0,"key":"Fire Potion"},{"floor":11.0,"key":"Fire Potion"}],"is_trial":false,"path_per_floor":["M","M","?","M","M","R","E","M","T","?","E","R","$","M","R","B",null,"M","M","?","M","?","E","R","E","T","E","M","M","M","M","R","B",null,"M","$","?","?","$","E","T","R","T","M","R","M","E","M","R","B","B"],"character_chosen":"IRONCLAD","items_purchased":["Sword Boomerang+1","Metallicize","Oddly Smooth Stone","Pear"],"campfire_rested":3,"item_purchase_floors":[13,13,36,39],"current_hp_per_floor":[58,63,63,66,63,63,42,46,46,46,37,37,37,40,40,32,64,50,56,56,32,32,36,36,37,37,37,36,37,37,37,37,37,37,37,37,37,29,39,45,45,47,47,43,47,47,32,38,47,28,47],"gold":248,"neow_bonus":"RANDOM_COMMON_RELIC","is_prod":false,"is_daily":false,"chose_seed":false,"campfire_upgraded":5,"win_rate":0,"timestamp":1538804888,"path_taken":["M","M","?","?","M","R","E","M","T","?","E","R","$","M","R","BOSS","M","?","?","M","?","E","R","E","T","E","M","?","?","M","R","BOSS","M","$","?","?","$","E","?","R","T","?","R","?","E","?","R","BOSS","BOSS"],"build_version":"2018-10-04","purchased_purges":1,"victory":true,"max_hp_per_floor":[75,75,75,75,75,75,75,75,75,75,75,75,75,75,75,75,75,75,75,75,75,37,37,37,37,37,37,37,37,37,37,37,37,37,37,37,37,37,47,47,47,47,47,47,47,47,47,47,47,47,47],"card_choices":[{"not_picked":["Rupture","Twin Strike"],"picked":"Blood for Blood","floor":1.0},{"not_picked":["Blood for Blood","Twin Strike"],"picked":"Armaments","floor":2.0},{"not_picked":["Flex","Anger"],"picked":"Sword Boomerang","floor":4.0},{"not_picked":["Exhume","Wild Strike"],"picked":"Headbutt","floor":5.0},{"not_picked":["Heavy Blade","Thunderclap"],"picked":"Sword Boomerang","floor":7.0},{"not_picked":["Cleave","Body Slam"],"picked":"Clothesline","floor":8.0},{"not_picked":["Seeing Red","Warcry"],"picked":"Demon Form","floor":11.0},{"not_picked":["Rampage+1","Pommel Strike+1","Clash+1"],"picked":"SKIP","floor":14.0},{"not_picked":["Brutality","Berserk"],"picked":"Impervious","floor":16.0},{"not_picked":["Inflame","Corruption"],"picked":"Clothesline+1","floor":18.0},{"not_picked":["Anger+1","Cleave+1"],"picked":"Shrug It Off","floor":19.0},{"not_picked":["Burning Pact","Whirlwind+1"],"picked":"Shrug It Off","floor":21},{"not_picked":["Rage","True Grit","Body Slam+1"],"picked":"SKIP","floor":23},{"not_picked":["Flame Barrier","Rampage+1","Flex+1"],"picked":"SKIP","floor":25},{"not_picked":["Havoc","Thunderclap+1","Shrug It Off"],"picked":"SKIP","floor":27},{"not_picked":["Ghostly Armor","Heavy Blade+1","True Grit"],"picked":"SKIP","floor":28},{"not_picked":["Ghostly Armor","Heavy Blade+1","True Grit"],"picked":"SKIP","floor":28},{"not_picked":["Thunderclap+1","Shockwave","Searing Blow+1"],"picked":"SKIP","floor":29},{"not_picked":["Warcry","True Grit"],"picked":"Barricade+1","floor":30},{"not_picked":["Rampage+1","Heavy Blade+1","Twin Strike+1"],"picked":"SKIP","floor":31},{"not_picked":["Intimidate","Second Wind","Heavy Blade+1"],"picked":"SKIP","floor":35},{"not_picked":["Iron Wave+1","Power Through+1"],"picked":"Disarm+1","floor":40},{"not_picked":["Sword Boomerang+1","Body Slam+1","Dropkick+1"],"picked":"SKIP","floor":44},{"not_picked":["Clothesline+1","Body Slam+1"],"picked":"Ghostly Armor","floor":46},{"not_picked":["Spot Weakness","Armaments","Anger+1"],"picked":"SKIP","floor":47},{"not_picked":["Rupture+1","Twin Strike+1"],"picked":"Shrug It Off+1","floor":48}],"player_experience":663043,"relics_obtained":[{"floor":7.0,"key":"Bronze Scales"},{"floor":9.0,"key":"Shuriken"},{"floor":11.0,"key":"Molten Egg 2"},{"floor":23,"key":"Meat on the Bone"},{"floor":25,"key":"Tiny Chest"},{"floor":26,"key":"Kunai"},{"floor":27,"key":"Blue Candle"},{"floor":38,"key":"Torii"},{"floor":40,"key":"Mummified Hand"},{"floor":41,"key":"Vajra"},{"floor":43,"key":"Letter Opener"},{"floor":47,"key":"Pantograph"}],"event_choices":[{"event_name":"Bonfire Elementals","player_choice":"BASIC","floor":3.0,"damage_taken":0.0},{"event_name":"Shining Light","player_choice":"Ignored","floor":10.0,"damage_taken":0.0},{"event_name":"Addict","player_choice":"Obtained Relic","floor":20.0,"damage_taken":0.0},{"event_name":"Ghosts","player_choice":"Became a Ghost","floor":22,"damage_taken":0},{"event_name":"Purifier","player_choice":"One Purge","floor":37,"damage_taken":0},{"event_name":"Mysterious Sphere","player_choice":"Fight","floor":38,"damage_taken":0}],"is_beta":true,"boss_relics":[{"not_picked":["Ectoplasm","Astrolabe"],"picked":"Sozu"},{"not_picked":["Tiny House","Cursed Key"],"picked":"Fusion Hammer"}],"items_purged_floors":[13],"is_endless":false,"potions_floor_spawned":[1,2,11,14,18,19,23,28,30,44,46,47],"ascension_level":20}