{"path_per_floor":["M","?","M","?","M","R","$","M","T","R","$","M","?","M","R","B",null,"M","M","?","M","?","R","$","M","T","$","M","M","R","M","R","B",null,"M","?","M"],"character_chosen":"THE_SILENT","items_purchased":["Caltrops","Blur","Predator","Footwork"],"gold_per_floor":[109,184,202,202,213,213,21,40,40,40,1,18,18,31,31,127,127,102,122,22,40,40,40,40,59,59,59,77,96,96,108,108,207,207,225,225,237],"floor_reached":38,"campfire_rested":5,"playtime":3269,"current_hp_per_floor":[69,58,58,55,55,70,70,62,62,62,62,61,61,49,70,33,70,53,52,52,30,30,51,51,19,19,19,9,8,29,20,41,18,70,56,56,13],"items_purged":[],"gold":237,"play_id":"3a508fe5-a326-4d09-a5ff-4e603ce5879d","is_prod":false,"is_daily":false,"is_ascension_mode":false,"campfire_upgraded":1,"path_taken":["M","?","M","?","M","R","?","?","T","R","$","M","?","?","R","BOSS","M","M","?","M","?","R","?","?","T","$","M","M","R","M","R","BOSS","M","?","M","?"],"build_version":"2018-01-25-PROD2","purchased_purges":0,"victory":false,"master_deck":["Defend_G","Defend_G","Defend_G","Defend_G","Defend_G","Strike_G","Strike_G","Survivor","Neutralize","Leg Sweep","Terror","Backflip","Caltrops","Blur","Predator","Outmaneuver+1","Footwork","Flying Knee","Escape Plan","After Image","Deadly Poison+1","Noxious Fumes","J.A.X.","Caltrops+1","Acrobatics","Flying Knee+1","Noxious Fumes+1","Outmaneuver","Tools of the Trade","Flechettes+1","Doppelganger+1","Dash+1","Dagger Throw+1","Blur"],"max_hp_per_floor":[70,70,70,70,70,70,70,70,70,70,70,70,70,70,70,70,70,70,70,70,70,70,70,70,70,70,70,70,70,70,70,70,70,70,70,70,70],"relics":["Ring of the Snake","Prayer Wheel","Torii","Cursed Key","Astrolabe"],"card_choices":[{"not_picked":["Crippling Poison","All Out Attack"],"picked":"Leg Sweep"},{"not_picked":["Well Laid Plans","Distraction"],"picked":"Terror"},{"not_picked":["Deflect","Flechettes"],"picked":"Backflip"},{"not_picked":["Distraction","Riddle With Holes"],"picked":"Predator"},{"not_picked":["Acrobatics","Prepared"],"picked":"Outmaneuver"},{"not_picked":["Glass Knife","Poisoned Stab"],"picked":"Flying Knee"},{"not_picked":["Dagger Spray","All Out Attack"],"picked":"Escape Plan"},{"not_picked":["Night Terror","Glass Knife"],"picked":"After Image"},{"not_picked":["Poisoned Stab","Eviscerate"],"picked":"Deadly Poison"},{"not_picked":["Leg Sweep","Poisoned Stab"],"picked":"Noxious Fumes"},{"not_picked":["Crippling Poison","Leg Sweep"],"picked":"Caltrops"},{"not_picked":["Deflect","Blur"],"picked":"Acrobatics"},{"not_picked":["Poisoned Stab","Slice"],"picked":"Flying Knee"},{"not_picked":["Calculated Gamble","Deadly Poison"],"picked":"Noxious Fumes"},{"not_picked":["Blade Dance","Finisher"],"picked":"Outmaneuver"},{"not_picked":["Adrenaline","Burst"],"picked":"Tools of the Trade"},{"not_picked":["Bouncing Flask","Deadly Poison"],"picked":"Dagger Throw"},{"not_picked":["Blade Dance","Deadly Poison"],"picked":"Blur"}],"player_experience":12189,"potions_floor_usage":[16,29,33,33,33],"damage_taken":[{"damage":1,"enemies":"Jaw Worm","floor":1,"turns":5},{"damage":0,"enemies":"Small Slimes","floor":3,"turns":5},{"damage":0,"enemies":"2 Louse","floor":5,"turns":3},{"damage":8,"enemies":"2 Fungi Beasts","floor":8,"turns":6},{"damage":1,"enemies":"Large Slime","floor":12,"turns":7},{"damage":12,"enemies":"Exordium Wildlife","floor":14,"turns":6},{"damage":37,"enemies":"Slime Boss","floor":16,"turns":12},{"damage":17,"enemies":"2 Thieves","floor":18,"turns":5},{"damage":1,"enemies":"Spheric Guardian","floor":19,"turns":7},{"damage":22,"enemies":"3 Cultists","floor":21,"turns":6},{"damage":32,"enemies":"Centurion and Healer","floor":25,"turns":4},{"damage":10,"enemies":"Snake Plant","floor":28,"turns":3},{"damage":16,"enemies":"Sentry and Sphere","floor":29,"turns":6},{"damage":9,"enemies":"Chosen and Byrds","floor":31,"turns":6},{"damage":38,"enemies":"Automaton","floor":33,"turns":11},{"damage":14,"enemies":"Orb Walker","floor":35,"turns":3},{"damage":43,"enemies":"3 Darklings","floor":37,"turns":5},{"damage":15,"enemies":"Sphere and 2 Shapes","floor":38,"turns":2}],"event_choices":[{"event_name":"World of Goop","player_choice":"Gather Gold","floor":2,"damage_taken":0},{"event_name":"Scrap Ooze","player_choice":"success","floor":4,"damage_taken":3},{"event_name":"The Cleric","player_choice":"Leave","floor":13,"damage_taken":0},{"event_name":"Drug Dealer","player_choice":"Got JAXXED","floor":20,"damage_taken":0},{"event_name":"The Lab","player_choice":"Got Potions","floor":22,"damage_taken":0}],"boss_relics":[{"not_picked":["Calling Bell","Velvet Choker"],"picked":"Cursed Key"},{"not_picked":["Runic Pyramid","Tiny House"],"picked":"Astrolabe"}],"potions_floor_spawned":[1,3,5,18,28,29,31,35,37],"seed_played":"6347016002665116374","killed_by":"Sphere and 2 Shapes","ascension_level":0,"is_trial":false}