{"gold_per_floor":[109,109,128,145,162,194,194,228,228,228,153,153,176,187,187,187],"floor_reached":16,"playtime":1110,"items_purged":["Strike_G"],"score":110,"play_id":"0cbd8d6b-b966-40e1-9ac8-3df97f72e10d","local_time":"20190321094012","is_ascension_mode":false,"campfire_choices":[{"floor":12,"key":"REST"},{"floor":15,"key":"REST"}],"neow_cost":"NONE","seed_source_timestamp":487149245439437,"circlet_count":0,"master_deck":["Defend_G","Defend_G","Defend_G","Defend_G","Defend_G","Strike_G","Strike_G","Strike_G","Survivor","Neutralize","Poisoned Stab","Deadly Poison","Skewer","Poisoned Stab","Deflect","Deflect","PiercingWail","Unload","Flying Knee","Deflect","Deadly Poison","Leg Sweep","Malaise"],"relics":["Orrery","Strawberry","Prayer Wheel","Frozen Egg 2","Pen Nib"],"potions_floor_usage":[],"damage_taken":[{"damage":3,"enemies":"Jaw Worm","floor":1,"turns":3},{"damage":0,"enemies":"Cultist","floor":3,"turns":3},{"damage":0,"enemies":"Small Slimes","floor":4,"turns":3},{"damage":0,"enemies":"Looter","floor":5,"turns":3},{"damage":22,"enemies":"Gremlin Nob","floor":6,"turns":4},{"damage":20,"enemies":"Lagavulin","floor":8,"turns":6},{"damage":8,"enemies":"Gremlin Gang","floor":14,"turns":5},{"damage":36,"enemies":"Slime Boss","floor":16,"turns":7}],"seed_played":"1021668522607523032","potions_obtained":[{"floor":4,"key":"LiquidBronze"},{"floor":5,"key":"SpeedPotion"},{"floor":6,"key":"Block Potion"}],"is_trial":false,"path_per_floor":["M","?","M","M","M","E","?","E","T","?","$","R","T","M","R","B"],"character_chosen":"THE_SILENT","items_purchased":[],"campfire_rested":2,"item_purchase_floors":[],"current_hp_per_floor":[67,67,67,67,67,52,52,32,32,32,32,55,55,47,70,34],"gold":187,"neow_bonus":"BOSS_RELIC","is_prod":false,"is_daily":false,"chose_seed":false,"campfire_upgraded":0,"win_rate":0.0,"timestamp":1553179212,"path_taken":["M","?","M","M","?","E","?","E","T","?","$","R","?","M","R","BOSS"],"build_version":"2019-01-23","purchased_purges":1,"victory":false,"max_hp_per_floor":[70,70,70,70,70,77,77,77,77,77,77,77,77,77,77,77],"card_choices":[{"not_picked":["Deflect","Dodge and Roll"],"picked":"Poisoned Stab","floor":0},{"not_picked":["Dodge and Roll","All Out Attack"],"picked":"Deadly Poison","floor":0},{"not_picked":["Phantasmal Killer","Heel Hook"],"picked":"Skewer","floor":0},{"not_picked":["Flying Knee","Prepared"],"picked":"Poisoned Stab","floor":0},{"not_picked":["Tactician","Masterful Stab"],"picked":"Deflect","floor":0},{"not_picked":["Blade Dance","Distraction"],"picked":"Deflect","floor":1},{"not_picked":["Crippling Poison","Well Laid Plans"],"picked":"PiercingWail","floor":3},{"not_picked":["Deadly Poison","Underhanded Strike"],"picked":"Unload","floor":4},{"not_picked":["Poisoned Stab","Prepared"],"picked":"Flying Knee","floor":5},{"not_picked":["Dagger Spray","Blade Dance"],"picked":"Deflect","floor":6},{"not_picked":["PiercingWail","Escape Plan"],"picked":"Deadly Poison","floor":8},{"not_picked":["Reflex","Outmaneuver"],"picked":"Leg Sweep","floor":14},{"not_picked":["Deadly Poison","Blur"],"picked":"Malaise","floor":14}],"player_experience":46423,"relics_obtained":[{"floor":6,"key":"Strawberry"},{"floor":8,"key":"Prayer Wheel"},{"floor":9,"key":"Frozen Egg 2"},{"floor":13,"key":"Pen Nib"}],"event_choices":[{"damage_healed":0,"gold_gain":0,"player_choice":"Bought 0 Potions","damage_taken":0,"max_hp_gain":0,"max_hp_loss":0,"event_name":"The Woman in Blue","floor":2,"gold_loss":0},{"cards_removed":["Strike_G"],"damage_healed":0,"gold_gain":0,"player_choice":"Forget","damage_taken":0,"max_hp_gain":0,"max_hp_loss":0,"event_name":"Living Wall","floor":7,"gold_loss":0},{"damage_healed":0,"gold_gain":0,"player_choice":"Ignored","damage_taken":0,"max_hp_gain":0,"max_hp_loss":0,"event_name":"Golden Idol","floor":10,"gold_loss":0}],"is_beta":false,"boss_relics":[],"items_purged_floors":[11],"is_endless":false,"potions_floor_spawned":[4,5,6],"killed_by":"Slime Boss","ascension_level":0}