{"gold_per_floor":[20,31,106,106,28,53,69,69,94,94,129,129,162,162],"floor_reached":14,"playtime":479,"items_purged":[],"score":138,"play_id":"e3a268f5-7c75-4c94-9e4a-8b0ef97af5c6","local_time":"20190320211352","is_ascension_mode":true,"campfire_choices":[{"floor":8,"key":"REST"},{"data":"Defragment","floor":10,"key":"SMITH"}],"neow_cost":"NO_GOLD","seed_source_timestamp":966293929298898,"circlet_count":0,"master_deck":["Strike_B","Strike_B+1","Strike_B","Strike_B+1","Defend_B","Defend_B+1","Defend_B","Defend_B","Zap","Dualcast","Deep Breath","Deep Breath","Reprogram","Defragment","Defragment+1","Leap","Streamline","Fission","Auto Shields"],"relics":["Cracked Core","PreservedInsect","Whetstone","Mercury Hourglass","Regal Pillow"],"potions_floor_usage":[6,13,14],"damage_taken":[{"damage":2,"enemies":"Jaw Worm","floor":1,"turns":3},{"damage":0,"enemies":"2 Louse","floor":2,"turns":3},{"damage":35,"enemies":"Lagavulin","floor":6,"turns":6},{"damage":1,"enemies":"Cultist","floor":7,"turns":4},{"damage":20,"enemies":"3 Sentries","floor":11,"turns":6},{"damage":18,"enemies":"Lagavulin","floor":13,"turns":4},{"damage":10,"enemies":"Large Slime","floor":14,"turns":3}],"seed_played":"1035177587438020988","potions_obtained":[{"floor":1,"key":"LiquidBronze"},{"floor":2,"key":"FearPotion"},{"floor":6,"key":"Ancient Potion"},{"floor":13,"key":"GamblersBrew"}],"is_trial":false,"path_per_floor":["M","M","?","?","$","E","M","R","T","R","E","?","E","M"],"character_chosen":"DEFECT","items_purchased":["Defragment"],"campfire_rested":1,"item_purchase_floors":[5],"current_hp_per_floor":[66,66,55,55,55,20,19,41,41,41,21,21,3,0],"gold":162,"neow_bonus":"RANDOM_COLORLESS_2","is_prod":false,"is_daily":false,"chose_seed":false,"campfire_upgraded":1,"win_rate":0,"timestamp":1553130832,"path_taken":["M","M","?","?","$","E","M","R","T","R","E","?","E","M"],"build_version":"2019-01-23","purchased_purges":0,"victory":false,"max_hp_per_floor":[75,75,75,75,75,75,75,75,75,75,75,75,75,75],"card_choices":[{"not_picked":["Gash","Blizzard"],"picked":"Reprogram","floor":1},{"not_picked":["Melter","Glacier"],"picked":"Defragment","floor":2},{"not_picked":["Beam Cell","Coolheaded"],"picked":"Leap","floor":6},{"not_picked":["Rebound","Stack"],"picked":"Streamline","floor":7},{"not_picked":["Leap","Barrage"],"picked":"Fission","floor":11},{"not_picked":["Turbo","FTL"],"picked":"Auto Shields","floor":13}],"player_experience":318563,"relics_obtained":[{"floor":6,"key":"PreservedInsect"},{"floor":9,"key":"Whetstone"},{"floor":11,"key":"Mercury Hourglass"},{"floor":13,"key":"Regal Pillow"}],"event_choices":[{"damage_healed":0,"gold_gain":75,"player_choice":"Gather Gold","damage_taken":11,"max_hp_gain":0,"max_hp_loss":0,"event_name":"World of Goop","floor":3,"gold_loss":0},{"damage_healed":0,"gold_gain":0,"player_choice":"Ignored","damage_taken":0,"max_hp_gain":0,"max_hp_loss":0,"event_name":"Golden Wing","floor":4,"gold_loss":0},{"damage_healed":0,"gold_gain":0,"player_choice":"Upgraded","damage_taken":0,"max_hp_gain":0,"max_hp_loss":0,"event_name":"Upgrade Shrine","floor":12,"gold_loss":0,"cards_upgraded":["Defend_B"]}],"is_beta":false,"boss_relics":[],"items_purged_floors":[],"is_endless":false,"potions_floor_spawned":[1,2,6,13],"killed_by":"Large Slime","ascension_level":6}