{"gold_per_floor":[114,61,61,19,30,58,58,58,58,58,72,105,105,139,139,214,214,225,225,225,39,53,53,53,78,78,278,278,153,153,153,153,227,227,239,131,149,167,167,167,167,167,167,181,215,215,231,231,231,231,231],"floor_reached":52,"playtime":2746,"items_purged":["Clumsy"],"score":2070,"play_id":"f51f1c7f-73d2-4ac5-ab37-f23568ecb8f6","local_time":"20190323192031","is_ascension_mode":true,"campfire_choices":[{"floor":7.0,"key":"REST"},{"data":"True Grit","floor":10.0,"key":"SMITH"},{"data":"Feed","floor":13.0,"key":"SMITH"},{"floor":15.0,"key":"REST"},{"data":"Fiend Fire","floor":23.0,"key":"SMITH"},{"floor":28.0,"key":"REST"},{"data":"Infernal Blade","floor":30.0,"key":"SMITH"},{"data":"Offering","floor":32.0,"key":"SMITH"},{"floor":42.0,"key":"REST"},{"floor":49.0,"key":"REST"}],"neow_cost":"CURSE","seed_source_timestamp":668836171198600,"circlet_count":0,"master_deck":["AscendersBane","Defend_R+1","Defend_R+1","Defend_R+1","Defend_R+1","Pummel+1","True Grit+1","Burning Pact","Pommel Strike","Battle Trance","Feed+1","Reckless Charge+1","Offering+1","Fiend Fire+1","Warcry+1","Entrench","Seeing Red","Bandage Up","Evolve","Infernal Blade+1","Shrug It Off","Bite","Bite","Bite","Bite","Bite","Impervious","Seeing Red","Panacea","Feel No Pain+1","Warcry+1"],"special_seed":0,"relics":["Burning Blood","Dead Branch","Juzu Bracelet","Strawberry","Question Card","Red Skull","Magic Flower","Mark of Pain","Letter Opener","Whetstone","Fusion Hammer","Dodecahedron","Unceasing Top","Dream Catcher"],"potions_floor_usage":[51],"damage_taken":[{"damage":7.0,"enemies":"Small Slimes","floor":1.0,"turns":3.0},{"damage":10.0,"enemies":"Cultist","floor":5.0,"turns":5.0},{"damage":23.0,"enemies":"Lagavulin","floor":6.0,"turns":9.0},{"damage":9.0,"enemies":"Jaw Worm","floor":11.0,"turns":3.0},{"damage":22.0,"enemies":"3 Sentries","floor":12.0,"turns":6.0},{"damage":19.0,"enemies":"Lagavulin","floor":14.0,"turns":8.0},{"damage":48.0,"enemies":"The Guardian","floor":16.0,"turns":13.0},{"damage":17.0,"enemies":"Spheric Guardian","floor":18.0,"turns":3.0},{"damage":12.0,"enemies":"3 Byrds","floor":22.0,"turns":3.0},{"damage":49.0,"enemies":"Gremlin Leader","floor":25.0,"turns":3.0},{"damage":6.0,"enemies":"Automaton","floor":33.0,"turns":5.0},{"damage":16.0,"enemies":"Orb Walker","floor":35.0,"turns":2.0},{"damage":20.0,"enemies":"3 Shapes","floor":37.0,"turns":5.0},{"damage":22.0,"enemies":"Spire Growth","floor":38.0,"turns":3.0},{"damage":6.0,"enemies":"Jaw Worm Horde","floor":44.0,"turns":3.0},{"damage":40.0,"enemies":"Reptomancer","floor":45.0,"turns":4.0},{"damage":15.0,"enemies":"Sphere and 2 Shapes","floor":47.0,"turns":4.0},{"damage":6.0,"enemies":"Awakened One","floor":50.0,"turns":7.0},{"damage":32,"enemies":"Donu and Deca","floor":51,"turns":10}],"seed_played":"-8446088030624298890","potions_obtained":[{"floor":5.0,"key":"Dexterity Potion"},{"floor":11.0,"key":"SpeedPotion"},{"floor":14.0,"key":"SkillPotion"},{"floor":33.0,"key":"SpeedPotion"},{"floor":35.0,"key":"Strength Potion"}],"is_trial":false,"path_per_floor":["M","$","?","$","M","E","R","?","T","R","M","E","R","E","R","B",null,"M","?","?","$","M","R","$","E","T","?","R","$","R","?","R","B",null,"M","$","M","M","?","?","T","R","T","M","E","?","M","?","R","B","B",null],"character_chosen":"IRONCLAD","items_purchased":["True Grit","Burning Pact","Seeing Red","Bandage Up","Shrug It Off","Panacea"],"campfire_rested":5,"item_purchase_floors":[2,4,21,21,29,36],"current_hp_per_floor":[67,67,67,67,63,46,68,75,75,75,72,60,60,47,72,33,73,65,65,65,65,74,74,74,40,40,40,67,67,67,63,63,63,63,65,65,56,52,52,52,52,67,67,67,48,48,63,63,75,75,67],"gold":231,"neow_bonus":"ONE_RARE_RELIC","is_prod":false,"is_daily":false,"chose_seed":false,"campfire_upgraded":5,"win_rate":0,"timestamp":1553383231,"path_taken":["M","$","?","$","M","E","R","?","T","R","M","E","R","E","R","BOSS","M","?","?","$","M","R","$","E","T","?","R","?","R","?","R","BOSS","M","$","M","M","?","?","?","R","T","M","E","?","M","?","R","BOSS","BOSS"],"build_version":"2019-03-15","purchased_purges":1,"victory":true,"max_hp_per_floor":[75,75,75,75,75,75,75,82,82,82,82,86,86,86,86,86,86,86,86,86,86,90,90,90,90,90,90,90,90,90,63,63,63,63,67,67,67,67,67,67,67,67,67,67,71,71,75,75,75,75,75],"card_choices":[{"not_picked":["Perfected Strike","Twin Strike"],"picked":"Pummel","floor":1.0},{"not_picked":["Twin Strike","Heavy Blade"],"picked":"Pommel Strike","floor":5.0},{"not_picked":["Clothesline","Evolve"],"picked":"Battle Trance","floor":6.0},{"not_picked":["Twin Strike","Intimidate","Inflame"],"picked":"Feed","floor":11.0},{"not_picked":["Headbutt","Perfected Strike","Heavy Blade"],"picked":"Reckless Charge","floor":12.0},{"not_picked":["Blood for Blood","Cleave","Body Slam"],"picked":"Offering","floor":14.0},{"not_picked":["Berserk","Immolate","Brutality"],"picked":"Fiend Fire","floor":16.0},{"not_picked":["Rage","Fire Breathing","Iron Wave"],"picked":"Warcry+1","floor":18.0},{"not_picked":["Wild Strike","Flex","Cleave"],"picked":"Evolve","floor":22.0},{"not_picked":["Flame Barrier","True Grit","Battle Trance"],"picked":"Infernal Blade","floor":25.0},{"not_picked":["Juggernaut","Bludgeon","Barricade"],"picked":"Impervious","floor":33.0},{"not_picked":["Cleave","Heavy Blade","Sword Boomerang"],"picked":"Seeing Red","floor":35.0},{"not_picked":["Searing Blow+1","Pommel Strike","Rage","Rampage"],"picked":"SKIP","floor":37.0},{"not_picked":["Anger","Battle Trance","Sword Boomerang"],"picked":"Feel No Pain","floor":38.0},{"not_picked":["Havoc","Combust","Whirlwind+1"],"picked":"Warcry+1","floor":44.0},{"not_picked":["Pommel Strike+1","Sword Boomerang","Berserk","Headbutt"],"picked":"SKIP","floor":45.0},{"not_picked":["Cleave","Dropkick+1","Heavy Blade+1","Anger"],"picked":"SKIP","floor":47.0}],"player_experience":679118,"relics_obtained":[{"floor":6.0,"key":"Juzu Bracelet"},{"floor":9.0,"key":"Question Card"},{"floor":12.0,"key":"Red Skull"},{"floor":14.0,"key":"Magic Flower"},{"floor":25.0,"key":"Letter Opener"},{"floor":26.0,"key":"Whetstone"},{"floor":41.0,"key":"Dodecahedron"},{"floor":43.0,"key":"Unceasing Top"},{"floor":45.0,"key":"Dream Catcher"}],"event_choices":[{"damage_healed":0.0,"max_hp_gain":0.0,"max_hp_loss":0.0,"gold_gain":0.0,"event_name":"The Cleric","player_choice":"Leave","floor":3.0,"gold_loss":0.0,"damage_taken":0.0},{"damage_healed":0.0,"max_hp_gain":0.0,"max_hp_loss":0.0,"gold_gain":0.0,"event_name":"WeMeetAgain","player_choice":"Gave Potion","floor":8.0,"gold_loss":0.0,"damage_taken":0.0,"relics_obtained":["Strawberry"]},{"damage_healed":0.0,"max_hp_gain":0.0,"max_hp_loss":0.0,"gold_gain":0.0,"event_name":"Back to Basics","player_choice":"Simplicity","floor":19.0,"gold_loss":0.0,"damage_taken":0.0,"cards_upgraded":["Strike_R","Strike_R","Strike_R","Strike_R","Strike_R","Defend_R","Defend_R","Defend_R","Defend_R"]},{"damage_healed":0.0,"max_hp_gain":0.0,"max_hp_loss":0.0,"gold_gain":0.0,"cards_transformed":["Strike_R"],"event_name":"Transmorgrifier","player_choice":"Transformed","floor":20.0,"gold_loss":0.0,"damage_taken":0.0,"cards_obtained":["Entrench"]},{"damage_healed":0.0,"max_hp_gain":0.0,"max_hp_loss":0.0,"gold_gain":250.0,"event_name":"The Joust","player_choice":"Bet on Owner","floor":27.0,"gold_loss":50.0,"damage_taken":0.0},{"damage_healed":0.0,"max_hp_gain":0.0,"max_hp_loss":27.0,"gold_gain":0.0,"event_name":"Vampires","player_choice":"Became a vampire","floor":31.0,"gold_loss":0.0,"damage_taken":0.0,"cards_obtained":["Bite","Bite","Bite","Bite","Bite"]},{"cards_removed":["Bash"],"damage_healed":0.0,"max_hp_gain":0.0,"max_hp_loss":0.0,"gold_gain":0.0,"event_name":"Falling","player_choice":"Removed Attack","floor":39.0,"gold_loss":0.0,"damage_taken":0.0},{"damage_healed":0.0,"max_hp_gain":0.0,"max_hp_loss":0.0,"gold_gain":0.0,"event_name":"Mysterious Sphere","player_choice":"Ignored","floor":40.0,"gold_loss":0.0,"damage_taken":0.0},{"damage_healed":0.0,"max_hp_gain":0.0,"max_hp_loss":0.0,"gold_gain":0.0,"event_name":"Upgrade Shrine","player_choice":"Upgraded","floor":46.0,"gold_loss":0.0,"damage_taken":0.0,"cards_upgraded":["Feel No Pain"]},{"damage_healed":0.0,"max_hp_gain":0.0,"max_hp_loss":0.0,"gold_gain":0.0,"event_name":"FaceTrader","player_choice":"Leave","floor":48.0,"gold_loss":0.0,"damage_taken":0.0}],"is_beta":true,"boss_relics":[{"not_picked":["Astrolabe","Sozu"],"picked":"Mark of Pain"},{"not_picked":["Tiny House","Velvet Choker"],"picked":"Fusion Hammer"}],"items_purged_floors":[29],"is_endless":false,"potions_floor_spawned":[5,11,14,33,35,47],"ascension_level":20}