{"gold_per_floor":[111,123,123,136,151,151,176,196,196,196,196,215,290,317,317,390,390,403,403,403,414,464,464,481,496,496,137,137],"floor_reached":28,"playtime":993,"items_purged":["Strike_R"],"score":460,"play_id":"222d6578-b1d8-4088-aeeb-a457be63a10f","local_time":"20190125002148","is_ascension_mode":true,"campfire_choices":[{"data":"Bash","floor":6.0,"key":"SMITH"},{"floor":11.0,"key":"REST"},{"data":"Inflame","floor":15.0,"key":"SMITH"},{"floor":23.0,"key":"REST"}],"neow_cost":"PERCENT_DAMAGE","seed_source_timestamp":4093157249938,"circlet_count":0,"master_deck":["AscendersBane","Defend_R","Defend_R","Defend_R","Defend_R","Bash+1","Twin Strike","Cleave","Spot Weakness","Inflame+1","Anger","Shrug It Off","Brutality","Sever Soul+1","Feel No Pain+1","Rampage+1","Sword Boomerang+1","Clothesline","True Grit","Corruption","Power Through"],"special_seed":0,"relics":["Burning Blood","Champion Belt","Nunchaku","Pantograph","Pear","Astrolabe","MutagenicStrength","Meat on the Bone","Bag of Marbles"],"potions_floor_usage":[25,28,28],"damage_taken":[{"damage":5.0,"enemies":"2 Louse","floor":1.0,"turns":4.0},{"damage":4.0,"enemies":"Cultist","floor":2.0,"turns":4.0},{"damage":2.0,"enemies":"Jaw Worm","floor":4.0,"turns":4.0},{"damage":14.0,"enemies":"Large Slime","floor":5.0,"turns":7.0},{"damage":24.0,"enemies":"Gremlin Nob","floor":7.0,"turns":4.0},{"damage":10.0,"enemies":"2 Fungi Beasts","floor":8.0,"turns":4.0},{"damage":14.0,"enemies":"Red Slaver","floor":12.0,"turns":5.0},{"damage":18.0,"enemies":"3 Sentries","floor":14.0,"turns":4.0},{"damage":45.0,"enemies":"The Guardian","floor":16.0,"turns":13.0},{"damage":12.0,"enemies":"Chosen","floor":18.0,"turns":5.0},{"damage":32.0,"enemies":"2 Thieves","floor":21.0,"turns":4.0},{"damage":19.0,"enemies":"Centurion and Healer","floor":24.0,"turns":6.0},{"damage":18,"enemies":"Snake Plant","floor":25,"turns":2},{"damage":57,"enemies":"Slavers","floor":28,"turns":3}],"seed_played":"7662575722661091384","potions_obtained":[{"floor":2.0,"key":"GamblersBrew"},{"floor":8.0,"key":"PowerPotion"},{"floor":16.0,"key":"Strength Potion"},{"floor":21.0,"key":"SteroidPotion"},{"floor":25,"key":"Weak Potion"}],"is_trial":false,"path_per_floor":["M","M","?","M","M","R","E","M","T","?","R","M","?","E","R","B",null,"M","?","?","M","?","R","M","M","T","$","E"],"character_chosen":"IRONCLAD","items_purchased":["Corruption","Power Through","Bag of Marbles"],"campfire_rested":2,"item_purchase_floors":[27,27,27],"current_hp_per_floor":[51,53,53,57,49,49,31,27,27,32,56,48,37,35,35,21,73,67,67,67,41,41,68,55,43,43,43,0],"gold":137,"neow_bonus":"ONE_RARE_RELIC","is_prod":false,"is_daily":false,"chose_seed":false,"campfire_upgraded":2,"win_rate":0,"timestamp":1548393708,"path_taken":["M","M","?","?","M","R","E","M","T","?","R","M","?","E","R","BOSS","M","?","?","M","?","R","?","M","T","$","E"],"build_version":"2019-01-23","purchased_purges":1,"victory":false,"max_hp_per_floor":[75,75,75,75,75,75,75,75,75,80,80,80,80,90,90,90,90,90,90,90,90,90,90,90,90,90,90,90],"card_choices":[{"not_picked":["Body Slam","Havoc"],"picked":"Twin Strike","floor":1.0},{"not_picked":["Warcry","Blood for Blood"],"picked":"Cleave","floor":2.0},{"not_picked":["Perfected Strike","Infernal Blade","Sword Boomerang"],"picked":"SKIP","floor":4.0},{"not_picked":["Body Slam","Anger"],"picked":"Spot Weakness","floor":5.0},{"not_picked":["Thunderclap","True Grit"],"picked":"Inflame","floor":7.0},{"not_picked":["Searing Blow","Anger","Feel No Pain"],"picked":"SKIP","floor":8.0},{"not_picked":["Warcry","Pommel Strike"],"picked":"Anger","floor":12.0},{"not_picked":["Rupture","Exhume"],"picked":"Shrug It Off","floor":14.0},{"not_picked":["Dark Embrace","Bludgeon"],"picked":"Brutality","floor":16.0},{"not_picked":["Infernal Blade","Twin Strike+1"],"picked":"Sword Boomerang+1","floor":18.0},{"not_picked":["Dropkick","Havoc","Rage"],"picked":"SKIP","floor":21.0},{"not_picked":["Second Wind","Sword Boomerang"],"picked":"Clothesline","floor":24.0},{"not_picked":["Power Through","Bloodletting"],"picked":"True Grit","floor":25}],"player_experience":840685,"relics_obtained":[{"floor":7.0,"key":"Nunchaku"},{"floor":9.0,"key":"Pantograph"},{"floor":14.0,"key":"Pear"},{"floor":26,"key":"Meat on the Bone"}],"event_choices":[{"cards_removed":["Strike_R"],"damage_healed":0.0,"max_hp_gain":0.0,"max_hp_loss":0.0,"gold_gain":0.0,"event_name":"Purifier","player_choice":"Purged","floor":3.0,"gold_loss":0.0,"damage_taken":0.0},{"damage_healed":0.0,"max_hp_gain":5.0,"max_hp_loss":0.0,"gold_gain":0.0,"event_name":"Big Fish","player_choice":"Donut","floor":10.0,"gold_loss":0.0,"damage_taken":0.0},{"damage_healed":0.0,"max_hp_gain":0.0,"max_hp_loss":0.0,"gold_gain":75.0,"event_name":"World of Goop","player_choice":"Gather Gold","floor":13.0,"gold_loss":0.0,"damage_taken":11.0},{"damage_healed":0.0,"max_hp_gain":0.0,"max_hp_loss":0.0,"gold_gain":0.0,"event_name":"Drug Dealer","player_choice":"Inject Mutagens","floor":19.0,"gold_loss":0.0,"damage_taken":0.0,"relics_obtained":["MutagenicStrength"]},{"damage_healed":0.0,"max_hp_gain":0.0,"max_hp_loss":0.0,"gold_gain":0.0,"event_name":"Vampires","player_choice":"Ignored","floor":20.0,"gold_loss":0.0,"damage_taken":0.0},{"damage_healed":0.0,"max_hp_gain":0.0,"max_hp_loss":0.0,"gold_gain":100.0,"event_name":"The Joust","player_choice":"Bet on Murderer","floor":22.0,"gold_loss":50.0,"damage_taken":0.0}],"is_beta":true,"boss_relics":[{"not_picked":["White Beast Statue","Runic Pyramid"],"picked":"Astrolabe"}],"items_purged_floors":[27],"is_endless":false,"potions_floor_spawned":[2,8,16,21,25],"killed_by":"Slavers","ascension_level":20}