{"gold_per_floor":[112,112,112,112,127,127,140,140,140,164,197,217,287,326,326,419,419,432,453,31,31,44,44,80,80,80,80,103,122,122,141,141,235,235,248,269,289,303,303,303,322,322],"floor_reached":42,"playtime":2057,"items_purged":[],"score":864,"play_id":"023fcef9-62f8-4c14-af9e-46167ee14c4b","local_time":"20190126230843","is_ascension_mode":true,"campfire_choices":[{"data":"Armaments","floor":6.0,"key":"SMITH"},{"data":"Bash","floor":8.0,"key":"SMITH"},{"floor":15.0,"key":"REST"},{"data":"True Grit","floor":23.0,"key":"SMITH"},{"data":"Inflame","floor":25.0,"key":"SMITH"},{"data":"Rampage","floor":30.0,"key":"SMITH"},{"floor":32.0,"key":"REST"},{"floor":40,"key":"REST"}],"neow_cost":"TEN_PERCENT_HP_LOSS","seed_source_timestamp":0,"circlet_count":0,"master_deck":["AscendersBane","Strike_R","Defend_R","Defend_R","Defend_R","Defend_R","Bash+1","Immolate+1","Armaments+1","Pommel Strike","Power Through","Thunderclap","Combust","Ghostly Armor","Fiend Fire","Rage+1","Searing Blow+1","Reaper+1","Corruption","Inflame+1","True Grit+1","Rampage+1","Battle Trance+1","Feel No Pain+1","Juggernaut","Inflame","Armaments","Corruption"],"special_seed":0,"relics":["Burning Blood","Golden Idol","Sundial","Pen Nib","Charon\u0027s Ashes","Art of War","Astrolabe","Regal Pillow","TheAbacus","Paper Frog","Nunchaku","Runic Dome"],"potions_floor_usage":[42],"damage_taken":[{"damage":0.0,"enemies":"2 Louse","floor":1.0,"turns":1.0},{"damage":0.0,"enemies":"Cultist","floor":5.0,"turns":2.0},{"damage":12.0,"enemies":"Jaw Worm","floor":7.0,"turns":2.0},{"damage":0.0,"enemies":"3 Louse","floor":10.0,"turns":1.0},{"damage":18.0,"enemies":"Lagavulin","floor":11.0,"turns":8.0},{"damage":5.0,"enemies":"2 Fungi Beasts","floor":12.0,"turns":3.0},{"damage":12.0,"enemies":"3 Sentries","floor":13.0,"turns":3.0},{"damage":6.0,"enemies":"Gremlin Nob","floor":14.0,"turns":3.0},{"damage":43.0,"enemies":"Slime Boss","floor":16.0,"turns":6.0},{"damage":10.0,"enemies":"Shell Parasite","floor":18.0,"turns":4.0},{"damage":17.0,"enemies":"3 Byrds","floor":19.0,"turns":5.0},{"damage":17.0,"enemies":"Snake Plant","floor":22.0,"turns":4.0},{"damage":10.0,"enemies":"Gremlin Leader","floor":24.0,"turns":5.0},{"damage":20.0,"enemies":"Cultist and Chosen","floor":28.0,"turns":6.0},{"damage":21.0,"enemies":"Chosen and Byrds","floor":29.0,"turns":5.0},{"damage":24.0,"enemies":"Sentry and Sphere","floor":31.0,"turns":4.0},{"damage":24.0,"enemies":"Champ","floor":33.0,"turns":12.0},{"damage":57.0,"enemies":"3 Darklings","floor":35.0,"turns":5.0},{"damage":13.0,"enemies":"3 Shapes","floor":36.0,"turns":4.0},{"damage":11,"enemies":"Sphere and 2 Shapes","floor":37,"turns":3},{"damage":29,"enemies":"4 Shapes","floor":38,"turns":3},{"damage":5,"enemies":"3 Darklings","floor":41,"turns":4},{"damage":73,"enemies":"Nemesis","floor":42,"turns":6}],"seed_played":"-620184212784292765","potions_obtained":[{"floor":5.0,"key":"SteroidPotion"},{"floor":10.0,"key":"BloodPotion"},{"floor":12.0,"key":"EntropicBrew"},{"floor":16.0,"key":"AttackPotion"},{"floor":19.0,"key":"Dexterity Potion"},{"floor":24.0,"key":"AttackPotion"},{"floor":31.0,"key":"Strength Potion"},{"floor":35.0,"key":"Weak Potion"}],"is_trial":false,"path_per_floor":["M","?","?","?","M","R","M","R","T","M","E","M","?","E","R","B",null,"M","M","$","?","M","R","E","R","T","?","M","M","R","M","R","B",null,"M","M","M","M","?","R","M","E"],"character_chosen":"IRONCLAD","items_purchased":["Corruption","Regal Pillow","TheAbacus"],"campfire_rested":3,"item_purchase_floors":[20,20,20],"current_hp_per_floor":[68,68,45,45,51,51,45,45,45,51,39,40,34,34,54,17,55,53,51,51,51,47,47,48,48,48,48,34,39,39,29,64,59,66,46,39,34,11,11,46,63,0],"gold":322,"neow_bonus":"THREE_RARE_CARDS","is_prod":false,"is_daily":false,"chose_seed":false,"campfire_upgraded":5,"win_rate":0,"timestamp":1548562123,"path_taken":["M","?","?","?","M","R","?","R","T","M","E","M","?","E","R","BOSS","M","M","$","?","M","R","E","R","T","?","M","?","R","M","R","BOSS","M","M","M","?","?","R","M","E"],"build_version":"2019-01-23","purchased_purges":0,"victory":false,"max_hp_per_floor":[68,68,68,68,68,68,68,68,68,68,68,68,68,68,68,68,68,68,68,68,68,68,68,68,68,68,68,68,68,68,68,68,68,68,68,68,68,68,68,68,68,68],"card_choices":[{"not_picked":["Double Tap","Dark Embrace"],"picked":"Immolate","floor":0.0},{"not_picked":["Havoc","Clothesline"],"picked":"Armaments","floor":1.0},{"not_picked":["Clash","Wild Strike"],"picked":"Pommel Strike","floor":5.0},{"not_picked":["Fiend Fire","Wild Strike"],"picked":"Power Through","floor":7.0},{"not_picked":["Cleave","Rampage","Havoc"],"picked":"SKIP","floor":10.0},{"not_picked":["Anger","Clash"],"picked":"Thunderclap","floor":11.0},{"not_picked":["Clash","Metallicize"],"picked":"Combust","floor":12.0},{"not_picked":["Dark Embrace","Rupture"],"picked":"Ghostly Armor","floor":14.0},{"not_picked":["Limit Break","Barricade"],"picked":"Fiend Fire","floor":16.0},{"not_picked":["Headbutt","Wild Strike+1","Perfected Strike"],"picked":"SKIP","floor":18.0},{"not_picked":["Headbutt","Wild Strike+1","Perfected Strike"],"picked":"SKIP","floor":18.0},{"not_picked":["Pommel Strike","Headbutt","Iron Wave"],"picked":"SKIP","floor":19.0},{"not_picked":["Barricade","Clothesline"],"picked":"True Grit","floor":22.0},{"not_picked":["Hemokinesis","Havoc"],"picked":"Rampage","floor":24.0},{"not_picked":["True Grit","Body Slam"],"picked":"Battle Trance+1","floor":28.0},{"not_picked":["Corruption","Clothesline"],"picked":"Feel No Pain","floor":29.0},{"not_picked":["Sword Boomerang","Seeing Red","Blood for Blood"],"picked":"SKIP","floor":31.0},{"not_picked":["Brutality","Dark Embrace"],"picked":"Juggernaut","floor":33.0},{"not_picked":["Twin Strike+1","Carnage","Bloodletting+1"],"picked":"SKIP","floor":35.0},{"not_picked":["Sword Boomerang+1","Evolve+1"],"picked":"Inflame","floor":36.0},{"not_picked":["Sword Boomerang","Clothesline","Anger"],"picked":"SKIP","floor":37},{"not_picked":["Headbutt","Evolve"],"picked":"Armaments","floor":38},{"not_picked":["Warcry+1","Clash"],"picked":"Corruption","floor":41}],"player_experience":851728,"relics_obtained":[{"floor":9.0,"key":"Sundial"},{"floor":11.0,"key":"Pen Nib"},{"floor":13.0,"key":"Charon\u0027s Ashes"},{"floor":14.0,"key":"Art of War"},{"floor":24.0,"key":"Paper Frog"},{"floor":26.0,"key":"Nunchaku"}],"event_choices":[{"damage_healed":0.0,"max_hp_gain":0.0,"max_hp_loss":0.0,"gold_gain":0.0,"event_name":"Living Wall","player_choice":"Grow","floor":2.0,"gold_loss":0.0,"damage_taken":0.0,"cards_upgraded":["Immolate"]},{"damage_healed":0.0,"max_hp_gain":0.0,"max_hp_loss":0.0,"gold_gain":0.0,"event_name":"Golden Idol","player_choice":"Take Damage","floor":3.0,"gold_loss":0.0,"damage_taken":23.0,"relics_obtained":["Golden Idol"]},{"cards_removed":["Strike_R"],"damage_healed":0.0,"max_hp_gain":0.0,"max_hp_loss":0.0,"gold_gain":0.0,"event_name":"Purifier","player_choice":"Purged","floor":4.0,"gold_loss":0.0,"damage_taken":0.0},{"damage_healed":0.0,"max_hp_gain":0.0,"max_hp_loss":0.0,"gold_gain":0.0,"event_name":"Dead Adventurer","player_choice":"Searched \u00271\u0027 times","floor":13.0,"gold_loss":0.0,"damage_taken":0.0},{"damage_healed":0.0,"max_hp_gain":0.0,"max_hp_loss":0.0,"gold_gain":0.0,"event_name":"The Library","player_choice":"Read","floor":21.0,"gold_loss":0.0,"damage_taken":0.0,"cards_obtained":["Inflame"]},{"damage_healed":0,"gold_gain":0,"player_choice":"Upgraded","damage_taken":0,"max_hp_gain":0,"max_hp_loss":0,"event_name":"Upgrade Shrine","floor":39,"gold_loss":0,"cards_upgraded":["Feel No Pain"]}],"is_beta":true,"boss_relics":[{"not_picked":["Mark of Pain","Sozu"],"picked":"Astrolabe"},{"not_picked":["Lizard Tail","Calling Bell"],"picked":"Runic Dome"}],"items_purged_floors":[],"is_endless":false,"potions_floor_spawned":[5,10,12,14,16,19,22,24,31,35],"killed_by":"Nemesis","ascension_level":20}