{"gold_per_floor":[361,378,31,45,195,195,213,232,232,61,61,96,111,125,125,125],"floor_reached":16,"playtime":514,"items_purged":["Strike_R"],"score":208,"play_id":"022f5ea5-b46c-43be-8d47-993cd635a57f","local_time":"20190323032640","is_ascension_mode":true,"campfire_choices":[{"data":"Bash","floor":6,"key":"SMITH"},{"data":"Metallicize","floor":15,"key":"SMITH"}],"neow_cost":"PERCENT_DAMAGE","seed_source_timestamp":12159589190354,"circlet_count":0,"master_deck":["AscendersBane","Strike_R","Strike_R","Strike_R","Defend_R","Defend_R","Defend_R","Defend_R","Bash+1","Twin Strike","Thunderclap","Doubt","Cleave","Ghostly Armor","Immolate","Brutality","Metallicize+1","Shrug It Off"],"relics":["Burning Blood","Bag of Marbles","Pear","Bag of Preparation"],"potions_floor_usage":[12,16],"damage_taken":[{"damage":1,"enemies":"Cultist","floor":1,"turns":4},{"damage":4,"enemies":"Jaw Worm","floor":2,"turns":6},{"damage":2,"enemies":"2 Louse","floor":4,"turns":3},{"damage":15,"enemies":"Gremlin Gang","floor":7,"turns":5},{"damage":9,"enemies":"Red Slaver","floor":8,"turns":4},{"damage":33,"enemies":"Gremlin Nob","floor":12,"turns":4},{"damage":4,"enemies":"Large Slime","floor":13,"turns":6},{"damage":0,"enemies":"2 Fungi Beasts","floor":14,"turns":2},{"damage":33,"enemies":"The Guardian","floor":16,"turns":7}],"seed_played":"6439899326765158073","potions_obtained":[{"floor":1,"key":"Ancient Potion"},{"floor":2,"key":"Ancient Potion"},{"floor":13,"key":"Swift Potion"}],"is_trial":false,"path_per_floor":["M","M","$","M","?","R","M","M","T","$","?","E","M","M","R","B"],"character_chosen":"IRONCLAD","items_purchased":["Bag of Marbles","Thunderclap","Fire Potion","Immolate"],"campfire_rested":0,"item_purchase_floors":[3,3,3,10],"current_hp_per_floor":[55,57,57,61,61,61,52,49,59,59,59,32,34,40,40,7],"gold":125,"neow_bonus":"TWO_FIFTY_GOLD","is_prod":false,"is_daily":false,"chose_seed":false,"campfire_upgraded":2,"win_rate":0,"timestamp":1553326000,"path_taken":["M","?","$","M","?","R","M","M","T","$","?","E","?","M","R","BOSS"],"build_version":"2019-03-15","purchased_purges":1,"victory":false,"max_hp_per_floor":[75,75,75,75,75,75,75,75,85,85,85,85,85,85,85,85],"card_choices":[{"not_picked":["Seeing Red","Fire Breathing","Cleave"],"picked":"SKIP","floor":1},{"not_picked":["True Grit","Bloodletting"],"picked":"Twin Strike","floor":2},{"not_picked":["Clash","Body Slam","Headbutt"],"picked":"SKIP","floor":4},{"not_picked":["Thunderclap","Clothesline"],"picked":"Cleave","floor":7},{"not_picked":["Perfected Strike","Cleave"],"picked":"Ghostly Armor","floor":8},{"not_picked":["Thunderclap","Whirlwind"],"picked":"Metallicize","floor":12},{"not_picked":["Headbutt","Armaments"],"picked":"Shrug It Off","floor":13},{"not_picked":["Bludgeon","Perfected Strike","Dual Wield"],"picked":"SKIP","floor":14}],"player_experience":922025,"relics_obtained":[{"floor":9,"key":"Pear"},{"floor":12,"key":"Bag of Preparation"}],"event_choices":[{"damage_healed":0,"gold_gain":150,"player_choice":"AGREE","damage_taken":0,"max_hp_gain":0,"max_hp_loss":0,"event_name":"Liars Game","floor":5,"gold_loss":0,"cards_obtained":["Doubt"]},{"damage_healed":0,"gold_gain":0,"cards_transformed":["Strike_R"],"player_choice":"Transformed","damage_taken":0,"max_hp_gain":0,"max_hp_loss":0,"event_name":"Transmorgrifier","floor":11,"gold_loss":0,"cards_obtained":["Brutality"]}],"is_beta":true,"boss_relics":[],"items_purged_floors":[3],"is_endless":false,"potions_floor_spawned":[1,2,7,13],"killed_by":"The Guardian","ascension_level":20}