{"gold_per_floor":[116,116,135,191,16,50,64,64,91,91,91,111,39,39],"floor_reached":14,"playtime":300,"items_purged":[],"score":176,"play_id":"eb30ecc7-46e9-4912-9b08-4f2ee6411e64","local_time":"20190318004725","is_ascension_mode":true,"campfire_choices":[{"floor":8,"key":"REST"},{"data":"Fiend Fire","floor":10,"key":"SMITH"}],"neow_cost":"TEN_PERCENT_HP_LOSS","seed_source_timestamp":172727549250200,"circlet_count":0,"master_deck":["AscendersBane","Strike_R","Strike_R","Strike_R","Defend_R","Defend_R","Defend_R","Defend_R+1","Bash+1","Brutality","Power Through","Dropkick","Evolve","Fiend Fire+1","Metallicize+1","Armaments"],"relics":["Burning Blood","Boot","Strawberry"],"potions_floor_usage":[],"damage_taken":[{"damage":18,"enemies":"Cultist","floor":1,"turns":5},{"damage":12,"enemies":"Small Slimes","floor":3,"turns":4},{"damage":45,"enemies":"Gremlin Nob","floor":6,"turns":5},{"damage":4,"enemies":"Jaw Worm","floor":7,"turns":3},{"damage":2,"enemies":"Exordium Thugs","floor":12,"turns":4},{"damage":31,"enemies":"3 Sentries","floor":14,"turns":4}],"seed_played":"5151008493694696457","potions_obtained":[{"floor":3,"key":"FairyPotion"},{"floor":6,"key":"GamblersBrew"}],"is_trial":false,"path_per_floor":["M","?","M","?","$","E","M","R","T","R","?","M","?","?"],"character_chosen":"IRONCLAD","items_purchased":["Fiend Fire"],"campfire_rested":1,"item_purchase_floors":[5],"current_hp_per_floor":[56,56,50,50,50,11,13,33,40,40,17,21,21,0],"gold":39,"neow_bonus":"TRANSFORM_TWO_CARDS","is_prod":false,"is_daily":false,"chose_seed":false,"campfire_upgraded":1,"win_rate":0,"timestamp":1552884445,"path_taken":["M","?","M","?","?","E","?","R","T","R","?","M","?","?"],"build_version":"2019-03-15","purchased_purges":0,"victory":false,"max_hp_per_floor":[68,68,68,68,68,68,68,68,75,75,75,75,75,75],"card_choices":[{"not_picked":["Havoc","Flex"],"picked":"Dropkick","floor":1},{"not_picked":["Wild Strike","Fire Breathing"],"picked":"Evolve","floor":3},{"not_picked":["Havoc","Rage"],"picked":"Metallicize","floor":6},{"not_picked":["Searing Blow","Evolve","Second Wind"],"picked":"SKIP","floor":7},{"not_picked":["Body Slam","Uppercut"],"picked":"Armaments","floor":12}],"player_experience":667274,"relics_obtained":[{"floor":6,"key":"Boot"},{"floor":9,"key":"Strawberry"}],"event_choices":[{"damage_healed":0,"gold_gain":0,"player_choice":"Grow","damage_taken":0,"max_hp_gain":0,"max_hp_loss":0,"event_name":"Living Wall","floor":2,"gold_loss":0,"cards_upgraded":["Bash"]},{"damage_healed":0,"gold_gain":56,"player_choice":"Gained Gold","damage_taken":0,"max_hp_gain":0,"max_hp_loss":0,"event_name":"Golden Wing","floor":4,"gold_loss":0},{"damage_healed":0,"gold_gain":0,"player_choice":"Entered Light","damage_taken":23,"max_hp_gain":0,"max_hp_loss":0,"event_name":"Shining Light","floor":11,"gold_loss":0,"cards_upgraded":["Metallicize","Defend_R"]},{"damage_healed":0,"gold_gain":0,"player_choice":"Left Gold","damage_taken":0,"max_hp_gain":0,"max_hp_loss":0,"event_name":"World of Goop","floor":13,"gold_loss":72},{"damage_healed":0,"gold_gain":0,"player_choice":"Searched \u00272\u0027 times","damage_taken":0,"max_hp_gain":0,"max_hp_loss":0,"event_name":"Dead Adventurer","floor":14,"gold_loss":0}],"is_beta":true,"boss_relics":[],"items_purged_floors":[],"is_endless":false,"potions_floor_spawned":[3,6],"killed_by":"3 Sentries","ascension_level":20}