{"gold_per_floor":[117,117,117,117,128,128,162,182,182,208,219,234,234,284,284,358,358,377,258,258,278,178,178,209,209,209,209,226,226],"floor_reached":29,"playtime":762,"items_purged":["Defend_G","Strike_G"],"score":552,"play_id":"8005bb29-58b0-4418-9546-5670e2321592","local_time":"20190118000512","is_ascension_mode":true,"campfire_choices":[{"data":"Acrobatics","floor":6,"key":"SMITH"},{"floor":13,"key":"REST"},{"data":"Poisoned Stab","floor":15,"key":"SMITH"},{"data":"Calculated Gamble","floor":23,"key":"SMITH"},{"floor":27,"key":"DIG"}],"neow_cost":"NONE","seed_source_timestamp":627179843640225,"circlet_count":0,"master_deck":["AscendersBane","Defend_G","Defend_G","Defend_G","Strike_G","Strike_G","Survivor","Neutralize+1","Acrobatics+1","Poisoned Stab+1","Malaise","Underhanded Strike","Backflip","Backflip","Terror","Die Die Die","Noxious Fumes","Underhanded Strike","Calculated Gamble+1","Backstab"],"relics":["Ring of the Snake","NeowsBlessing","Ginger","Question Card","Coffee Dripper","Shovel","Kunai","Paper Crane","Juzu Bracelet"],"potions_floor_usage":[12,16],"damage_taken":[{"damage":0,"enemies":"Small Slimes","floor":1,"turns":1},{"damage":0,"enemies":"2 Louse","floor":5,"turns":1},{"damage":0,"enemies":"3 Sentries","floor":7,"turns":1},{"damage":0,"enemies":"Cultist","floor":8,"turns":4},{"damage":48,"enemies":"Gremlin Nob","floor":10,"turns":5},{"damage":0,"enemies":"2 Fungi Beasts","floor":11,"turns":4},{"damage":1,"enemies":"Red Slaver","floor":12,"turns":5},{"damage":13,"enemies":"The Guardian","floor":16,"turns":17},{"damage":18,"enemies":"Chosen","floor":18,"turns":6},{"damage":5,"enemies":"Shell Parasite","floor":21,"turns":6},{"damage":23,"enemies":"Gremlin Leader","floor":24,"turns":6},{"damage":0,"enemies":"Centurion and Healer","floor":28,"turns":5},{"damage":8,"enemies":"Colosseum Slavers","floor":29,"turns":1}],"seed_played":"365401956192146694","potions_obtained":[{"floor":8,"key":"SpeedPotion"},{"floor":11,"key":"Energy Potion"},{"floor":28,"key":"Poison Potion"}],"is_trial":false,"path_per_floor":["M","?","?","?","M","R","E","M","T","E","M","M","R","?","R","B",null,"M","$","?","M","$","R","E","T","T","R","M","?"],"character_chosen":"THE_SILENT","items_purchased":["Noxious Fumes"],"campfire_rested":1,"item_purchase_floors":[19],"current_hp_per_floor":[59,59,52,52,52,52,52,52,52,4,4,3,22,22,22,9,52,34,34,34,29,29,29,6,6,6,6,6,0],"gold":226,"neow_bonus":"THREE_ENEMY_KILL","is_prod":false,"is_daily":false,"chose_seed":false,"campfire_upgraded":3,"win_rate":0,"timestamp":1547737512,"path_taken":["M","?","?","?","M","R","E","?","T","E","M","M","R","?","R","BOSS","M","$","?","?","$","R","E","?","T","R","M","?"],"build_version":"2019-01-10","purchased_purges":2,"victory":false,"max_hp_per_floor":[66,66,66,66,66,66,66,66,66,66,66,66,66,66,66,66,66,66,66,66,66,66,66,66,66,66,66,66,66],"card_choices":[{"not_picked":["Outmaneuver","Prepared"],"picked":"Acrobatics","floor":1},{"not_picked":["Slice","Deadly Poison"],"picked":"Poisoned Stab","floor":5},{"not_picked":["Accuracy","Envenom"],"picked":"Malaise","floor":7},{"not_picked":["Blade Dance","Slice"],"picked":"Underhanded Strike","floor":8},{"not_picked":["Infinite Blades","Poisoned Stab"],"picked":"Backflip","floor":10},{"not_picked":["Reflex","Flechettes","Catalyst"],"picked":"Backflip","floor":11},{"not_picked":["Poisoned Stab","Dagger Spray","Underhanded Strike"],"picked":"Terror","floor":12},{"not_picked":["Night Terror","Glass Knife","Malaise"],"picked":"Die Die Die","floor":16},{"not_picked":["Prepared","Dagger Spray","Acrobatics","Poisoned Stab"],"picked":"SKIP","floor":18},{"not_picked":["Bane","Acrobatics","Blur"],"picked":"Calculated Gamble","floor":21},{"not_picked":["Slice","Dagger Throw","Outmaneuver","Bane"],"picked":"SKIP","floor":24},{"not_picked":["Bullet Time","Skewer","Underhanded Strike"],"picked":"Backstab","floor":28}],"player_experience":4114840,"relics_obtained":[{"floor":7,"key":"Ginger"},{"floor":10,"key":"Question Card"},{"floor":24,"key":"Shovel"},{"floor":25,"key":"Kunai"},{"floor":26,"key":"Paper Crane"},{"floor":27,"key":"Juzu Bracelet"}],"event_choices":[{"cards_removed":["Strike_G"],"damage_healed":0,"gold_gain":0,"player_choice":"Forget","damage_taken":0,"max_hp_gain":0,"max_hp_loss":0,"event_name":"Living Wall","floor":2,"gold_loss":0},{"cards_removed":["Defend_G"],"damage_healed":0,"gold_gain":0,"player_choice":"Card Removal","damage_taken":7,"max_hp_gain":0,"max_hp_loss":0,"event_name":"Golden Wing","floor":3,"gold_loss":0},{"damage_healed":0,"gold_gain":0,"player_choice":"Forge","damage_taken":0,"max_hp_gain":0,"max_hp_loss":0,"event_name":"Accursed Blacksmith","floor":4,"gold_loss":0,"cards_upgraded":["Neutralize"]},{"damage_healed":0,"gold_gain":50,"player_choice":"Pray","damage_taken":0,"max_hp_gain":0,"max_hp_loss":0,"event_name":"Golden Shrine","floor":14,"gold_loss":0},{"damage_healed":0,"gold_gain":0,"cards_transformed":["Strike_G"],"player_choice":"Transformed","damage_taken":0,"max_hp_gain":0,"max_hp_loss":0,"event_name":"Transmorgrifier","floor":20,"gold_loss":0,"cards_obtained":["Underhanded Strike"]},{"damage_healed":0,"gold_gain":0,"player_choice":"Fight","damage_taken":0,"max_hp_gain":0,"max_hp_loss":0,"event_name":"Colosseum","floor":29,"gold_loss":0}],"is_beta":false,"boss_relics":[{"not_picked":["WristBlade","Tiny House"],"picked":"Coffee Dripper"}],"items_purged_floors":[19,22],"is_endless":false,"potions_floor_spawned":[8,11,28],"killed_by":"Colosseum Slavers","ascension_level":20}