{"gold_per_floor":[119,119,91,91,115,150,150,185,212,212,232,232,248,213,213,311,311,330,349,59,59,59],"floor_reached":22,"playtime":599,"items_purged":["Strike_R"],"score":434,"play_id":"842188da-2510-4e11-86a7-a256e7e56310","local_time":"20190315172200","is_ascension_mode":true,"campfire_choices":[{"data":"Armaments","floor":7,"key":"SMITH"},{"floor":10,"key":"REST"},{"data":"Intimidate","floor":12,"key":"SMITH"},{"data":"Iron Wave","floor":15,"key":"SMITH"}],"neow_cost":"NONE","seed_source_timestamp":233340984568300,"circlet_count":0,"master_deck":["AscendersBane","Strike_R","Strike_R","Strike_R","Defend_R","Defend_R","Defend_R","Defend_R","Bash","Cleave","Armaments+1","Headbutt","Thunderclap","Intimidate+1","Pummel","Iron Wave+1","Demon Form","True Grit","Shrug It Off+1","Thinking Ahead"],"relics":["Burning Blood","NeowsBlessing","Golden Idol","Ancient Tea Set","Peace Pipe","Bronze Scales","Cursed Key","CultistMask"],"potions_floor_usage":[16,19],"damage_taken":[{"damage":0,"enemies":"2 Louse","floor":1,"turns":1},{"damage":0,"enemies":"Cultist","floor":5,"turns":1},{"damage":0,"enemies":"3 Sentries","floor":6,"turns":1},{"damage":56,"enemies":"Gremlin Nob","floor":8,"turns":5},{"damage":0,"enemies":"Small Slimes","floor":11,"turns":2},{"damage":12,"enemies":"Exordium Thugs","floor":13,"turns":4},{"damage":56,"enemies":"The Guardian","floor":16,"turns":17},{"damage":33,"enemies":"Spheric Guardian","floor":18,"turns":5},{"damage":29,"enemies":"Chosen","floor":19,"turns":5},{"damage":11,"enemies":"Sentry and Sphere","floor":22,"turns":3}],"seed_played":"3090699265612752498","potions_obtained":[{"floor":5,"key":"SpeedPotion"},{"floor":11,"key":"BloodPotion"},{"floor":16,"key":"AttackPotion"}],"is_trial":false,"path_per_floor":["M","?","$","?","M","E","R","E","T","R","M","R","M","?","R","B",null,"M","M","$","?","M"],"character_chosen":"IRONCLAD","items_purchased":["Armaments","Thinking Ahead"],"campfire_rested":1,"item_purchase_floors":[3,20],"current_hp_per_floor":[74,48,48,48,54,60,60,10,10,32,38,38,32,50,50,7,58,31,8,8,8,0],"gold":59,"neow_bonus":"THREE_ENEMY_KILL","is_prod":false,"is_daily":false,"chose_seed":false,"campfire_upgraded":3,"win_rate":0,"timestamp":1552684920,"path_taken":["M","?","$","?","?","E","R","E","T","R","M","R","M","?","R","BOSS","M","M","$","?","?"],"build_version":"2019-02-06","purchased_purges":1,"victory":false,"max_hp_per_floor":[75,75,75,75,75,75,75,75,75,75,75,75,75,75,75,75,75,75,75,75,75,75],"card_choices":[{"not_picked":["Flex","Headbutt"],"picked":"Cleave","floor":1},{"not_picked":["Armaments","Fire Breathing"],"picked":"Headbutt","floor":5},{"not_picked":["Anger","Combust"],"picked":"Thunderclap","floor":6},{"not_picked":["Wild Strike","Rage"],"picked":"Intimidate","floor":8},{"not_picked":["Heavy Blade","Sword Boomerang"],"picked":"Pummel","floor":11},{"not_picked":["Heavy Blade","Sever Soul"],"picked":"Iron Wave","floor":13},{"not_picked":["Double Tap","Dark Embrace"],"picked":"Demon Form","floor":16},{"not_picked":["Thunderclap","Anger"],"picked":"True Grit","floor":18},{"not_picked":["Rupture","Clash+1"],"picked":"Shrug It Off+1","floor":19}],"player_experience":664082,"relics_obtained":[{"floor":6,"key":"Ancient Tea Set"},{"floor":8,"key":"Peace Pipe"},{"floor":9,"key":"Bronze Scales"}],"event_choices":[{"damage_healed":0,"gold_gain":0,"player_choice":"Take Damage","damage_taken":26,"relics_obtained":["Golden Idol"],"max_hp_gain":0,"max_hp_loss":0,"event_name":"Golden Idol","floor":2,"gold_loss":0},{"cards_removed":["Strike_R"],"damage_healed":0,"gold_gain":0,"player_choice":"Offered Basic","damage_taken":0,"max_hp_gain":0,"max_hp_loss":0,"event_name":"Bonfire Elementals","floor":4,"gold_loss":0},{"damage_healed":18,"gold_gain":0,"player_choice":"Healed","damage_taken":0,"max_hp_gain":0,"max_hp_loss":0,"event_name":"The Cleric","floor":14,"gold_loss":35},{"damage_healed":0,"gold_gain":0,"player_choice":"Trade","damage_taken":0,"relics_obtained":["CultistMask"],"max_hp_gain":0,"max_hp_loss":0,"event_name":"FaceTrader","floor":21,"gold_loss":0}],"is_beta":true,"boss_relics":[{"not_picked":["Black Star","Philosopher\u0027s Stone"],"picked":"Cursed Key"}],"items_purged_floors":[20],"is_endless":false,"potions_floor_spawned":[5,11,13,16,18],"killed_by":"Sentry and Sphere","ascension_level":20}