{"gold_per_floor":[109,109,126,201,216,216,251,266,266,266,286,286,286,286,286,384,384,397,170,170,32,32,49,81,81,156,156,172,172,206,306,306,402,402,418,470,190,190,207,207,207,57,57,57,70,90,90,106,106,106,106,106,30,61,61],"floor_reached":56,"playtime":2145,"items_purged":["Strike_R","Strike_R","Strike_R","Strike_R"],"score":1086,"play_id":"7e9bb01f-7e4f-47da-8453-9128f12d895e","local_time":"20181030021738","is_ascension_mode":false,"campfire_choices":[{"data":"Shockwave","floor":6,"key":"SMITH"},{"data":"Armaments","floor":10,"key":"SMITH"},{"data":"Whirlwind","floor":13,"key":"SMITH"},{"data":"1","floor":15,"key":"LIFT"},{"data":"Demon Form","floor":25,"key":"SMITH"},{"data":"Disarm","floor":29,"key":"SMITH"},{"floor":32,"key":"RECALL"},{"data":"2","floor":40,"key":"LIFT"},{"data":"3","floor":44,"key":"LIFT"},{"data":"Battle Trance","floor":49,"key":"SMITH"},{"data":"Feel No Pain","floor":52,"key":"SMITH"}],"neow_cost":"NONE","seed_source_timestamp":431729210797111,"circlet_count":0,"master_deck":["Strike_R","Defend_R","Defend_R","Defend_R+1","Bash+1","Shockwave+1","Disarm+1","Feel No Pain+1","Whirlwind+1","Armaments+1","Heavy Blade+1","Demon Form+1","Whirlwind","Flame Barrier","Burning Pact+1","Battle Trance+1","Immolate","Fiend Fire","Master of Strategy","Burning Pact+1","Corruption+1","Feel No Pain+1"],"relics":["Burning Blood","Girya","Ice Cream","Snecko Eye","Anchor","Nilry\u0027s Codex","Thread and Needle","Frozen Egg 2","Pantograph","Runic Cube","Gambling Chip","Centennial Puzzle","Blood Vial","Self Forming Clay"],"potions_floor_usage":[1,7,11,16,16,33,55,55,55],"damage_taken":[{"damage":0,"enemies":"Jaw Worm","floor":1,"turns":3},{"damage":9,"enemies":"2 Louse","floor":3,"turns":3},{"damage":6,"enemies":"Small Slimes","floor":5,"turns":5},{"damage":24,"enemies":"Gremlin Nob","floor":7,"turns":5},{"damage":3,"enemies":"Exordium Wildlife","floor":8,"turns":6},{"damage":20,"enemies":"Gremlin Gang","floor":11,"turns":4},{"damage":32,"enemies":"Slime Boss","floor":16,"turns":6},{"damage":0,"enemies":"3 Byrds","floor":18,"turns":3},{"damage":0,"enemies":"Spheric Guardian","floor":23,"turns":3},{"damage":0,"enemies":"Slavers","floor":24,"turns":2},{"damage":0,"enemies":"3 Cultists","floor":28,"turns":3},{"damage":0,"enemies":"Gremlin Leader","floor":30,"turns":4},{"damage":31,"enemies":"Collector","floor":33,"turns":7},{"damage":3,"enemies":"3 Darklings","floor":35,"turns":3},{"damage":0,"enemies":"2 Orb Walkers","floor":36,"turns":3},{"damage":0,"enemies":"Orb Walker","floor":39,"turns":2},{"damage":2,"enemies":"Transient","floor":45,"turns":5},{"damage":0,"enemies":"Maw","floor":46,"turns":4},{"damage":0,"enemies":"4 Shapes","floor":48,"turns":4},{"damage":0,"enemies":"Donu and Deca","floor":50,"turns":5},{"damage":5,"enemies":"Shield and Spear","floor":54,"turns":5},{"damage":32,"enemies":"The Heart","floor":55,"turns":7}],"seed_played":"2689690742953523354","potions_obtained":[{"floor":0,"key":"SneckoOil"},{"floor":0,"key":"SkillPotion"},{"floor":0,"key":"AttackPotion"},{"floor":1,"key":"Ancient Potion"},{"floor":3,"key":"Regen Potion"},{"floor":5,"key":"BloodPotion"},{"floor":11,"key":"PowerPotion"},{"floor":18,"key":"Swift Potion"},{"floor":28,"key":"SkillPotion"},{"floor":33,"key":"Fire Potion"},{"floor":35,"key":"Dexterity Potion"},{"floor":45,"key":"Swift Potion"}],"is_trial":false,"path_per_floor":["M","?","M","?","M","R","E","M","T","R","M","T","R","?","R","B",null,"M","$","?","$","?","M","E","R","T","?","M","R","E","?","R","B",null,"M","?","$","?","M","R","?","$","T","R","M","M","?","M","R","B",null,"R","$","E","B"],"character_chosen":"IRONCLAD","items_purchased":["Anchor","Flame Barrier","Centennial Puzzle","Feel No Pain+1"],"campfire_rested":0,"item_purchase_floors":[19,21,37,53],"current_hp_per_floor":[80,64,61,50,50,50,32,35,35,35,29,29,29,29,29,18,80,80,80,64,64,64,70,76,76,76,76,80,80,80,80,80,55,80,80,80,80,70,76,76,76,76,76,76,76,76,76,76,76,76,76,76,76,76,50],"gold":61,"neow_bonus":"THREE_SMALL_POTIONS","is_prod":false,"is_daily":false,"chose_seed":false,"campfire_upgraded":7,"win_rate":0,"timestamp":1540880258,"path_taken":["M","?","M","?","M","R","E","M","T","R","?","?","R","?","R","BOSS","M","$","?","$","?","?","E","R","T","?","M","R","E","?","R","BOSS","M","?","$","?","M","R","?","$","T","R","M","?","?","M","R","BOSS","R","$","E","BOSS"],"build_version":"2018-10-29v2","purchased_purges":4,"victory":true,"max_hp_per_floor":[80,80,80,80,80,80,80,80,80,80,80,80,80,80,80,80,80,80,80,80,80,80,80,80,80,80,80,80,80,80,80,80,80,80,80,80,80,80,80,80,76,76,76,76,76,76,76,76,76,76,76,76,76,76,76],"card_choices":[{"not_picked":["Shrug It Off","Heavy Blade"],"picked":"Shockwave","floor":1},{"not_picked":["Perfected Strike","Clash"],"picked":"Disarm","floor":3},{"not_picked":["Combust","Burning Pact"],"picked":"Feel No Pain","floor":5},{"not_picked":["Second Wind","Battle Trance"],"picked":"Whirlwind","floor":7},{"not_picked":["True Grit","Iron Wave"],"picked":"Armaments","floor":8},{"not_picked":["Flex","Pommel Strike"],"picked":"Heavy Blade","floor":11},{"not_picked":["Juggernaut","Immolate"],"picked":"Demon Form","floor":16},{"not_picked":["Ghostly Armor","Wild Strike+1"],"picked":"Whirlwind","floor":18},{"not_picked":["Feel No Pain","Cleave"],"picked":"Burning Pact+1","floor":23},{"not_picked":["Flame Barrier","Shockwave","Warcry+1"],"picked":"SKIP","floor":24},{"not_picked":["Ghostly Armor+1","Spot Weakness","Cleave"],"picked":"SKIP","floor":28},{"not_picked":["Battle Trance","Flame Barrier"],"picked":"Immolate","floor":30},{"not_picked":["Offering","Juggernaut+1"],"picked":"Fiend Fire","floor":33},{"not_picked":["Armaments","Perfected Strike","Warcry"],"picked":"SKIP","floor":35},{"not_picked":["Trip","PanicButton"],"picked":"Master of Strategy","floor":38},{"not_picked":["Anger","Twin Strike+1"],"picked":"Burning Pact+1","floor":39},{"not_picked":["Warcry","Cleave+1"],"picked":"Corruption+1","floor":45},{"not_picked":["Cleave","Shockwave","Warcry"],"picked":"SKIP","floor":46},{"not_picked":["Dropkick+1","Armaments","Headbutt"],"picked":"SKIP","floor":48},{"not_picked":["Havoc","Iron Wave+1","Ghostly Armor"],"picked":"SKIP","floor":54}],"player_experience":749184,"relics_obtained":[{"floor":7,"key":"Girya"},{"floor":9,"key":"Ice Cream"},{"floor":20,"key":"Nilry\u0027s Codex"},{"floor":24,"key":"Thread and Needle"},{"floor":26,"key":"Frozen Egg 2"},{"floor":30,"key":"Pantograph"},{"floor":36,"key":"Gambling Chip"},{"floor":43,"key":"Blood Vial"},{"floor":54,"key":"Self Forming Clay"}],"event_choices":[{"damage_healed":0,"gold_gain":0,"player_choice":"Entered Light","damage_taken":16,"max_hp_gain":0,"max_hp_loss":0,"event_name":"Shining Light","floor":2,"gold_loss":0,"cards_upgraded":["Bash","Defend_R"]},{"damage_healed":0,"gold_gain":75,"player_choice":"Gather Gold","damage_taken":11,"max_hp_gain":0,"max_hp_loss":0,"event_name":"World of Goop","floor":4,"gold_loss":0},{"damage_healed":0,"gold_gain":0,"player_choice":"Upgraded","damage_taken":0,"max_hp_gain":0,"max_hp_loss":0,"event_name":"Upgrade Shrine","floor":14,"gold_loss":0,"cards_upgraded":["Heavy Blade"]},{"damage_healed":0,"gold_gain":0,"player_choice":"Obtained Book","damage_taken":16,"max_hp_gain":0,"max_hp_loss":0,"event_name":"Cursed Tome","floor":20,"gold_loss":0},{"damage_healed":0,"gold_gain":0,"player_choice":"Ignored","damage_taken":0,"max_hp_gain":0,"max_hp_loss":0,"event_name":"Ghosts","floor":22,"gold_loss":0},{"damage_healed":0,"gold_gain":0,"player_choice":"Read","damage_taken":0,"max_hp_gain":0,"max_hp_loss":0,"event_name":"The Library","floor":27,"gold_loss":0,"cards_obtained":["Battle Trance"]},{"damage_healed":0,"gold_gain":100,"player_choice":"Pray","damage_taken":0,"max_hp_gain":0,"max_hp_loss":0,"event_name":"Golden Shrine","floor":31,"gold_loss":0},{"damage_healed":0,"gold_gain":0,"player_choice":"Fight","damage_taken":0,"max_hp_gain":0,"max_hp_loss":0,"event_name":"Mysterious Sphere","floor":36,"gold_loss":0},{"damage_healed":0,"gold_gain":0,"player_choice":"Memory 3","damage_taken":10,"max_hp_gain":0,"max_hp_loss":0,"event_name":"SensoryStone","floor":38,"gold_loss":0},{"damage_healed":0,"gold_gain":0,"player_choice":"Max HP","damage_taken":0,"max_hp_gain":0,"max_hp_loss":4,"event_name":"Winding Halls","floor":41,"gold_loss":0},{"cards_removed":["Defend_R"],"damage_healed":0,"gold_gain":0,"player_choice":"Removed Skill","damage_taken":0,"max_hp_gain":0,"max_hp_loss":0,"event_name":"Falling","floor":47,"gold_loss":0}],"is_beta":true,"boss_relics":[{"not_picked":["Pandora\u0027s Box","Calling Bell"],"picked":"Snecko Eye"},{"not_picked":["Orrery","Runic Pyramid"],"picked":"Runic Cube"}],"items_purged_floors":[19,21,37,42],"is_endless":false,"potions_floor_spawned":[1,3,5,11,18,28,33,35,45,46],"ascension_level":0}