{"gold_per_floor":[110,110,120,120,138,138,158,183,195,172,184,196,208,233,245,356,368,396,427,439],"floor_reached":20,"playtime":1092,"items_purged":[],"score":226,"play_id":"ff59a6fd-3e3f-481a-8a35-99d1d12d7aec","local_time":"20190309115434","is_ascension_mode":true,"campfire_choices":[{"data":"Sweeping Beam","floor":6,"key":"SMITH"},{"data":"Echo Form","floor":11,"key":"SMITH"},{"data":"Ball Lightning","floor":13,"key":"SMITH"},{"data":"Leap","floor":15,"key":"SMITH"}],"neow_cost":"NONE","seed_source_timestamp":512147351609900,"circlet_count":0,"master_deck":["Zap","Dualcast","Skim+1","Sweeping Beam+1","Ball Lightning+1","Echo Form+1","Leap+1","Machine Learning","Doom and Gloom","Genetic Algorithm","Coolheaded","Recycle","Machine Learning","Storm","Doom and Gloom","Recycle","Barrage+1","FTL"],"relics":["Cracked Core","PreservedInsect","MawBank","Matryoshka","Pandora\u0027s Box"],"potions_floor_usage":[8,16,19,19],"damage_taken":[{"damage":2,"enemies":"Jaw Worm","floor":1,"turns":4},{"damage":0,"enemies":"Small Slimes","floor":3,"turns":3},{"damage":0,"enemies":"Cultist","floor":5,"turns":3},{"damage":2,"enemies":"2 Fungi Beasts","floor":7,"turns":3},{"damage":15,"enemies":"Lagavulin","floor":8,"turns":4},{"damage":6,"enemies":"Looter","floor":14,"turns":3},{"damage":24,"enemies":"Slime Boss","floor":16,"turns":7},{"damage":28,"enemies":"2 Thieves","floor":18,"turns":4},{"damage":12,"enemies":"3 Byrds","floor":19,"turns":2},{"damage":26,"enemies":"3 Cultists","floor":20,"turns":3}],"seed_played":"-4593786582650402408","potions_obtained":[{"floor":3,"key":"Block Potion"},{"floor":5,"key":"Ancient Potion"},{"floor":8,"key":"LiquidBronze"},{"floor":14,"key":"FocusPotion"},{"floor":18,"key":"Block Potion"}],"is_trial":false,"path_per_floor":["M","?","M","?","M","R","M","E","T","?","R","?","R","M","R","B",null,"M","M","M"],"character_chosen":"DEFECT","items_purchased":[],"campfire_rested":0,"item_purchase_floors":[],"current_hp_per_floor":[66,51,51,56,56,56,54,39,39,57,57,57,57,51,51,27,63,35,23,0],"gold":439,"neow_bonus":"RANDOM_COMMON_RELIC","is_prod":false,"is_daily":false,"chose_seed":false,"campfire_upgraded":4,"win_rate":0,"timestamp":1552128874,"path_taken":["M","?","M","?","?","R","M","E","T","?","R","?","R","M","R","BOSS","M","?","M"],"build_version":"2019-01-23","purchased_purges":0,"victory":false,"max_hp_per_floor":[75,75,75,75,75,75,75,75,75,75,75,75,75,75,75,75,75,75,75,75],"card_choices":[{"not_picked":["Go for the Eyes","Hello World"],"picked":"Skim","floor":1},{"not_picked":["Hologram","Stack"],"picked":"Compile Driver","floor":3},{"not_picked":["Go for the Eyes","BootSequence"],"picked":"Sweeping Beam","floor":5},{"not_picked":["Steam Power","Conserve Battery"],"picked":"Ball Lightning","floor":7},{"not_picked":["Heatsinks","Hologram"],"picked":"Echo Form","floor":8},{"not_picked":["Steam Power","Capacitor"],"picked":"Leap","floor":14},{"not_picked":["Echo Form","Multi-Cast"],"picked":"Machine Learning","floor":16},{"not_picked":["Scrape","Steam"],"picked":"Barrage+1","floor":18},{"not_picked":["Sweeping Beam","Compile Driver+1"],"picked":"FTL","floor":19}],"player_experience":558031,"relics_obtained":[{"floor":8,"key":"MawBank"},{"floor":9,"key":"Matryoshka"}],"event_choices":[{"damage_healed":0,"gold_gain":0,"player_choice":"Entered Light","damage_taken":15,"max_hp_gain":0,"max_hp_loss":0,"event_name":"Shining Light","floor":2,"gold_loss":0,"cards_upgraded":["Skim","Defend_B"]},{"cards_removed":["Compile Driver"],"damage_healed":5,"gold_gain":0,"player_choice":"Offered Common","damage_taken":0,"max_hp_gain":0,"max_hp_loss":0,"event_name":"Bonfire Elementals","floor":4,"gold_loss":0},{"cards_removed":["Compile Driver"],"damage_healed":5,"gold_gain":0,"player_choice":"Offered Special","damage_taken":0,"max_hp_gain":0,"max_hp_loss":0,"event_name":"Bonfire Elementals","floor":4,"gold_loss":0},{"damage_healed":18,"gold_gain":0,"player_choice":"Healed","damage_taken":0,"max_hp_gain":0,"max_hp_loss":0,"event_name":"The Cleric","floor":10,"gold_loss":35},{"damage_healed":0,"gold_gain":0,"player_choice":"0 cards matched","damage_taken":0,"max_hp_gain":0,"max_hp_loss":0,"event_name":"Match and Keep!","floor":12,"gold_loss":0,"cards_obtained":[]}],"is_beta":false,"boss_relics":[{"not_picked":["Black Star","Runic Pyramid"],"picked":"Pandora\u0027s Box"}],"items_purged_floors":[],"is_endless":false,"potions_floor_spawned":[3,5,8,14,18],"killed_by":"3 Cultists","ascension_level":6}