{"gold_per_floor":[111,31,49,49,61,89,89,106,106,140,157,157,171,197,197,270,270,281,281,300,350,66,99,111,123],"floor_reached":25,"playtime":634,"items_purged":["Strike_G"],"score":482,"play_id":"8e10a3c7-1f05-4b04-a46e-f30f19dc5e68","local_time":"20190118003324","is_ascension_mode":true,"campfire_choices":[{"floor":7.0,"key":"REST"},{"data":"Deadly Poison","floor":12.0,"key":"SMITH"},{"data":"Neutralize","floor":15.0,"key":"SMITH"},{"floor":24,"key":"REST"}],"neow_cost":"NONE","seed_source_timestamp":628848781693592,"circlet_count":0,"master_deck":["AscendersBane","Defend_G","Defend_G","Defend_G","Defend_G","Defend_G","Strike_G","Strike_G","Strike_G","Survivor","Neutralize+1","Backstab","Dagger Spray","PiercingWail","Dagger Spray","Dodge and Roll","Sucker Punch","Backstab","Deadly Poison+1","Masterful Stab","Cloak And Dagger","Burst","Corpse Explosion","Well Laid Plans+1","Blur"],"special_seed":0,"relics":["Ring of the Snake","Vajra","Blue Candle","Letter Opener","Meat on the Bone","Singing Bowl","Cursed Key","Toy Ornithopter","MawBank"],"potions_floor_usage":[23,23],"damage_taken":[{"damage":1.0,"enemies":"Cultist","floor":1.0,"turns":4.0},{"damage":0.0,"enemies":"Jaw Worm","floor":3.0,"turns":3.0},{"damage":0.0,"enemies":"Small Slimes","floor":5.0,"turns":3.0},{"damage":46.0,"enemies":"Gremlin Nob","floor":6.0,"turns":5.0},{"damage":0.0,"enemies":"3 Louse","floor":8.0,"turns":3.0},{"damage":38.0,"enemies":"Lagavulin","floor":10.0,"turns":9.0},{"damage":0.0,"enemies":"Exordium Wildlife","floor":11.0,"turns":2.0},{"damage":0.0,"enemies":"Gremlin Gang","floor":13.0,"turns":3.0},{"damage":2.0,"enemies":"Gremlin Nob","floor":14.0,"turns":3.0},{"damage":12.0,"enemies":"The Guardian","floor":16.0,"turns":13.0},{"damage":16.0,"enemies":"Spheric Guardian","floor":18.0,"turns":4.0},{"damage":13,"enemies":"Colosseum Slavers","floor":19,"turns":4},{"damage":30,"enemies":"Shell Parasite","floor":20,"turns":5},{"damage":30,"enemies":"Book of Stabbing","floor":23,"turns":6},{"damage":44,"enemies":"Slavers","floor":25,"turns":4}],"seed_played":"-1675908543775614145","potions_obtained":[{"floor":1.0,"key":"EssenceOfSteel"},{"floor":3.0,"key":"LiquidBronze"},{"floor":5.0,"key":"Regen Potion"},{"floor":11.0,"key":"SpeedPotion"},{"floor":13.0,"key":"Fruit Juice"},{"floor":14.0,"key":"Strength Potion"},{"floor":18.0,"key":"Ancient Potion"}],"is_trial":false,"path_per_floor":["M","$","M","?","M","E","R","M","T","E","M","R","M","E","R","B",null,"M","?","M","?","$","E","R","E"],"character_chosen":"THE_SILENT","items_purchased":["Dagger Spray","PiercingWail","Toy Ornithopter"],"campfire_rested":2,"item_purchase_floors":[2,2,22],"current_hp_per_floor":[58,58,58,51,51,5,24,24,24,1,13,13,30,40,40,40,63,47,46,30,30,30,22,43,0],"gold":123,"neow_bonus":"RANDOM_COMMON_RELIC","is_prod":false,"is_daily":false,"chose_seed":false,"campfire_upgraded":2,"win_rate":0,"timestamp":1547739204,"path_taken":["M","?","M","?","M","E","R","M","T","E","M","R","M","E","R","BOSS","M","?","M","?","?","E","R","E"],"build_version":"2019-01-10","purchased_purges":1,"victory":false,"max_hp_per_floor":[66,66,66,66,66,66,66,66,66,66,66,66,71,71,71,71,71,71,71,73,73,73,73,73,73],"card_choices":[{"not_picked":["Setup","Tactician"],"picked":"Backstab","floor":1.0},{"not_picked":["Bane","Setup"],"picked":"Dagger Spray","floor":3.0},{"not_picked":["Flying Knee","Distraction"],"picked":"Dodge and Roll","floor":5.0},{"not_picked":["Poisoned Stab","Phantasmal Killer"],"picked":"Sucker Punch","floor":6.0},{"not_picked":["Underhanded Strike","Deflect"],"picked":"Backstab","floor":8.0},{"not_picked":["Quick Slash","Catalyst"],"picked":"Deadly Poison","floor":10.0},{"not_picked":["Quick Slash","Acrobatics"],"picked":"Masterful Stab","floor":11.0},{"not_picked":["Flying Knee","Underhanded Strike"],"picked":"Cloak And Dagger","floor":13.0},{"not_picked":["Skewer","Blade Dance"],"picked":"Burst","floor":14.0},{"not_picked":["Unload","Die Die Die"],"picked":"Corpse Explosion","floor":16.0},{"not_picked":["Crippling Poison","Footwork"],"picked":"Well Laid Plans+1","floor":18.0},{"not_picked":["Flying Knee","Heel Hook","Dodge and Roll"],"picked":"Singing Bowl","floor":20},{"not_picked":["Bouncing Flask","Slice"],"picked":"Blur","floor":23}],"player_experience":4116463,"relics_obtained":[{"floor":6.0,"key":"Blue Candle"},{"floor":9.0,"key":"Letter Opener"},{"floor":10.0,"key":"Meat on the Bone"},{"floor":14.0,"key":"Singing Bowl"},{"floor":23,"key":"MawBank"}],"event_choices":[{"cards_removed":["Strike_G"],"damage_healed":0.0,"max_hp_gain":0.0,"max_hp_loss":0.0,"gold_gain":0.0,"event_name":"Golden Wing","player_choice":"Card Removal","floor":4.0,"gold_loss":0.0,"damage_taken":7.0},{"damage_healed":0,"gold_gain":0,"player_choice":"Fight","damage_taken":0,"max_hp_gain":0,"max_hp_loss":0,"event_name":"Colosseum","floor":19,"gold_loss":0},{"damage_healed":0,"gold_gain":0,"player_choice":"Fled From Nobs","damage_taken":0,"max_hp_gain":0,"max_hp_loss":0,"event_name":"Colosseum","floor":19,"gold_loss":0},{"damage_healed":0,"gold_gain":50,"player_choice":"Stole From Cult","damage_taken":0,"max_hp_gain":0,"max_hp_loss":0,"event_name":"Nest","floor":21,"gold_loss":0}],"is_beta":false,"boss_relics":[{"not_picked":["White Beast Statue","Pandora\u0027s Box"],"picked":"Cursed Key"}],"items_purged_floors":[22],"is_endless":false,"potions_floor_spawned":[1,3,5,11,13,14,18,19],"killed_by":"Slavers","ascension_level":20}