{"path_per_floor":["M","M","$","?","M","R","?","R","T","M","?","R","M","M","R","B",null,"M","$","?","?","$","R","M","T","T","R","?","M","R","?","R","B",null,"M","$","M","M","M","R","M","?","T","?","M","M","M","M","R","B"],"character_chosen":"THE_SILENT","items_purchased":["Footwork","Apotheosis","Outmaneuver"],"gold_per_floor":[16,34,34,34,49,49,49,49,96,116,116,116,131,147,147,251,251,267,121,121,66,66,66,76,100,100,100,100,113,113,113,113,209,209,219,7,18,31,44,44,60,107,107,107,117,130,148,166,166,166],"floor_reached":51,"campfire_rested":0,"playtime":5513,"current_hp_per_floor":[70,70,70,63,62,62,62,62,62,53,53,53,54,53,53,33,70,60,60,60,60,60,60,62,69,69,69,69,40,40,40,40,65,77,77,77,69,70,48,48,40,9,9,28,16,38,46,65,65,65],"items_purged":["Strike_G"],"gold":166,"play_id":"6841c2f7-d515-4885-90aa-e4266c90d095","is_prod":false,"is_daily":false,"is_ascension_mode":true,"campfire_upgraded":10,"path_taken":["M","?","$","?","M","R","?","R","T","M","?","R","?","M","R","BOSS","M","$","?","?","$","R","M","?","T","R","?","?","R","?","R","BOSS","M","$","?","M","M","R","M","?","T","?","M","M","M","M","R","BOSS"],"build_version":"2018-01-25-PROD2","purchased_purges":1,"victory":true,"master_deck":["Defend_G","Defend_G","Defend_G","Defend_G","Defend_G","Survivor+1","Neutralize+1","A Thousand Cuts+1","Distraction+1","Slice","Blur","Well Laid Plans+1","Phantasmal Killer+1","Quick Slash","After Image+1","Sucker Punch+1","Footwork+1","Dodge and Roll","Writhe","Bite_G","Bite_G","Bite_G","Bite_G","Bite_G","Reflex+1","Outmaneuver+1","Burst","Deflect+1","Apotheosis+1","Outmaneuver+1","Acrobatics","Bullet Time","Dagger Throw+1","Distraction","PiercingWail","Writhe","Wraith Form","Acrobatics+1","Endless Agony+1","Eviscerate"],"max_hp_per_floor":[70,70,70,70,70,70,70,70,70,70,70,70,70,70,70,70,70,70,70,70,70,70,70,70,77,77,77,77,77,77,77,77,77,77,77,77,77,77,77,77,77,77,77,77,77,77,77,77,77,77],"relics":["Ring of the Snake","Cursed Key","Tiny Chest","Strawberry","Lizard Tail","Thread and Needle"],"card_choices":[{"not_picked":["Envenom","Glass Knife"],"picked":"A Thousand Cuts"},{"not_picked":["Flying Knee","Dodge and Roll"],"picked":"Distraction"},{"not_picked":["Masterful Stab","Deadly Poison"],"picked":"Slice"},{"not_picked":["Slice","Underhanded Strike"],"picked":"Blur"},{"not_picked":["Slice","Terror"],"picked":"Well Laid Plans"},{"not_picked":["Bane","Heel Hook"],"picked":"Quick Slash"},{"not_picked":["Wraith Form","Envenom"],"picked":"After Image"},{"not_picked":["PiercingWail","Slice"],"picked":"Sucker Punch"},{"not_picked":["Masterful Stab","Flying Knee"],"picked":"Dodge and Roll"},{"not_picked":["Crippling Poison","Masterful Stab"],"picked":"Reflex"},{"not_picked":["Doppelganger","Tools of the Trade"],"picked":"Burst"},{"not_picked":["Masterful Stab","Dagger Spray"],"picked":"Deflect"},{"not_picked":["Dodge and Roll","Dagger Throw"],"picked":"Acrobatics"},{"not_picked":["Bane","Underhanded Strike"],"picked":"Bullet Time"},{"not_picked":["Skewer","All Out Attack"],"picked":"Dagger Throw"},{"not_picked":["Dagger Throw","Dodge and Roll"],"picked":"Distraction"},{"not_picked":["Underhanded Strike","Deadly Poison"],"picked":"PiercingWail"},{"not_picked":["Poisoned Stab","Skewer"],"picked":"Wraith Form"},{"not_picked":["Sucker Punch","Deflect"],"picked":"Acrobatics"},{"not_picked":["Dodge and Roll","Bouncing Flask"],"picked":"Endless Agony"},{"not_picked":["Deadly Poison","Dagger Throw"],"picked":"Eviscerate"}],"player_experience":51029,"potions_floor_usage":[10,33,33,37,37,38,42,50,50,50],"damage_taken":[{"damage":0,"enemies":"Blue Slaver","floor":1,"turns":6},{"damage":0,"enemies":"2 Louse","floor":2,"turns":4},{"damage":1,"enemies":"Cultist","floor":5,"turns":4},{"damage":11,"enemies":"Lots of Slimes","floor":10,"turns":7},{"damage":1,"enemies":"Looter","floor":13,"turns":5},{"damage":3,"enemies":"Red Slaver","floor":14,"turns":6},{"damage":22,"enemies":"Hexaghost","floor":16,"turns":12},{"damage":10,"enemies":"Spheric Guardian","floor":18,"turns":5},{"damage":0,"enemies":"3 Byrds","floor":24,"turns":4},{"damage":45,"enemies":"Snecko","floor":29,"turns":8},{"damage":23,"enemies":"Automaton","floor":33,"turns":19},{"damage":0,"enemies":"Orb Walker","floor":35,"turns":6},{"damage":17,"enemies":"3 Darklings","floor":37,"turns":8},{"damage":12,"enemies":"Maw","floor":38,"turns":10},{"damage":40,"enemies":"4 Shapes","floor":39,"turns":9},{"damage":24,"enemies":"3 Darklings","floor":41,"turns":6},{"damage":48,"enemies":"Mysterious Sphere","floor":42,"turns":8},{"damage":35,"enemies":"Sphere and 2 Shapes","floor":45,"turns":8},{"damage":31,"enemies":"4 Shapes","floor":46,"turns":5},{"damage":1,"enemies":"3 Darklings","floor":47,"turns":5},{"damage":4,"enemies":"Maw","floor":48,"turns":10},{"damage":36,"enemies":"Awakened One","floor":50,"turns":14}],"event_choices":[{"event_name":"Golden Wing","player_choice":"Card Removal","floor":4,"damage_taken":0},{"event_name":"Bonfire Elementals","player_choice":"BASIC","floor":7,"damage_taken":0},{"event_name":"Transmorgrifier","player_choice":"Transform","floor":11,"damage_taken":0},{"event_name":"Upgrade Shrine","player_choice":"Upgraded","floor":20,"damage_taken":0},{"event_name":"Addict","player_choice":"Obtained Relic","floor":21,"damage_taken":0},{"event_name":"Vampires","player_choice":"Became a vampire (Vial)","floor":28,"damage_taken":0},{"event_name":"The Library","player_choice":"Read","floor":31,"damage_taken":0},{"event_name":"Mysterious Sphere","player_choice":"Fight","floor":42,"damage_taken":0},{"event_name":"Winding Halls","player_choice":"Writhe","floor":44,"damage_taken":0}],"boss_relics":[{"not_picked":["Runic Pyramid","Calling Bell"],"picked":"Cursed Key"},{"not_picked":["Black Star","Eternal Feather"],"picked":"Lizard Tail"}],"potions_floor_spawned":[2,13,16,18,24,35,37,41,46,47],"seed_played":"8283465904445115206","ascension_level":2,"is_trial":false}