{"gold_per_floor":[110,122,142,156,171,204,204,237,237,255,255,289,57,57,57,129,129,147,157,157,170,181,211,211,240,270,270,195,195,16,27,27,27],"floor_reached":33,"playtime":1097,"items_purged":["Strike_G","Strike_G"],"score":614,"play_id":"460c809d-e71c-439f-9743-938d061bab4d","local_time":"20190117011651","is_ascension_mode":true,"campfire_choices":[{"floor":7.0,"key":"REST"},{"floor":11.0,"key":"REST"},{"data":"Deadly Poison","floor":15.0,"key":"SMITH"},{"floor":24,"key":"REST"},{"floor":27,"key":"REST"},{"data":"After Image","floor":29,"key":"SMITH"},{"data":"Accuracy","floor":32,"key":"SMITH"}],"neow_cost":"NONE","seed_source_timestamp":544637032699789,"circlet_count":0,"master_deck":["AscendersBane","Defend_G","Defend_G","Defend_G","Defend_G","Strike_G","Strike_G","Survivor","Neutralize+1","Deadly Poison+1","Flying Knee","Quick Slash","Crippling Poison","Escape Plan","Cloak And Dagger","Predator","Infinite Blades","After Image+1","Cloak And Dagger","Dagger Throw","Night Terror","Clumsy","Cloak And Dagger","Finisher","Infinite Blades","Accuracy+1"],"special_seed":0,"relics":["Ring of the Snake","Du-Vu Doll","Regal Pillow","Pantograph","Boot","Vajra","Busted Crown","Singing Bowl","Lantern","Tiny Chest"],"potions_floor_usage":[23,25],"damage_taken":[{"damage":1.0,"enemies":"Cultist","floor":1.0,"turns":5.0},{"damage":4.0,"enemies":"Small Slimes","floor":2.0,"turns":4.0},{"damage":0.0,"enemies":"2 Louse","floor":3.0,"turns":3.0},{"damage":8.0,"enemies":"Exordium Wildlife","floor":4.0,"turns":5.0},{"damage":10.0,"enemies":"Large Slime","floor":5.0,"turns":6.0},{"damage":5.0,"enemies":"Lagavulin","floor":6.0,"turns":5.0},{"damage":37.0,"enemies":"Gremlin Nob","floor":8.0,"turns":4.0},{"damage":1.0,"enemies":"3 Louse","floor":10.0,"turns":4.0},{"damage":14.0,"enemies":"Lagavulin","floor":12.0,"turns":8.0},{"damage":27.0,"enemies":"Hexaghost","floor":16.0,"turns":8.0},{"damage":9.0,"enemies":"Chosen","floor":18.0,"turns":5.0},{"damage":2.0,"enemies":"2 Thieves","floor":19.0,"turns":5.0},{"damage":10.0,"enemies":"Snecko","floor":21.0,"turns":5.0},{"damage":10.0,"enemies":"Centurion and Healer","floor":22.0,"turns":9.0},{"damage":23,"enemies":"Gremlin Leader","floor":23,"turns":7},{"damage":24,"enemies":"Slavers","floor":25,"turns":6},{"damage":17,"enemies":"Shelled Parasite and Fungi","floor":31,"turns":5},{"damage":59,"enemies":"Collector","floor":33,"turns":7}],"seed_played":"-6001678285829876153","potions_obtained":[{"floor":2.0,"key":"Swift Potion"},{"floor":4.0,"key":"SkillPotion"},{"floor":5.0,"key":"Block Potion"},{"floor":6.0,"key":"SkillPotion"},{"floor":22.0,"key":"SkillPotion"},{"floor":23,"key":"Fire Potion"}],"is_trial":false,"path_per_floor":["M","M","M","M","M","E","R","E","T","M","R","E","$","?","R","B",null,"M","M","?","M","M","E","R","E","T","R","?","R","$","M","R","B"],"character_chosen":"THE_SILENT","items_purchased":["Vajra","Accuracy"],"campfire_rested":4,"item_purchase_floors":[13,30],"current_hp_per_floor":[58,54,54,46,36,31,50,13,13,12,46,32,32,25,25,23,55,46,44,44,34,24,3,38,14,14,49,49,49,49,34,34,0],"gold":27,"neow_bonus":"UPGRADE_CARD","is_prod":false,"is_daily":false,"chose_seed":false,"campfire_upgraded":3,"win_rate":0,"timestamp":1547655411,"path_taken":["M","M","M","?","M","E","R","E","T","M","R","E","$","?","R","BOSS","M","M","?","M","?","E","R","E","T","R","?","R","?","M","R","BOSS"],"build_version":"2019-01-10","purchased_purges":2,"victory":false,"max_hp_per_floor":[66,66,66,66,66,66,66,66,66,66,66,66,66,66,66,66,66,66,66,66,66,66,68,68,68,68,68,68,68,68,70,70,70],"card_choices":[{"not_picked":["Flechettes","Distraction"],"picked":"Deadly Poison","floor":1.0},{"not_picked":["Reflex","Leg Sweep"],"picked":"Flying Knee","floor":2.0},{"not_picked":["Deadly Poison","Choke"],"picked":"Quick Slash","floor":3.0},{"not_picked":["Catalyst","Backflip"],"picked":"Crippling Poison","floor":4.0},{"not_picked":["Deflect","Distraction"],"picked":"Escape Plan","floor":5.0},{"not_picked":["Well Laid Plans","Backflip"],"picked":"Cloak And Dagger","floor":6.0},{"not_picked":["Acrobatics","Sucker Punch"],"picked":"Predator","floor":8.0},{"not_picked":["Calculated Gamble","Skewer"],"picked":"Infinite Blades","floor":10.0},{"not_picked":["Acrobatics","A Thousand Cuts","Skewer"],"picked":"SKIP","floor":12.0},{"not_picked":["Bullet Time","Malaise"],"picked":"After Image","floor":16.0},{"not_picked":[],"picked":"Cloak And Dagger","floor":18.0},{"not_picked":[],"picked":"Dagger Throw","floor":19.0},{"not_picked":[],"picked":"Cloak And Dagger","floor":21.0},{"not_picked":[],"picked":"Finisher","floor":22.0},{"not_picked":["Underhanded Strike"],"picked":"Singing Bowl","floor":23},{"not_picked":[],"picked":"Infinite Blades","floor":25},{"not_picked":["Accuracy"],"picked":"Singing Bowl","floor":31}],"player_experience":4105137,"relics_obtained":[{"floor":6.0,"key":"Du-Vu Doll"},{"floor":8.0,"key":"Regal Pillow"},{"floor":9.0,"key":"Pantograph"},{"floor":12.0,"key":"Boot"},{"floor":23,"key":"Singing Bowl"},{"floor":25,"key":"Lantern"},{"floor":26,"key":"Tiny Chest"}],"event_choices":[{"cards_removed":["Strike_G"],"damage_healed":0.0,"max_hp_gain":0.0,"max_hp_loss":0.0,"gold_gain":0.0,"event_name":"Golden Wing","player_choice":"Card Removal","floor":14.0,"gold_loss":0.0,"damage_taken":7.0},{"damage_healed":0.0,"max_hp_gain":0.0,"max_hp_loss":0.0,"gold_gain":0.0,"event_name":"Match and Keep!","player_choice":"2 cards matched","floor":20.0,"gold_loss":0.0,"damage_taken":0.0,"cards_obtained":["Night Terror","Clumsy"]},{"cards_removed":["Defend_G"],"damage_healed":0,"gold_gain":0,"player_choice":"Gave Gold","damage_taken":0,"max_hp_gain":0,"max_hp_loss":0,"event_name":"Beggar","floor":28,"gold_loss":75}],"is_beta":false,"boss_relics":[{"not_picked":["Tiny House","Snecko Eye"],"picked":"Busted Crown"}],"items_purged_floors":[13,30],"is_endless":false,"potions_floor_spawned":[2,4,5,6,22,23],"killed_by":"Collector","ascension_level":20}