{"gold_per_floor":[112,132,207,219,233,264,264,294,294,313,29,29,29,39,39,39],"floor_reached":16,"playtime":528,"items_purged":[],"score":138,"play_id":"c09cd03f-cdff-41c1-ae1b-a68f1ca92142","local_time":"20190323013629","is_ascension_mode":true,"campfire_choices":[{"floor":7,"key":"REST"},{"floor":13,"key":"REST"},{"floor":15,"key":"REST"}],"neow_cost":"NONE","seed_source_timestamp":1154804659369375,"circlet_count":0,"master_deck":["Strike_R","Strike_R","Strike_R","Strike_R","Strike_R","Defend_R","Defend_R","Defend_R","Defend_R","Bash+1","Infernal Blade","Feed","Spot Weakness","Headbutt","Ghostly Armor"],"relics":["Burning Blood","Bronze Scales","Sundial","PrismaticShard"],"potions_floor_usage":[16],"damage_taken":[{"damage":11,"enemies":"Jaw Worm","floor":1,"turns":4},{"damage":10,"enemies":"Small Slimes","floor":2,"turns":4},{"damage":9,"enemies":"2 Louse","floor":4,"turns":3},{"damage":25,"enemies":"Lots of Slimes","floor":5,"turns":6},{"damage":29,"enemies":"Gremlin Nob","floor":6,"turns":4},{"damage":15,"enemies":"3 Louse","floor":10,"turns":3},{"damage":18,"enemies":"2 Fungi Beasts","floor":14,"turns":3},{"damage":56,"enemies":"Hexaghost","floor":16,"turns":9}],"seed_played":"-5660090437517268248","potions_obtained":[{"floor":4,"key":"Swift Potion"},{"floor":5,"key":"LiquidBronze"},{"floor":6,"key":"Ancient Potion"}],"is_trial":false,"path_per_floor":["M","M","?","M","M","E","R","?","T","M","$","?","R","M","R","B"],"character_chosen":"IRONCLAD","items_purchased":["PrismaticShard","Ghostly Armor"],"campfire_rested":3,"item_purchase_floors":[11,11],"current_hp_per_floor":[67,63,52,49,30,7,31,31,31,25,25,13,37,28,53,0],"gold":39,"neow_bonus":"UPGRADE_CARD","is_prod":false,"is_daily":false,"chose_seed":false,"campfire_upgraded":0,"win_rate":0,"timestamp":1553319389,"path_taken":["M","M","?","M","M","E","R","?","T","M","$","?","R","M","R","BOSS"],"build_version":"2019-01-23","purchased_purges":0,"victory":false,"max_hp_per_floor":[80,80,80,80,80,80,80,80,80,83,83,83,83,86,86,86],"card_choices":[{"not_picked":["Perfected Strike","Seeing Red","Sentinel"],"picked":"SKIP","floor":1},{"not_picked":["Flex","Armaments","Pommel Strike"],"picked":"SKIP","floor":2},{"not_picked":["Fire Breathing","Corruption"],"picked":"Infernal Blade","floor":4},{"not_picked":["Havoc","Carnage"],"picked":"Feed","floor":5},{"not_picked":["Perfected Strike","Iron Wave"],"picked":"Spot Weakness","floor":6},{"not_picked":["Blood for Blood","Flex"],"picked":"Headbutt","floor":10},{"not_picked":["Genetic Algorithm","Armaments","Poisoned Stab"],"picked":"SKIP","floor":14}],"player_experience":325232,"relics_obtained":[{"floor":6,"key":"Bronze Scales"},{"floor":9,"key":"Sundial"}],"event_choices":[{"damage_healed":0,"gold_gain":75,"player_choice":"Gather Gold","damage_taken":11,"max_hp_gain":0,"max_hp_loss":0,"event_name":"World of Goop","floor":3,"gold_loss":0},{"damage_healed":0,"gold_gain":30,"player_choice":"Searched \u00271\u0027 times","damage_taken":0,"max_hp_gain":0,"max_hp_loss":0,"event_name":"Dead Adventurer","floor":8,"gold_loss":0},{"damage_healed":0,"gold_gain":0,"player_choice":"Fled","damage_taken":12,"max_hp_gain":0,"max_hp_loss":0,"event_name":"Scrap Ooze","floor":12,"gold_loss":0}],"is_beta":false,"boss_relics":[],"items_purged_floors":[],"is_endless":false,"potions_floor_spawned":[4,5,6],"killed_by":"Hexaghost","ascension_level":7}