{"gold_per_floor":[13,13,23,40,40,40,40,71,71,82,82,113,113,129,129,204,204,179,379,397,93,113,113,113],"floor_reached":24,"playtime":920,"items_purged":["Strike_R"],"score":381,"play_id":"b536f8a3-4275-41c2-b41b-3de5198f0fc1","local_time":"20190311234504","is_ascension_mode":true,"campfire_choices":[{"data":"Metallicize","floor":6,"key":"SMITH"},{"floor":11,"key":"REST"},{"data":"Body Slam","floor":13,"key":"SMITH"},{"floor":15,"key":"REST"},{"data":"Barricade","floor":23,"key":"SMITH"}],"neow_cost":"NO_GOLD","seed_source_timestamp":365287966983900,"circlet_count":0,"master_deck":["AscendersBane","Strike_R","Strike_R","Strike_R","Defend_R","Defend_R","Defend_R","Defend_R","Bash","Metallicize+1","Headbutt","Rampage","Sword Boomerang","Ghostly Armor","Body Slam+1","Iron Wave","Barricade+1"],"relics":["Burning Blood","WingedGreaves","Matryoshka","Boot","Self Forming Clay","Singing Bowl","Eternal Feather","Lee\u0027s Waffle"],"potions_floor_usage":[16,24],"damage_taken":[{"damage":7,"enemies":"2 Louse","floor":1,"turns":3},{"damage":17,"enemies":"Cultist","floor":3,"turns":5},{"damage":13,"enemies":"Small Slimes","floor":4,"turns":5},{"damage":24,"enemies":"Gremlin Nob","floor":8,"turns":4},{"damage":9,"enemies":"Blue Slaver","floor":10,"turns":3},{"damage":19,"enemies":"3 Sentries","floor":12,"turns":9},{"damage":12,"enemies":"Lots of Slimes","floor":14,"turns":5},{"damage":18,"enemies":"The Guardian","floor":16,"turns":11},{"damage":29,"enemies":"2 Thieves","floor":18,"turns":4},{"damage":32,"enemies":"Shell Parasite","floor":20,"turns":8},{"damage":36,"enemies":"Snake Plant","floor":22,"turns":6},{"damage":79,"enemies":"Gremlin Leader","floor":24,"turns":5}],"seed_played":"-1535207612772559555","potions_obtained":[{"floor":1,"key":"LiquidBronze"},{"floor":3,"key":"Block Potion"},{"floor":7,"key":"Regen Potion"},{"floor":16,"key":"Ancient Potion"}],"is_trial":false,"path_per_floor":["M","?","M","M","$","R","?","E","T","M","R","E","R","M","R","B",null,"M","?","M","$","M","R","E"],"character_chosen":"IRONCLAD","items_purchased":["Lee\u0027s Waffle"],"campfire_rested":2,"item_purchase_floors":[21],"current_hp_per_floor":[67,67,56,49,49,49,49,31,31,28,50,37,37,31,53,41,67,46,46,22,86,58,67,0],"gold":113,"neow_bonus":"ONE_RARE_RELIC","is_prod":false,"is_daily":false,"chose_seed":false,"campfire_upgraded":3,"win_rate":0,"timestamp":1552362304,"path_taken":["M","?","M","?","$","R","?","E","T","?","R","E","R","M","R","BOSS","M","?","?","?","?","R","E"],"build_version":"2019-02-06","purchased_purges":1,"victory":false,"max_hp_per_floor":[75,75,75,75,75,75,75,75,75,75,75,75,75,75,75,75,75,77,77,79,86,88,88,88],"card_choices":[{"not_picked":["Twin Strike","Pommel Strike"],"picked":"Metallicize","floor":1},{"not_picked":["Whirlwind","Warcry"],"picked":"Headbutt","floor":3},{"not_picked":["Fire Breathing","Bloodletting"],"picked":"Rampage","floor":4},{"not_picked":["Berserk","Hemokinesis"],"picked":"Sword Boomerang","floor":8},{"not_picked":["Body Slam","Anger"],"picked":"Ghostly Armor","floor":10},{"not_picked":["Flex","Burning Pact"],"picked":"Body Slam","floor":12},{"not_picked":["Intimidate","Anger"],"picked":"Iron Wave","floor":14},{"not_picked":["Fiend Fire","Impervious"],"picked":"Barricade","floor":16},{"not_picked":["Pommel Strike","Sever Soul","Blood for Blood"],"picked":"Singing Bowl","floor":18},{"not_picked":["Armaments","Sword Boomerang","Inflame"],"picked":"Singing Bowl","floor":20},{"not_picked":["True Grit","Battle Trance","Sword Boomerang"],"picked":"Singing Bowl","floor":22}],"player_experience":639394,"relics_obtained":[{"floor":8,"key":"Matryoshka"},{"floor":9,"key":"Boot"},{"floor":9,"key":"Self Forming Clay"},{"floor":12,"key":"Singing Bowl"}],"event_choices":[{"cards_removed":["Strike_R"],"damage_healed":0,"gold_gain":0,"player_choice":"Offered Basic","damage_taken":0,"max_hp_gain":0,"max_hp_loss":0,"event_name":"Bonfire Elementals","floor":2,"gold_loss":0},{"damage_healed":0,"gold_gain":0,"player_choice":"Got Potions","damage_taken":0,"max_hp_gain":0,"max_hp_loss":0,"event_name":"Lab","floor":7,"gold_loss":0},{"damage_healed":0,"gold_gain":250,"player_choice":"Bet on Owner","damage_taken":0,"max_hp_gain":0,"max_hp_loss":0,"event_name":"The Joust","floor":19,"gold_loss":50}],"is_beta":true,"boss_relics":[{"not_picked":["Orrery","Lizard Tail"],"picked":"Eternal Feather"}],"items_purged_floors":[21],"is_endless":false,"potions_floor_spawned":[1,3,12,16,20],"killed_by":"Gremlin Leader","ascension_level":17}