{"gold_per_floor":[210,210,42,66,81,81,147,147,200,7,30,30,55,71,71,161,161,181,3,28,28,51,51,71,105,105,105,52,52,73,73,73,168,168,187,187,212,212,32,53,53,53,77,23,23,23,23,23,23,23],"floor_reached":50,"playtime":2505,"items_purged":["Strike_R","Strike_R"],"score":966,"play_id":"e1da993f-6158-4db6-a5f9-93640bdefbd3","local_time":"20181023012254","is_ascension_mode":true,"campfire_choices":[{"data":"Uppercut","floor":6.0,"key":"SMITH"},{"data":"Bash","floor":8.0,"key":"SMITH"},{"data":"Armaments","floor":15.0,"key":"SMITH"},{"data":"Armaments","floor":23.0,"key":"SMITH"},{"data":"Limit Break","floor":27.0,"key":"SMITH"},{"floor":32.0,"key":"REST"},{"floor":41,"key":"REST"},{"data":"Battle Trance","floor":45,"key":"SMITH"},{"floor":47,"key":"REST"},{"floor":49,"key":"REST"}],"neow_cost":"NONE","seed_source_timestamp":1044195043122637,"circlet_count":0,"master_deck":["Defend_R","Defend_R","Defend_R+1","Defend_R","Bash+1","AscendersBane","Uppercut+1","Wild Strike","Iron Wave","Shrug It Off","Armaments+1","Spot Weakness+1","Flame Barrier+1","Clothesline","Limit Break+1","Battle Trance+1","Armaments+1","Uppercut","Spot Weakness","Headbutt","Fiend Fire","Shockwave+1","Carnage+1","Pummel","Writhe","Reaper"],"special_seed":0,"relics":["Burning Blood","Golden Idol","Vajra","Tiny Chest","Juzu Bracelet","Snecko Eye","Bronze Scales","Blue Candle","Astrolabe","Dodecahedron","War Paint"],"potions_floor_usage":[40,50,50],"damage_taken":[{"damage":11.0,"enemies":"2 Louse","floor":1.0,"turns":3.0},{"damage":7.0,"enemies":"Small Slimes","floor":4.0,"turns":4.0},{"damage":2.0,"enemies":"Jaw Worm","floor":5.0,"turns":3.0},{"damage":40.0,"enemies":"3 Sentries","floor":7.0,"turns":11.0},{"damage":11.0,"enemies":"3 Louse","floor":11.0,"turns":4.0},{"damage":8.0,"enemies":"Exordium Wildlife","floor":13.0,"turns":4.0},{"damage":0.0,"enemies":"2 Fungi Beasts","floor":14.0,"turns":5.0},{"damage":16.0,"enemies":"The Guardian","floor":16.0,"turns":13.0},{"damage":6.0,"enemies":"Spheric Guardian","floor":18.0,"turns":4.0},{"damage":10.0,"enemies":"Shell Parasite","floor":20.0,"turns":4.0},{"damage":13.0,"enemies":"Snake Plant","floor":22.0,"turns":3.0},{"damage":15.0,"enemies":"Snecko","floor":24.0,"turns":7.0},{"damage":0.0,"enemies":"Book of Stabbing","floor":25.0,"turns":3.0},{"damage":19.0,"enemies":"Shelled Parasite and Fungi","floor":30.0,"turns":5.0},{"damage":41.0,"enemies":"Collector","floor":33.0,"turns":7.0},{"damage":5.0,"enemies":"3 Shapes","floor":35.0,"turns":5.0},{"damage":44.0,"enemies":"3 Darklings","floor":37.0,"turns":10.0},{"damage":42,"enemies":"Maw","floor":40,"turns":7},{"damage":71,"enemies":"Time Eater","floor":50,"turns":6}],"seed_played":"-5282777006036926279","potions_obtained":[{"floor":1.0,"key":"Strength Potion"},{"floor":13.0,"key":"Block Potion"},{"floor":20.0,"key":"PowerPotion"},{"floor":25.0,"key":"PowerPotion"},{"floor":30.0,"key":"Poison Potion"},{"floor":33.0,"key":"PowerPotion"},{"floor":40,"key":"Poison Potion"}],"is_trial":false,"path_per_floor":["M","?","$","M","M","R","E","R","T","$","M","?","M","M","R","B",null,"M","$","M","?","M","R","M","E","T","R","$","?","M","?","R","B",null,"M","?","M","?","$","M","R","T","T","$","R","?","R","?","R"],"character_chosen":"IRONCLAD","items_purchased":["Vajra","Armaments","Spot Weakness","Battle Trance","SkillPotion","Reaper","PowerPotion"],"campfire_rested":4,"item_purchase_floors":[3,10,10,19,28,39,44],"current_hp_per_floor":[63,63,63,62,66,66,32,32,32,32,27,27,25,31,31,21,56,56,56,52,52,45,45,36,42,42,42,42,42,29,29,49,14,55,56,56,18,32,32,11,31,31,31,31,31,31,51,41,61,0],"gold":23,"neow_bonus":"HUNDRED_GOLD","is_prod":false,"is_daily":false,"chose_seed":false,"campfire_upgraded":6,"win_rate":0,"timestamp":1540272174,"path_taken":["M","?","$","M","M","R","E","R","T","$","M","?","M","M","R","BOSS","M","$","M","?","M","R","M","E","T","R","$","?","M","?","R","BOSS","M","?","M","?","?","M","R","?","T","$","R","?","R","?","R","BOSS"],"build_version":"2018-10-19","purchased_purges":2,"victory":false,"max_hp_per_floor":[75,68,68,68,68,68,68,68,68,68,68,68,68,68,68,68,68,68,68,68,68,68,68,68,68,68,68,68,68,68,68,68,68,68,68,68,68,68,68,68,68,68,68,68,68,68,68,68,68,68],"card_choices":[{"not_picked":["Metallicize","Headbutt"],"picked":"Uppercut","floor":1.0},{"not_picked":["Rage","Entrench"],"picked":"Wild Strike","floor":4.0},{"not_picked":["Twin Strike","Clothesline"],"picked":"Iron Wave","floor":5.0},{"not_picked":["Dual Wield","Body Slam"],"picked":"Shrug It Off","floor":7.0},{"not_picked":["Thunderclap","True Grit","Dropkick"],"picked":"SKIP","floor":11.0},{"not_picked":["Shrug It Off","Twin Strike"],"picked":"Flame Barrier","floor":13.0},{"not_picked":["Immolate","Twin Strike"],"picked":"Clothesline","floor":14.0},{"not_picked":["Immolate","Offering"],"picked":"Limit Break","floor":16.0},{"not_picked":["Body Slam","Shrug It Off","Warcry"],"picked":"SKIP","floor":18.0},{"not_picked":["Entrench+1","Pommel Strike","Headbutt"],"picked":"SKIP","floor":20.0},{"not_picked":["Shrug It Off","Wild Strike"],"picked":"Uppercut","floor":22.0},{"not_picked":["Sword Boomerang","Power Through"],"picked":"Spot Weakness","floor":24.0},{"not_picked":["Thunderclap","True Grit","Dark Embrace"],"picked":"SKIP","floor":25.0},{"not_picked":["Anger","Thunderclap"],"picked":"Headbutt","floor":30.0},{"not_picked":["Barricade","Brutality"],"picked":"Fiend Fire","floor":33.0},{"not_picked":["Thunderclap","Carnage+1","Sever Soul+1"],"picked":"SKIP","floor":35.0},{"not_picked":["Sever Soul","Armaments","Wild Strike"],"picked":"SKIP","floor":37.0},{"not_picked":["Entrench","Clash","Wild Strike"],"picked":"SKIP","floor":40}],"player_experience":715836,"relics_obtained":[{"floor":7.0,"key":"Tiny Chest"},{"floor":9.0,"key":"Juzu Bracelet"},{"floor":25.0,"key":"Bronze Scales"},{"floor":26.0,"key":"Blue Candle"},{"floor":42,"key":"Dodecahedron"},{"floor":43,"key":"War Paint"}],"event_choices":[{"damage_healed":0.0,"max_hp_gain":0.0,"max_hp_loss":7.0,"gold_gain":0.0,"event_name":"Golden Idol","player_choice":"Lose Max HP","floor":2.0,"gold_loss":0.0,"damage_taken":0.0,"relics_obtained":["Golden Idol"]},{"damage_healed":0.0,"max_hp_gain":0.0,"max_hp_loss":0.0,"gold_gain":0.0,"event_name":"Liars Game","player_choice":"Ignored","floor":12.0,"gold_loss":0.0,"damage_taken":0.0},{"damage_healed":0.0,"max_hp_gain":0.0,"max_hp_loss":0.0,"gold_gain":0.0,"event_name":"The Library","player_choice":"Read","floor":21.0,"gold_loss":0.0,"damage_taken":0.0,"cards_obtained":["Armaments"]},{"damage_healed":0.0,"max_hp_gain":0.0,"max_hp_loss":0.0,"gold_gain":0.0,"event_name":"Upgrade Shrine","player_choice":"Upgraded","floor":29.0,"gold_loss":0.0,"damage_taken":0.0,"cards_upgraded":["Spot Weakness"]},{"damage_healed":0.0,"max_hp_gain":0.0,"max_hp_loss":0.0,"gold_gain":0.0,"event_name":"N\u0027loth","player_choice":"Ignored","floor":31.0,"gold_loss":0.0,"damage_taken":0.0},{"damage_healed":0.0,"max_hp_gain":0.0,"max_hp_loss":0.0,"gold_gain":0.0,"cards_transformed":["Infernal Blade"],"event_name":"Transmorgrifier","player_choice":"Transformed","floor":36.0,"gold_loss":0.0,"damage_taken":0.0,"cards_obtained":["Pummel"]},{"damage_healed":14.0,"max_hp_gain":0.0,"max_hp_loss":0.0,"gold_gain":0.0,"event_name":"Winding Halls","player_choice":"Writhe","floor":38.0,"gold_loss":0.0,"damage_taken":0.0,"cards_obtained":["Writhe"]},{"damage_healed":0,"gold_gain":0,"player_choice":"Ignored","damage_taken":0,"max_hp_gain":0,"max_hp_loss":0,"event_name":"SecretPortal","floor":46,"gold_loss":0},{"damage_healed":0,"gold_gain":0,"player_choice":"Memory 3","damage_taken":10,"max_hp_gain":0,"max_hp_loss":0,"event_name":"SensoryStone","floor":48,"gold_loss":0}],"is_beta":true,"boss_relics":[{"not_picked":["Fusion Hammer","Cursed Key"],"picked":"Snecko Eye"},{"not_picked":["Empty Cage","Pandora\u0027s Box"],"picked":"Astrolabe"}],"items_purged_floors":[10,19],"is_endless":false,"potions_floor_spawned":[1,13,14,20,25,30,33,40],"killed_by":"Time Eater","ascension_level":20}