{"gold_per_floor":[361,361,361,425,438,438,456,456,503,517,517,567,595,101,101,179,179,192,192,210,227,277,277,311,311,311,325,350,58,58,28,28,28],"floor_reached":33,"playtime":967,"items_purged":["Strike_R","Strike_R"],"score":566,"play_id":"65fe0be4-df27-41d5-a7c6-9fcdec4f91f7","local_time":"20190320001326","is_ascension_mode":true,"campfire_choices":[{"data":"Bash","floor":6.0,"key":"SMITH"},{"data":"Combust","floor":8.0,"key":"SMITH"},{"floor":11.0,"key":"REST"},{"floor":15.0,"key":"REST"},{"data":"Immolate","floor":23.0,"key":"SMITH"},{"data":"Shockwave","floor":25.0,"key":"SMITH"},{"floor":30,"key":"REST"},{"data":"Pummel","floor":32,"key":"SMITH"}],"neow_cost":"PERCENT_DAMAGE","seed_source_timestamp":284086558850635,"circlet_count":0,"master_deck":["AscendersBane","Strike_R","Strike_R","Strike_R+1","Defend_R","Defend_R","Defend_R","Defend_R+1","Bash+1","Thunderclap","Shrug It Off","Combust+1","Battle Trance+1","Shrug It Off","Reaper","Cleave","Immolate+1","Ghostly Armor","Shockwave+1","Pummel+1"],"special_seed":0,"relics":["Burning Blood","Blood Vial","SsserpentHead","Potion Belt","Prayer Wheel","Brimstone","Velvet Choker","Letter Opener","Singing Bowl","Dream Catcher","Tiny Chest"],"potions_floor_usage":[33],"damage_taken":[{"damage":5.0,"enemies":"2 Louse","floor":1.0,"turns":5.0},{"damage":4.0,"enemies":"Small Slimes","floor":4.0,"turns":3.0},{"damage":12.0,"enemies":"Cultist","floor":5.0,"turns":4.0},{"damage":0.0,"enemies":"3 Louse","floor":7.0,"turns":1.0},{"damage":6.0,"enemies":"Exordium Thugs","floor":10.0,"turns":4.0},{"damage":29.0,"enemies":"Lagavulin","floor":13.0,"turns":6.0},{"damage":13.0,"enemies":"Slime Boss","floor":16.0,"turns":6.0},{"damage":21.0,"enemies":"2 Thieves","floor":18.0,"turns":3.0},{"damage":25.0,"enemies":"3 Byrds","floor":20.0,"turns":3.0},{"damage":12.0,"enemies":"Cultist and Chosen","floor":21.0,"turns":3.0},{"damage":22.0,"enemies":"Slavers","floor":24.0,"turns":3.0},{"damage":22.0,"enemies":"Snake Plant","floor":27.0,"turns":3.0},{"damage":46,"enemies":"Book of Stabbing","floor":28,"turns":4},{"damage":57,"enemies":"Automaton","floor":33,"turns":6}],"seed_played":"1819040679878666555","potions_obtained":[{"floor":4.0,"key":"Explosive Potion"},{"floor":7.0,"key":"GamblersBrew"},{"floor":18.0,"key":"Poison Potion"},{"floor":21.0,"key":"SkillPotion"},{"floor":27.0,"key":"Ancient Potion"}],"is_trial":false,"path_per_floor":["M","?","?","M","M","R","M","R","T","M","R","?","E","$","R","B",null,"M","$","M","M","?","R","E","R","T","M","E","$","R","$","R","B"],"character_chosen":"IRONCLAD","items_purchased":["PowerPotion","Regen Potion","Brimstone","Shrug It Off","PowerPotion","Tiny Chest","Pummel"],"campfire_rested":3,"item_purchase_floors":[14,14,14,14,29,29,31],"current_hp_per_floor":[51,25,25,29,25,25,33,33,33,35,57,34,13,13,35,45,68,68,68,51,59,59,59,60,60,60,50,14,14,40,40,40,9],"gold":28,"neow_bonus":"TWO_FIFTY_GOLD","is_prod":false,"is_daily":false,"chose_seed":false,"campfire_upgraded":5,"win_rate":0,"timestamp":1553055206,"path_taken":["M","?","?","?","M","R","M","R","T","M","R","?","E","$","R","BOSS","M","$","M","M","?","R","E","R","T","M","E","$","R","?","R","BOSS"],"build_version":"2019-03-15","purchased_purges":2,"victory":false,"max_hp_per_floor":[75,75,75,75,75,75,75,75,75,75,75,75,75,75,75,75,75,75,75,75,75,75,75,75,75,75,79,81,81,83,83,83,83],"card_choices":[{"not_picked":["Armaments","Feel No Pain"],"picked":"Thunderclap","floor":1.0},{"not_picked":["Sword Boomerang","Bloodletting"],"picked":"Shrug It Off","floor":4.0},{"not_picked":["Second Wind","Flex","Burning Pact"],"picked":"SKIP","floor":5.0},{"not_picked":["Impervious","True Grit"],"picked":"Combust","floor":7.0},{"not_picked":["Warcry","Infernal Blade"],"picked":"Battle Trance","floor":10.0},{"not_picked":["Pommel Strike","Perfected Strike","Sword Boomerang"],"picked":"SKIP","floor":13.0},{"not_picked":["Immolate","Double Tap"],"picked":"Reaper","floor":16.0},{"not_picked":["Seeing Red","True Grit"],"picked":"Cleave","floor":18.0},{"not_picked":["Pommel Strike","Shrug It Off","Clothesline"],"picked":"SKIP","floor":18.0},{"not_picked":["Shrug It Off","Thunderclap"],"picked":"Immolate","floor":20.0},{"not_picked":["Searing Blow","Seeing Red","Hemokinesis+1"],"picked":"SKIP","floor":20.0},{"not_picked":["Warcry","Uppercut"],"picked":"Ghostly Armor","floor":21.0},{"not_picked":["Clothesline","Armaments","Wild Strike"],"picked":"SKIP","floor":21.0},{"not_picked":["Thunderclap+1","Rupture"],"picked":"Shockwave","floor":24.0},{"not_picked":["Dual Wield","Dropkick","Armaments"],"picked":"Singing Bowl","floor":27.0},{"not_picked":["Sever Soul","Heavy Blade","Anger"],"picked":"Singing Bowl","floor":27.0},{"not_picked":["Perfected Strike","Searing Blow","Pommel Strike"],"picked":"Singing Bowl","floor":28},{"not_picked":["Warcry","Fire Breathing","Havoc"],"picked":"Singing Bowl","floor":30}],"player_experience":916157,"relics_obtained":[{"floor":9.0,"key":"Potion Belt"},{"floor":13.0,"key":"Prayer Wheel"},{"floor":24.0,"key":"Letter Opener"},{"floor":26.0,"key":"Singing Bowl"},{"floor":28,"key":"Dream Catcher"}],"event_choices":[{"damage_healed":0.0,"max_hp_gain":0.0,"max_hp_loss":0.0,"gold_gain":0.0,"event_name":"Scrap Ooze","player_choice":"Success","floor":2.0,"gold_loss":0.0,"damage_taken":26.0,"relics_obtained":["Blood Vial"]},{"damage_healed":0.0,"max_hp_gain":0.0,"max_hp_loss":0.0,"gold_gain":0.0,"event_name":"FaceTrader","player_choice":"Trade","floor":3.0,"gold_loss":0.0,"damage_taken":0.0,"relics_obtained":["SsserpentHead"]},{"damage_healed":0.0,"max_hp_gain":0.0,"max_hp_loss":0.0,"gold_gain":0.0,"event_name":"Shining Light","player_choice":"Entered Light","floor":12.0,"gold_loss":0.0,"damage_taken":23.0,"cards_upgraded":["Strike_R","Defend_R"]},{"damage_healed":0.0,"max_hp_gain":0.0,"max_hp_loss":0.0,"gold_gain":0.0,"event_name":"Upgrade Shrine","player_choice":"Upgraded","floor":22.0,"gold_loss":0.0,"damage_taken":0.0,"cards_upgraded":["Battle Trance"]}],"is_beta":true,"boss_relics":[{"not_picked":["Calling Bell","White Beast Statue"],"picked":"Velvet Choker"}],"items_purged_floors":[14,29],"is_endless":false,"potions_floor_spawned":[4,7,18,21,27],"killed_by":"Automaton","ascension_level":20}