{"gold_per_floor":[10,10,10,30,41,73,73,107,107,107,122,122,122,122,122,194,194,212,212,137,154,154,154,167,167,167,167,184,198,208,223,223,296,296,316,341,7,17,63,63,74,100,177,97,110,129,129,148,148,148,148],"floor_reached":52,"playtime":2673,"items_purged":["Strike_R","Defend_R"],"score":1813,"play_id":"9c4bfa47-e8b7-4ebe-ba91-07accc6b873e","local_time":"20180916133451","is_ascension_mode":true,"campfire_choices":[{"data":"Uppercut","floor":7,"key":"SMITH"},{"data":"Demon Form","floor":10,"key":"SMITH"},{"data":"Heavy Blade","floor":13,"key":"SMITH"},{"floor":15,"key":"REST"},{"data":"Offering","floor":23,"key":"SMITH"},{"data":"Battle Trance","floor":25,"key":"SMITH"},{"data":"Sword Boomerang","floor":27,"key":"SMITH"},{"data":"Shrug It Off","floor":32,"key":"SMITH"},{"floor":40,"key":"DIG"},{"floor":47,"key":"DIG"},{"floor":49,"key":"DIG"}],"neow_cost":"NO_GOLD","seed_source_timestamp":78709157701793,"circlet_count":0,"master_deck":["Strike_R","Strike_R","Defend_R","Defend_R","Bash","AscendersBane","Battle Trance+1","Heavy Blade+1","Uppercut+1","Sword Boomerang+1","Demon Form+1","Offering+1","Shrug It Off+1","Ghostly","Ghostly","Ghostly+1","Ghostly","Ghostly+1","Warcry+1","Shrug It Off","Shockwave","Impervious","Armaments+1"],"relics":["Burning Blood","Centennial Puzzle","Dodecahedron","Torii","Bag of Marbles","Letter Opener","Sozu","Mummified Hand","Coffee Dripper","Ancient Tea Set","Ice Cream","Shovel","Pen Nib","Shuriken","The Courier","Meat on the Bone","War Paint"],"potions_floor_usage":[6,18,24],"damage_taken":[{"damage":1,"enemies":"2 Louse","floor":1,"turns":4},{"damage":9,"enemies":"Jaw Worm","floor":4,"turns":5},{"damage":3,"enemies":"Small Slimes","floor":5,"turns":3},{"damage":14,"enemies":"Gremlin Nob","floor":6,"turns":4},{"damage":25,"enemies":"Lagavulin","floor":8,"turns":7},{"damage":6,"enemies":"3 Louse","floor":11,"turns":3},{"damage":18,"enemies":"Slime Boss","floor":16,"turns":6},{"damage":21,"enemies":"2 Thieves","floor":18,"turns":4},{"damage":0,"enemies":"Spheric Guardian","floor":21,"turns":4},{"damage":7,"enemies":"Shelled Parasite and Fungi","floor":24,"turns":4},{"damage":3,"enemies":"Snake Plant","floor":28,"turns":4},{"damage":1,"enemies":"Snecko","floor":29,"turns":4},{"damage":1,"enemies":"Centurion and Healer","floor":30,"turns":6},{"damage":1,"enemies":"3 Cultists","floor":31,"turns":3},{"damage":3,"enemies":"Champ","floor":33,"turns":7},{"damage":1,"enemies":"Orb Walker","floor":35,"turns":2},{"damage":1,"enemies":"3 Shapes","floor":38,"turns":3},{"damage":6,"enemies":"Mysterious Sphere","floor":39,"turns":4},{"damage":2,"enemies":"Maw","floor":41,"turns":5},{"damage":4,"enemies":"Nemesis","floor":42,"turns":5},{"damage":3,"enemies":"Sphere and 2 Shapes","floor":45,"turns":3},{"damage":1,"enemies":"Reptomancer","floor":46,"turns":4},{"damage":3,"enemies":"Jaw Worm Horde","floor":48,"turns":3},{"damage":9,"enemies":"Awakened One","floor":50,"turns":8},{"damage":7,"enemies":"Donu and Deca","floor":51,"turns":8}],"seed_played":"1612386373622090999","potions_obtained":[{"floor":1,"key":"Block Potion"},{"floor":6,"key":"Weak Potion"},{"floor":16,"key":"Fruit Juice"}],"is_trial":false,"path_per_floor":["M","?","?","M","M","E","R","E","T","R","M","?","R","T","R","B",null,"M","?","$","M","?","R","M","R","T","R","M","M","M","M","R","B",null,"M","T","$","M","?","R","M","E","T","$","M","M","R","M","R","B","B"],"character_chosen":"IRONCLAD","items_purchased":["Ice Cream"],"campfire_rested":1,"item_purchase_floors":[37],"current_hp_per_floor":[73,66,61,58,61,53,53,34,34,34,34,34,34,34,56,44,67,57,40,40,40,40,40,39,39,39,39,40,40,40,40,40,40,40,40,40,40,40,40,40,40,40,40,40,40,40,40,40,40,37,36],"gold":148,"neow_bonus":"REMOVE_TWO","is_prod":false,"is_daily":false,"chose_seed":false,"campfire_upgraded":7,"win_rate":0,"timestamp":1537119291,"path_taken":["M","?","?","M","M","E","R","E","T","R","M","?","R","?","R","BOSS","M","?","?","M","?","R","M","R","T","R","?","?","M","M","R","BOSS","M","?","$","M","?","R","M","E","T","$","M","M","R","?","R","BOSS","BOSS"],"build_version":"2018-09-12","purchased_purges":2,"victory":true,"max_hp_per_floor":[75,75,75,75,75,75,75,75,75,75,75,75,75,75,75,75,75,80,40,40,40,40,40,40,40,40,40,40,40,40,40,40,40,40,40,40,40,40,40,40,40,40,40,40,40,40,40,40,40,40,40],"card_choices":[{"not_picked":["Pommel Strike","Heavy Blade"],"picked":"Battle Trance","floor":1},{"not_picked":["Body Slam","Sever Soul"],"picked":"Heavy Blade","floor":4},{"not_picked":["Clothesline","Pommel Strike"],"picked":"Uppercut","floor":5},{"not_picked":["Corruption","Searing Blow"],"picked":"Sword Boomerang","floor":6},{"not_picked":["Anger","Whirlwind"],"picked":"Demon Form","floor":8},{"not_picked":["Corruption","Rage","Clash"],"picked":"SKIP","floor":11},{"not_picked":["Impervious","Barricade"],"picked":"Offering","floor":16},{"not_picked":["Evolve","Pommel Strike"],"picked":"Shrug It Off","floor":18},{"not_picked":["Twin Strike","Seeing Red","Dual Wield"],"picked":"SKIP","floor":21},{"not_picked":["Dropkick","Pommel Strike","Intimidate"],"picked":"SKIP","floor":24},{"not_picked":["Body Slam","Sever Soul+1","Perfected Strike+1"],"picked":"SKIP","floor":28},{"not_picked":["Wild Strike","Anger","Flex+1"],"picked":"SKIP","floor":29},{"not_picked":["Wild Strike","Anger","Flex+1"],"picked":"SKIP","floor":29},{"not_picked":["Flex","Evolve","Searing Blow"],"picked":"SKIP","floor":30},{"not_picked":["Iron Wave","Clash","Intimidate+1"],"picked":"SKIP","floor":31},{"not_picked":["Uppercut+1","Clothesline"],"picked":"Warcry+1","floor":35},{"not_picked":["Searing Blow","Blood for Blood"],"picked":"Shrug It Off","floor":38},{"not_picked":["Warcry+1","Body Slam"],"picked":"Shockwave","floor":39},{"not_picked":["Heavy Blade","Iron Wave","Sword Boomerang"],"picked":"SKIP","floor":41},{"not_picked":["Thunderclap","Sever Soul"],"picked":"Impervious","floor":42},{"not_picked":["Burning Pact","Rupture+1","Thunderclap"],"picked":"SKIP","floor":45},{"not_picked":["Burning Pact","Rupture+1","Thunderclap"],"picked":"SKIP","floor":45},{"not_picked":["Body Slam","Warcry+1","Intimidate"],"picked":"SKIP","floor":46},{"not_picked":["Bloodletting","Pommel Strike"],"picked":"Armaments+1","floor":48}],"player_experience":555220,"relics_obtained":[{"floor":6,"key":"Dodecahedron"},{"floor":8,"key":"Torii"},{"floor":9,"key":"Bag of Marbles"},{"floor":14,"key":"Letter Opener"},{"floor":26,"key":"Mummified Hand"},{"floor":36,"key":"Ancient Tea Set"},{"floor":39,"key":"Shovel"},{"floor":40,"key":"Pen Nib"},{"floor":42,"key":"Shuriken"},{"floor":43,"key":"The Courier"},{"floor":47,"key":"Meat on the Bone"},{"floor":49,"key":"War Paint"}],"event_choices":[{"event_name":"Golden Wing","player_choice":"Card Removal","floor":2,"damage_taken":0},{"event_name":"Scrap Ooze","player_choice":"success","floor":3,"damage_taken":5},{"event_name":"Liars Game","player_choice":"disagreed","floor":12,"damage_taken":0},{"event_name":"Ghosts","player_choice":"Became a Ghost","floor":19,"damage_taken":0},{"event_name":"N\u0027loth","player_choice":"Ignored","floor":22,"damage_taken":0},{"event_name":"Mysterious Sphere","player_choice":"Fight","floor":39,"damage_taken":0}],"is_beta":true,"boss_relics":[{"not_picked":["Pandora\u0027s Box","Tiny House"],"picked":"Sozu"},{"not_picked":["Philosopher\u0027s Stone","Runic Pyramid"],"picked":"Coffee Dripper"}],"items_purged_floors":[20,44],"is_endless":false,"potions_floor_spawned":[1,6,16,24,29,30,33,35,41,42],"ascension_level":20}