{"gold_per_floor":[111,128,146,163,182,182,206,217,217,235,249,249,249,278,278,382,382,393,393,407,407,407,407,433,433,433,433,443,454,472,485,485,588,588,600,600,615,634,634,634,645,656,656,682,682,632,632,632,632,632],"floor_reached":51,"playtime":977,"items_purged":["Flying Knee+1"],"score":1033,"play_id":"c5e32e9c-5c2b-4ba8-aba0-50c7013e5903","local_time":"20190202155236","is_ascension_mode":false,"campfire_choices":[{"floor":6,"key":"REST"},{"floor":13,"key":"REST"},{"floor":15,"key":"REST"},{"floor":23,"key":"REST"},{"floor":25,"key":"REST"},{"floor":32,"key":"REST"},{"floor":40,"key":"REST"},{"floor":47,"key":"REST"},{"floor":49,"key":"REST"}],"neow_cost":"","seed_source_timestamp":0,"circlet_count":0,"master_deck":["Backflip+1","Backflip+1","Backflip+1","Backflip+1","Flying Knee+1","Flying Knee+1","Flying Knee+1","Flying Knee+1"],"relics":["Ring of the Snake","Odd Mushroom","Regal Pillow","Incense Burner","Smiling Mask","WristBlade","MutagenicStrength","Vajra","Sundial","Busted Crown","Shuriken","The Courier"],"potions_floor_usage":[50,50],"damage_taken":[{"damage":0,"enemies":"Small Slimes","floor":1,"turns":2},{"damage":0,"enemies":"2 Louse","floor":2,"turns":1},{"damage":0,"enemies":"Jaw Worm","floor":3,"turns":2},{"damage":0,"enemies":"Large Slime","floor":4,"turns":3},{"damage":4,"enemies":"Gremlin Gang","floor":5,"turns":3},{"damage":0,"enemies":"The Mushroom Lair","floor":7,"turns":4},{"damage":0,"enemies":"2 Fungi Beasts","floor":8,"turns":3},{"damage":0,"enemies":"Lots of Slimes","floor":10,"turns":4},{"damage":0,"enemies":"Exordium Thugs","floor":11,"turns":2},{"damage":0,"enemies":"Gremlin Nob","floor":14,"turns":3},{"damage":0,"enemies":"Hexaghost","floor":16,"turns":8},{"damage":0,"enemies":"Spheric Guardian","floor":18,"turns":3},{"damage":0,"enemies":"Chosen","floor":20,"turns":4},{"damage":0,"enemies":"Snecko","floor":28,"turns":3},{"damage":0,"enemies":"Centurion and Healer","floor":29,"turns":5},{"damage":0,"enemies":"Shelled Parasite and Fungi","floor":30,"turns":2},{"damage":0,"enemies":"Snecko","floor":31,"turns":3},{"damage":0,"enemies":"Automaton","floor":33,"turns":5},{"damage":0,"enemies":"Orb Walker","floor":35,"turns":3},{"damage":0,"enemies":"3 Shapes","floor":37,"turns":2},{"damage":0,"enemies":"Jaw Worm Horde","floor":38,"turns":3},{"damage":2,"enemies":"4 Shapes","floor":41,"turns":4},{"damage":0,"enemies":"3 Darklings","floor":42,"turns":3},{"damage":0,"enemies":"Nemesis","floor":44,"turns":5},{"damage":0,"enemies":"Donu and Deca","floor":50,"turns":6}],"seed_played":"4402754115584261375","potions_obtained":[{"floor":5,"key":"LiquidBronze"},{"floor":7,"key":"AttackPotion"},{"floor":8,"key":"LiquidBronze"},{"floor":16,"key":"Dexterity Potion"},{"floor":31,"key":"Swift Potion"},{"floor":38,"key":"Strength Potion"}],"is_trial":true,"path_per_floor":["M","M","M","M","M","R","?","M","T","M","M","?","R","E","R","B",null,"M","$","M","$","?","R","T","R","T","?","M","M","M","M","R","B",null,"M","?","M","M","?","R","M","M","T","E","?","$","R","?","R","B",null],"character_chosen":"THE_SILENT","items_purchased":[],"campfire_rested":9,"item_purchase_floors":[],"current_hp_per_floor":[70,70,70,70,66,70,70,70,70,70,70,67,70,70,70,70,70,70,70,70,70,70,70,70,70,70,70,70,70,70,70,70,70,70,70,67,67,67,67,70,68,68,68,68,68,68,70,70,70,70],"gold":632,"neow_bonus":"","is_prod":false,"is_daily":false,"chose_seed":false,"campfire_upgraded":0,"win_rate":0,"timestamp":1549090356,"path_taken":["M","M","M","M","M","R","?","M","T","M","M","?","R","E","R","BOSS","M","$","M","$","?","R","?","R","T","?","M","?","M","M","R","BOSS","M","?","?","M","?","R","M","M","T","E","?","?","R","?","R","BOSS"],"build_version":"2019-01-23","purchased_purges":1,"victory":true,"max_hp_per_floor":[70,70,70,70,70,70,70,70,70,70,70,70,70,70,70,70,70,70,70,70,70,70,70,70,70,70,70,70,70,70,70,70,70,70,70,70,70,70,70,70,70,70,70,70,70,70,70,70,70,70],"card_choices":[{"not_picked":["Dodge and Roll","Dagger Spray","Outmaneuver"],"picked":"SKIP","floor":1},{"not_picked":["Expertise","Flechettes","Dash"],"picked":"SKIP","floor":2},{"not_picked":["Poisoned Stab","Acrobatics","Cloak And Dagger"],"picked":"SKIP","floor":3},{"not_picked":["Slice","Corpse Explosion","Flying Knee"],"picked":"SKIP","floor":4},{"not_picked":["Concentrate","Outmaneuver","Cloak And Dagger"],"picked":"SKIP","floor":5},{"not_picked":["Blade Dance","Malaise","Calculated Gamble"],"picked":"SKIP","floor":8},{"not_picked":["Quick Slash","Well Laid Plans","Dagger Spray"],"picked":"SKIP","floor":10},{"not_picked":["Sucker Punch","Backstab","Escape Plan"],"picked":"SKIP","floor":11},{"not_picked":["Dagger Spray","Dash","Leg Sweep"],"picked":"SKIP","floor":14},{"not_picked":["Tactician","Quick Slash","Dodge and Roll"],"picked":"SKIP","floor":18},{"not_picked":["Dagger Spray","Expertise+1","Blade Dance"],"picked":"SKIP","floor":20},{"not_picked":["Dagger Spray","Deflect","Underhanded Strike"],"picked":"SKIP","floor":28},{"not_picked":["Sucker Punch","Skewer","Backstab"],"picked":"SKIP","floor":29},{"not_picked":["Dagger Throw","Well Laid Plans","Choke"],"picked":"SKIP","floor":30},{"not_picked":["Terror","Leg Sweep+1","Dagger Spray"],"picked":"SKIP","floor":31},{"not_picked":["PiercingWail"],"picked":"SKIP","floor":35},{"not_picked":["Eviscerate+1"],"picked":"SKIP","floor":37},{"not_picked":["Prepared"],"picked":"SKIP","floor":38},{"not_picked":["Dagger Throw+1"],"picked":"SKIP","floor":41},{"not_picked":["Calculated Gamble"],"picked":"SKIP","floor":42},{"not_picked":["Dagger Throw"],"picked":"SKIP","floor":44}],"player_experience":4193855,"relics_obtained":[{"floor":7,"key":"Odd Mushroom"},{"floor":9,"key":"Regal Pillow"},{"floor":14,"key":"Smiling Mask"},{"floor":24,"key":"Vajra"},{"floor":26,"key":"Sundial"},{"floor":43,"key":"Shuriken"},{"floor":44,"key":"The Courier"}],"event_choices":[{"damage_healed":0,"gold_gain":0,"player_choice":"Fought Mushrooms","damage_taken":0,"max_hp_gain":0,"max_hp_loss":0,"event_name":"Mushrooms","floor":7,"gold_loss":0},{"damage_healed":0,"gold_gain":0,"player_choice":"Success","damage_taken":3,"relics_obtained":["Incense Burner"],"max_hp_gain":0,"max_hp_loss":0,"event_name":"Scrap Ooze","floor":12,"gold_loss":0},{"damage_healed":0,"gold_gain":0,"player_choice":"Inject Mutagens","damage_taken":0,"relics_obtained":["MutagenicStrength"],"max_hp_gain":0,"max_hp_loss":0,"event_name":"Drug Dealer","floor":22,"gold_loss":0},{"cards_removed":["Backflip"],"damage_healed":5,"gold_gain":0,"player_choice":"Offered Common","damage_taken":0,"max_hp_gain":0,"max_hp_loss":0,"event_name":"Bonfire Elementals","floor":27,"gold_loss":0},{"cards_removed":["Backflip"],"damage_healed":5,"gold_gain":0,"player_choice":"Offered Special","damage_taken":0,"max_hp_gain":0,"max_hp_loss":0,"event_name":"Bonfire Elementals","floor":27,"gold_loss":0},{"damage_healed":0,"gold_gain":0,"player_choice":"Punched","damage_taken":3,"max_hp_gain":0,"max_hp_loss":0,"event_name":"Designer","floor":36,"gold_loss":0},{"damage_healed":0,"gold_gain":0,"player_choice":"Ignored","damage_taken":0,"max_hp_gain":0,"max_hp_loss":0,"event_name":"Tomb of Lord Red Mask","floor":39,"gold_loss":0},{"damage_healed":0,"gold_gain":0,"player_choice":"Ignored","damage_taken":0,"max_hp_gain":0,"max_hp_loss":0,"event_name":"Mysterious Sphere","floor":45,"gold_loss":0},{"damage_healed":0,"gold_gain":0,"player_choice":"Memory 1","damage_taken":0,"max_hp_gain":0,"max_hp_loss":0,"event_name":"SensoryStone","floor":48,"gold_loss":0}],"is_beta":false,"boss_relics":[{"not_picked":["Empty Cage","Ectoplasm"],"picked":"WristBlade"},{"not_picked":["Cursed Key","Pandora\u0027s Box"],"picked":"Busted Crown"}],"items_purged_floors":[46],"is_endless":false,"potions_floor_spawned":[5,7,8,11,16,28,31,37,38,44],"ascension_level":0}