{"gold_per_floor":[119,119,129,198,216,216,251,301,301,351,351,363,87,156,156,251,251,261,410,424,219,269,269,269],"floor_reached":24,"playtime":1368,"items_purged":[],"score":221,"play_id":"1f6a6728-7db1-4de4-8dba-4682ef64097f","local_time":"20190320045210","is_ascension_mode":false,"campfire_choices":[{"data":"Flex","floor":6,"key":"SMITH"},{"data":"1","floor":11,"key":"LIFT"},{"data":"2","floor":15,"key":"LIFT"},{"data":"3","floor":23,"key":"LIFT"}],"neow_cost":"CURSE","seed_source_timestamp":442193342681418,"circlet_count":0,"master_deck":["Strike_R","Strike_R","Strike_R","Strike_R","Strike_R","Defend_R","Defend_R+1","Defend_R","Defend_R","Bash","Violence+1","Swift Strike","Iron Wave","Twin Strike","Flex+1","Twin Strike","Anger","Shrug It Off","Rage","Metamorphosis","Shrug It Off","Berserk","Heavy Blade","Thunderclap","Ghostly","Ghostly","Ghostly","Ghostly","Ghostly"],"relics":["Burning Blood","SsserpentHead","Girya","Ginger","Eternal Feather","Medical Kit"],"potions_floor_usage":[24],"damage_taken":[{"damage":1,"enemies":"Cultist","floor":1,"turns":4},{"damage":6,"enemies":"Jaw Worm","floor":3,"turns":3},{"damage":2,"enemies":"Small Slimes","floor":4,"turns":3},{"damage":9,"enemies":"2 Fungi Beasts","floor":5,"turns":3},{"damage":16,"enemies":"Gremlin Nob","floor":7,"turns":4},{"damage":6,"enemies":"3 Louse","floor":12,"turns":3},{"damage":8,"enemies":"Lots of Slimes","floor":14,"turns":4},{"damage":28,"enemies":"Hexaghost","floor":16,"turns":6},{"damage":17,"enemies":"Spheric Guardian","floor":18,"turns":4},{"damage":10,"enemies":"Chosen","floor":20,"turns":4},{"damage":49,"enemies":"Gremlin Leader","floor":24,"turns":7}],"seed_played":"305405995879494468","potions_obtained":[{"floor":14,"key":"SneckoOil"},{"floor":16,"key":"PowerPotion"},{"floor":18,"key":"Dexterity Potion"}],"is_trial":false,"path_per_floor":["M","?","M","M","M","R","E","?","T","?","R","M","$","M","R","B",null,"M","?","M","$","?","R","E"],"character_chosen":"IRONCLAD","items_purchased":["Rage","Metamorphosis","Medical Kit"],"campfire_rested":0,"item_purchase_floors":[13,13,21],"current_hp_per_floor":[80,80,80,80,77,77,67,51,51,51,51,51,51,49,49,27,80,69,69,65,65,40,40,0],"gold":269,"neow_bonus":"RANDOM_COLORLESS_2","is_prod":false,"is_daily":false,"chose_seed":false,"campfire_upgraded":1,"win_rate":0.0,"timestamp":1553075530,"path_taken":["M","?","M","?","M","R","E","?","T","?","R","M","$","?","R","BOSS","M","?","M","$","?","R","E"],"build_version":"2019-01-23","purchased_purges":0,"victory":false,"max_hp_per_floor":[80,80,80,80,80,80,80,80,80,80,80,80,80,80,80,80,80,80,80,80,80,40,40,40],"card_choices":[{"not_picked":["Twin Strike","Body Slam"],"picked":"Iron Wave","floor":1},{"not_picked":["Warcry","Evolve"],"picked":"Twin Strike","floor":3},{"not_picked":["Pummel","Cleave"],"picked":"Flex","floor":4},{"not_picked":["Dark Embrace","Battle Trance"],"picked":"Twin Strike","floor":5},{"not_picked":["Headbutt","Offering"],"picked":"Anger","floor":7},{"not_picked":["Combust","Body Slam"],"picked":"Shrug It Off","floor":12},{"not_picked":["True Grit","Reckless Charge"],"picked":"Shrug It Off","floor":14},{"not_picked":["Feed","Offering"],"picked":"Berserk","floor":16},{"not_picked":["Wild Strike+1","Thunderclap"],"picked":"Heavy Blade","floor":18},{"not_picked":["Warcry","Twin Strike"],"picked":"Thunderclap","floor":20}],"player_experience":16851,"relics_obtained":[{"floor":7,"key":"Girya"},{"floor":9,"key":"Ginger"}],"event_choices":[{"damage_healed":0,"gold_gain":0,"player_choice":"Trade","damage_taken":0,"relics_obtained":["SsserpentHead"],"max_hp_gain":0,"max_hp_loss":0,"event_name":"FaceTrader","floor":2,"gold_loss":0},{"damage_healed":0,"gold_gain":0,"player_choice":"Entered Light","damage_taken":16,"max_hp_gain":0,"max_hp_loss":0,"event_name":"Shining Light","floor":8,"gold_loss":0,"cards_upgraded":["Defend_R","Violence"]},{"cards_removed":["Normality"],"damage_healed":0,"gold_gain":0,"player_choice":"Purged","damage_taken":0,"max_hp_gain":0,"max_hp_loss":0,"event_name":"Purifier","floor":10,"gold_loss":0},{"damage_healed":0,"gold_gain":99,"player_choice":"Stole From Cult","damage_taken":0,"max_hp_gain":0,"max_hp_loss":0,"event_name":"Nest","floor":19,"gold_loss":0},{"damage_healed":0,"gold_gain":0,"player_choice":"Became a Ghost","damage_taken":0,"max_hp_gain":0,"max_hp_loss":40,"event_name":"Ghosts","floor":22,"gold_loss":0,"cards_obtained":["Ghostly","Ghostly","Ghostly","Ghostly","Ghostly"]}],"is_beta":false,"boss_relics":[{"not_picked":["Coffee Dripper","Orrery"],"picked":"Eternal Feather"}],"items_purged_floors":[],"is_endless":false,"potions_floor_spawned":[14,16,18,20],"killed_by":"Gremlin Leader","ascension_level":0}