{"gold_per_floor":[109,129,140,140,290,290,318,318,345,156,217,217,217,229,229,306,306,319,161,161,161,76,76,104,104,104,120,70,70,70,88,88,164,164,180,195,209,229,229,229,329,400,400,90,104,104,154,169,169,169],"floor_reached":50,"playtime":1455,"items_purged":["Doubt","Strike_R+1","Strike_R+1"],"score":1082,"play_id":"c395f729-9bb9-408c-a5b5-99e4046302d1","local_time":"20190319225530","is_ascension_mode":true,"campfire_choices":[{"data":"Bash","floor":6.0,"key":"SMITH"},{"data":"Cleave","floor":8.0,"key":"SMITH"},{"data":"Limit Break","floor":12.0,"key":"SMITH"},{"floor":15.0,"key":"REST"},{"data":"Offering","floor":23.0,"key":"SMITH"},{"data":"Power Through","floor":25.0,"key":"SMITH"},{"data":"Spot Weakness","floor":29.0,"key":"SMITH"},{"data":"Spot Weakness","floor":32.0,"key":"SMITH"},{"data":"Battle Trance","floor":40.0,"key":"SMITH"},{"data":"Flame Barrier","floor":46.0,"key":"SMITH"},{"floor":49.0,"key":"REST"}],"neow_cost":"NONE","seed_source_timestamp":0,"circlet_count":0,"master_deck":["AscendersBane","Defend_R+1","Defend_R+1","Defend_R+1","Defend_R+1","Bash+1","Shrug It Off","Pommel Strike+1","Cleave+1","Thunderclap+1","Limit Break+1","Power Through+1","Offering+1","Spot Weakness+1","Sword Boomerang+1","Flame Barrier+1","Spot Weakness+1","Sword Boomerang+1","Barricade+1","Warcry+1","Sever Soul+1","Berserk+1","Headbutt+1","Battle Trance+1","Battle Trance","Anger","Shrug It Off","Disarm"],"special_seed":0,"relics":["Burning Blood","Red Skull","War Paint","Tiny Chest","Frozen Egg 2","Philosopher\u0027s Stone","Pen Nib","Enchiridion","Orichalcum","Smiling Mask","Lantern","Astrolabe","Mango","Bottled Flame","Whetstone","Centennial Puzzle","Prayer Wheel"],"potions_floor_usage":[],"damage_taken":[{"damage":7.0,"enemies":"Small Slimes","floor":1.0,"turns":5.0},{"damage":7.0,"enemies":"Jaw Worm","floor":2.0,"turns":6.0},{"damage":9.0,"enemies":"2 Louse","floor":3.0,"turns":2.0},{"damage":29.0,"enemies":"3 Sentries","floor":7.0,"turns":7.0},{"damage":31.0,"enemies":"Gremlin Nob","floor":11.0,"turns":4.0},{"damage":10.0,"enemies":"Large Slime","floor":14.0,"turns":3.0},{"damage":0.0,"enemies":"Slime Boss","floor":16.0,"turns":5.0},{"damage":23.0,"enemies":"Chosen","floor":18.0,"turns":7.0},{"damage":6.0,"enemies":"Gremlin Leader","floor":24.0,"turns":2.0},{"damage":0.0,"enemies":"Spheric Guardian","floor":27.0,"turns":2.0},{"damage":2.0,"enemies":"Snake Plant","floor":31.0,"turns":3.0},{"damage":36.0,"enemies":"Collector","floor":33.0,"turns":4.0},{"damage":6.0,"enemies":"Orb Walker","floor":35.0,"turns":3.0},{"damage":22.0,"enemies":"3 Shapes","floor":36.0,"turns":8.0},{"damage":8.0,"enemies":"3 Darklings","floor":37.0,"turns":5.0},{"damage":7.0,"enemies":"Transient","floor":38.0,"turns":6.0},{"damage":6.0,"enemies":"Mind Bloom Boss Battle","floor":41.0,"turns":2.0},{"damage":10.0,"enemies":"Writhing Mass","floor":45.0,"turns":3.0},{"damage":18.0,"enemies":"2 Orb Walkers","floor":47.0,"turns":2.0},{"damage":7.0,"enemies":"4 Shapes","floor":48.0,"turns":2.0},{"damage":0,"enemies":"Awakened One","floor":50,"turns":1}],"seed_played":"-7535017889245061174","potions_obtained":[{"floor":3.0,"key":"AttackPotion"},{"floor":7.0,"key":"Strength Potion"},{"floor":16.0,"key":"SmokeBomb"},{"floor":33.0,"key":"Weak Potion"},{"floor":45.0,"key":"SteroidPotion"},{"floor":48.0,"key":"Strength Potion"}],"is_trial":false,"path_per_floor":["M","M","M","?","?","R","E","R","T","$","E","R","T","M","R","B",null,"M","$","?","?","?","R","E","R","T","M","$","R","?","M","R","B",null,"M","M","M","M","?","R","?","T","T","$","M","R","?","M","R","B"],"character_chosen":"IRONCLAD","items_purchased":["Thunderclap","Strength Potion","Pen Nib","Battle Trance","Centennial Puzzle","Anger"],"campfire_rested":2,"item_purchase_floors":[10,10,19,44,44,44],"current_hp_per_floor":[67,66,63,68,68,68,45,45,45,45,20,20,20,16,40,46,72,55,55,55,34,34,34,34,34,34,40,40,40,40,44,44,14,64,64,48,46,45,45,45,59,59,59,59,55,55,43,42,70,70],"gold":169,"neow_bonus":"THREE_CARDS","is_prod":false,"is_daily":false,"chose_seed":false,"campfire_upgraded":9,"win_rate":0,"timestamp":1553050530,"path_taken":["M","M","M","?","?","R","E","R","T","$","E","R","?","?","R","BOSS","M","$","?","?","?","R","E","R","T","M","?","R","?","M","R","BOSS","M","M","M","M","?","R","?","?","T","?","M","R","?","M","R","BOSS"],"build_version":"2019-03-15","purchased_purges":3,"victory":false,"max_hp_per_floor":[75,75,75,80,80,80,80,80,80,80,80,80,80,80,80,80,80,80,80,80,80,80,80,80,80,80,80,80,80,80,80,80,80,80,80,80,80,80,80,80,94,94,94,94,94,94,94,94,94,94],"card_choices":[{"not_picked":["Twin Strike","Flex"],"picked":"Shrug It Off","floor":0.0},{"not_picked":["Shrug It Off","Clash"],"picked":"Pommel Strike","floor":1.0},{"not_picked":["Shrug It Off","Evolve"],"picked":"Cleave","floor":2.0},{"not_picked":["Armaments","Headbutt","Ghostly Armor"],"picked":"SKIP","floor":3.0},{"not_picked":["Havoc","True Grit","Infernal Blade"],"picked":"SKIP","floor":7.0},{"not_picked":["True Grit","Sword Boomerang"],"picked":"Limit Break","floor":11.0},{"not_picked":["Wild Strike","Clothesline"],"picked":"Power Through","floor":14.0},{"not_picked":["Limit Break","Dark Embrace+1"],"picked":"Offering","floor":16.0},{"not_picked":["Heavy Blade","Havoc"],"picked":"Spot Weakness","floor":18.0},{"not_picked":["Carnage","Pommel Strike"],"picked":"Sword Boomerang+1","floor":24.0},{"not_picked":["Warcry","Body Slam"],"picked":"Flame Barrier","floor":27.0},{"not_picked":["Armaments","Cleave"],"picked":"Sword Boomerang+1","floor":31.0},{"not_picked":["Bludgeon","Juggernaut+1"],"picked":"Barricade+1","floor":33.0},{"not_picked":["Warcry+1","Power Through","Spot Weakness"],"picked":"SKIP","floor":35.0},{"not_picked":["Shrug It Off","Body Slam"],"picked":"Headbutt+1","floor":36.0},{"not_picked":["Anger","Juggernaut+1"],"picked":"Battle Trance","floor":37.0},{"not_picked":["Armaments","Hemokinesis","Thunderclap+1"],"picked":"SKIP","floor":38.0},{"not_picked":["Flame Barrier","Wild Strike+1","Hemokinesis"],"picked":"SKIP","floor":45.0},{"not_picked":["Flame Barrier","Wild Strike+1","Hemokinesis"],"picked":"SKIP","floor":45.0},{"not_picked":["Sever Soul+1","Seeing Red"],"picked":"Shrug It Off","floor":47.0},{"not_picked":["Clash","Havoc"],"picked":"Disarm","floor":48.0},{"not_picked":["Double Tap","Anger","Havoc"],"picked":"SKIP","floor":48.0}],"player_experience":912159,"relics_obtained":[{"floor":7.0,"key":"Red Skull"},{"floor":9.0,"key":"War Paint"},{"floor":11.0,"key":"Tiny Chest"},{"floor":13.0,"key":"Frozen Egg 2"},{"floor":21.0,"key":"Enchiridion"},{"floor":24.0,"key":"Smiling Mask"},{"floor":26.0,"key":"Lantern"},{"floor":41.0,"key":"Mango"},{"floor":42.0,"key":"Bottled Flame"},{"floor":43.0,"key":"Whetstone"},{"floor":47.0,"key":"Prayer Wheel"}],"event_choices":[{"damage_healed":0.0,"max_hp_gain":5.0,"max_hp_loss":0.0,"gold_gain":0.0,"event_name":"Big Fish","player_choice":"Donut","floor":4.0,"gold_loss":0.0,"damage_taken":0.0},{"damage_healed":0.0,"max_hp_gain":0.0,"max_hp_loss":0.0,"gold_gain":150.0,"event_name":"Liars Game","player_choice":"AGREE","floor":5.0,"gold_loss":0.0,"damage_taken":0.0,"cards_obtained":["Doubt"]},{"damage_healed":0.0,"max_hp_gain":0.0,"max_hp_loss":0.0,"gold_gain":0.0,"event_name":"Back to Basics","player_choice":"Simplicity","floor":20.0,"gold_loss":0.0,"damage_taken":0.0,"cards_upgraded":["Strike_R","Strike_R","Strike_R","Strike_R","Strike_R","Defend_R","Defend_R"]},{"damage_healed":0.0,"max_hp_gain":0.0,"max_hp_loss":0.0,"gold_gain":0.0,"event_name":"Cursed Tome","player_choice":"Obtained Book","floor":21.0,"gold_loss":0.0,"damage_taken":21.0},{"damage_healed":0.0,"max_hp_gain":0.0,"max_hp_loss":0.0,"gold_gain":0.0,"event_name":"Addict","player_choice":"Obtained Relic","floor":22.0,"gold_loss":85.0,"damage_taken":0.0,"relics_obtained":["Orichalcum"]},{"damage_healed":0.0,"max_hp_gain":0.0,"max_hp_loss":0.0,"gold_gain":0.0,"event_name":"The Library","player_choice":"Read","floor":30.0,"gold_loss":0.0,"damage_taken":0.0,"cards_obtained":["Spot Weakness"]},{"damage_healed":0.0,"max_hp_gain":0.0,"max_hp_loss":0.0,"gold_gain":0.0,"event_name":"Tomb of Lord Red Mask","player_choice":"Ignored","floor":39.0,"gold_loss":0.0,"damage_taken":0.0},{"damage_healed":0.0,"max_hp_gain":0.0,"max_hp_loss":0.0,"gold_gain":0.0,"event_name":"MindBloom","player_choice":"Fight","floor":41.0,"gold_loss":0.0,"damage_taken":0.0},{"damage_healed":0.0,"max_hp_gain":0.0,"max_hp_loss":0.0,"gold_gain":0.0,"event_name":"Mysterious Sphere","player_choice":"Fight","floor":47.0,"gold_loss":0.0,"damage_taken":0.0}],"is_beta":true,"boss_relics":[{"not_picked":["Tiny House","White Beast Statue"],"picked":"Philosopher\u0027s Stone"},{"not_picked":["Velvet Choker","Orrery"],"picked":"Astrolabe"}],"items_purged_floors":[10,28,44],"is_endless":false,"potions_floor_spawned":[3,7,16,27,31,33,36,38,45,47,48],"killed_by":"Awakened One","ascension_level":20}