{"gold_per_floor":[117,132,152,227,242,242,277,297,320,56,56,56,56,56,56,56],"floor_reached":16,"playtime":469,"items_purged":[],"score":200,"play_id":"36f6131a-37e4-4a38-8bc5-c00525701415","local_time":"20190131021050","is_ascension_mode":true,"campfire_choices":[{"data":"Neutralize","floor":6,"key":"SMITH"},{"floor":11,"key":"REST"},{"data":"Noxious Fumes","floor":13,"key":"SMITH"},{"data":"Setup","floor":15,"key":"SMITH"}],"neow_cost":"PERCENT_DAMAGE","seed_source_timestamp":26389973457600,"circlet_count":0,"master_deck":["AscendersBane","Defend_G","Defend_G","Defend_G","Defend_G","Defend_G+1","Strike_G","Strike_G","Strike_G","Strike_G+1","Survivor","Neutralize+1","Underhanded Strike","Dagger Throw","Noxious Fumes+1","Underhanded Strike","Setup+1","Escape Plan","PiercingWail+1"],"relics":["Ring of the Snake","Mercury Hourglass","Ancient Tea Set","Toxic Egg 2"],"potions_floor_usage":[5,7],"damage_taken":[{"damage":3,"enemies":"2 Louse","floor":1,"turns":5},{"damage":0,"enemies":"Small Slimes","floor":2,"turns":4},{"damage":3,"enemies":"Cultist","floor":3,"turns":5},{"damage":5,"enemies":"Red Slaver","floor":5,"turns":4},{"damage":16,"enemies":"Lagavulin","floor":7,"turns":8},{"damage":0,"enemies":"Exordium Wildlife","floor":8,"turns":4},{"damage":23,"enemies":"The Guardian","floor":16,"turns":8}],"seed_played":"-2175614316350153753","potions_obtained":[{"floor":2,"key":"Weak Potion"},{"floor":3,"key":"EssenceOfSteel"}],"is_trial":false,"path_per_floor":["M","M","M","?","M","R","E","M","T","$","R","?","R","?","R","B"],"character_chosen":"THE_SILENT","items_purchased":["Toxic Egg 2"],"campfire_rested":1,"item_purchase_floors":[10],"current_hp_per_floor":[53,53,50,39,34,34,18,18,18,18,41,18,18,18,18,0],"gold":56,"neow_bonus":"TWENTY_PERCENT_HP_BONUS","is_prod":false,"is_daily":false,"chose_seed":false,"campfire_upgraded":3,"win_rate":0,"timestamp":1548868250,"path_taken":["M","M","M","?","M","R","E","M","T","$","R","?","R","?","R","BOSS"],"build_version":"2019-01-23","purchased_purges":0,"victory":false,"max_hp_per_floor":[78,78,78,78,78,78,78,78,78,78,78,78,78,78,78,78],"card_choices":[{"not_picked":["Sucker Punch","Prepared"],"picked":"Underhanded Strike","floor":1},{"not_picked":["Cloak And Dagger","Poisoned Stab"],"picked":"Dagger Throw","floor":2},{"not_picked":["Dagger Spray","Skewer"],"picked":"Noxious Fumes","floor":3},{"not_picked":["Skewer","Cloak And Dagger"],"picked":"Underhanded Strike","floor":5},{"not_picked":["Slice","Envenom","Setup"],"picked":"SKIP","floor":7},{"not_picked":["Slice","Envenom"],"picked":"Setup","floor":7},{"not_picked":["PiercingWail","Dagger Throw"],"picked":"Escape Plan","floor":8}],"player_experience":4179281,"relics_obtained":[{"floor":7,"key":"Mercury Hourglass"},{"floor":9,"key":"Ancient Tea Set"}],"event_choices":[{"damage_healed":0,"gold_gain":75,"player_choice":"Gather Gold","damage_taken":11,"max_hp_gain":0,"max_hp_loss":0,"event_name":"World of Goop","floor":4,"gold_loss":0},{"damage_healed":0,"gold_gain":0,"player_choice":"Entered Light","damage_taken":23,"max_hp_gain":0,"max_hp_loss":0,"event_name":"Shining Light","floor":12,"gold_loss":0,"cards_upgraded":["Strike_G","Defend_G"]},{"damage_healed":0,"gold_gain":0,"cards_transformed":["Strike_G"],"player_choice":"Transformed","damage_taken":0,"max_hp_gain":0,"max_hp_loss":0,"event_name":"Transmorgrifier","floor":14,"gold_loss":0,"cards_obtained":["PiercingWail"]}],"is_beta":false,"boss_relics":[],"items_purged_floors":[],"is_endless":false,"potions_floor_spawned":[2,3],"killed_by":"The Guardian","ascension_level":20}