{"gold_per_floor":[114,134,134,134,7,7,42,42,42,57,57,75,75,88,88,184,184,198,209,209,220,149,181,181,192,217,217,127,127,138,151,151,253,253],"floor_reached":34,"playtime":1161,"items_purged":["Strike_G"],"score":472,"play_id":"4988ae36-9907-4922-90f3-b421bd411328","local_time":"20190126002731","is_ascension_mode":false,"campfire_choices":[{"data":"Neutralize","floor":6.0,"key":"SMITH"},{"data":"Poisoned Stab","floor":8.0,"key":"SMITH"},{"data":"Poisoned Stab","floor":15.0,"key":"SMITH"},{"floor":24.0,"key":"REST"},{"data":"Deadly Poison","floor":29,"key":"SMITH"},{"data":"Reflex","floor":32,"key":"SMITH"}],"neow_cost":"NONE","seed_source_timestamp":544289997595154,"circlet_count":0,"master_deck":["Defend_G+1","Defend_G+1","Defend_G+1","Defend_G+1","Strike_G+1","Strike_G+1","Survivor+1","Neutralize+1","Poisoned Stab+1","Backstab","Backflip","Poisoned Stab+1","Dagger Throw","Reflex+1","Adrenaline+1","Slice+1","Backstab","Acrobatics+1","Footwork+1","Endless Agony","Deadly Poison+1","Well Laid Plans+1","Blade Dance+1","Cloak And Dagger+1","Tools of the Trade+1"],"special_seed":0,"relics":["Ring of the Snake","NeowsBlessing","Frozen Egg 2","Dream Catcher","Sozu","Kunai","Oddly Smooth Stone","theJungle:BirthdayCake","theJungle:ParSnip","Snecko Eye"],"potions_floor_usage":[],"damage_taken":[{"damage":0.0,"enemies":"Small Slimes","floor":1.0,"turns":1.0},{"damage":0.0,"enemies":"2 Louse","floor":2.0,"turns":1.0},{"damage":0.0,"enemies":"3 Sentries","floor":7.0,"turns":1.0},{"damage":0.0,"enemies":"Jaw Worm","floor":10.0,"turns":2.0},{"damage":0.0,"enemies":"3 Louse","floor":12.0,"turns":3.0},{"damage":1.0,"enemies":"2 Fungi Beasts","floor":14.0,"turns":2.0},{"damage":7.0,"enemies":"The Guardian","floor":16.0,"turns":11.0},{"damage":0.0,"enemies":"theJungle:5_Spyders","floor":18.0,"turns":3.0},{"damage":7.0,"enemies":"theJungle:GiantWrat","floor":19.0,"turns":3.0},{"damage":0.0,"enemies":"theJungle:Lyon","floor":21.0,"turns":3.0},{"damage":30.0,"enemies":"theJungle:MamaSnecko","floor":23.0,"turns":5.0},{"damage":3.0,"enemies":"theJungle:JungleHuntersEncounter","floor":25.0,"turns":4.0},{"damage":0,"enemies":"theJungle:2_Snecko_Cultists","floor":30,"turns":2},{"damage":0,"enemies":"theJungle:Lyon","floor":31,"turns":3},{"damage":0,"enemies":"theJungle:TotemBoss","floor":33,"turns":14}],"seed_played":"2386030417537558765","potions_obtained":[{"floor":1.0,"key":"SkillPotion"},{"floor":10.0,"key":"Block Potion"},{"floor":12.0,"key":"SpeedPotion"},{"floor":16.0,"key":"EssenceOfSteel"}],"is_trial":false,"path_per_floor":["M","M","?","?","$","R","E","R","T","M","?","M","?","M","R","B",null,"M","M","?","M","$","E","R","M","T","?","?","R","M","M","R","B",null],"character_chosen":"THE_SILENT","items_purchased":["Backflip","Footwork+1"],"campfire_rested":1,"item_purchase_floors":[5,22],"current_hp_per_floor":[70,70,70,63,63,63,63,63,63,63,68,68,68,67,67,60,75,75,68,68,68,68,38,60,57,57,77,77,77,77,77,77,77,95],"gold":253,"neow_bonus":"THREE_ENEMY_KILL","is_prod":false,"is_daily":false,"chose_seed":false,"campfire_upgraded":5,"win_rate":0,"timestamp":1548430051,"path_taken":["M","M","?","?","?","R","E","R","T","M","?","M","?","?","R","BOSS","M","M","?","M","?","E","R","M","T","?","?","R","M","?","R","BOSS"],"build_version":"2019-01-23","purchased_purges":1,"victory":false,"max_hp_per_floor":[70,70,70,70,70,70,70,70,70,70,75,75,75,75,75,75,75,75,75,75,75,75,75,75,75,75,95,95,95,95,95,95,95,95],"card_choices":[{"not_picked":["Calculated Gamble","Dodge and Roll"],"picked":"Poisoned Stab","floor":1.0},{"not_picked":["Dodge and Roll","Night Terror"],"picked":"Backstab","floor":2.0},{"not_picked":["PiercingWail","Outmaneuver"],"picked":"Poisoned Stab","floor":7.0},{"not_picked":["Sucker Punch","Slice"],"picked":"Dagger Throw","floor":10.0},{"not_picked":["Deflect","Underhanded Strike"],"picked":"Reflex","floor":12.0},{"not_picked":["Sucker Punch","Endless Agony","Dagger Throw"],"picked":"SKIP","floor":14.0},{"not_picked":["Unload","Burst"],"picked":"Adrenaline","floor":16.0},{"not_picked":["Dash","All Out Attack"],"picked":"Slice+1","floor":18.0},{"not_picked":["Cloak And Dagger","Dodge and Roll"],"picked":"Backstab","floor":19.0},{"not_picked":["Quick Slash","Accuracy+1"],"picked":"Acrobatics+1","floor":21.0},{"not_picked":["Quick Slash","Deadly Poison"],"picked":"Endless Agony","floor":23.0},{"not_picked":["Deflect","Distraction"],"picked":"Deadly Poison","floor":24.0},{"not_picked":["Tools of the Trade+1","Riddle With Holes"],"picked":"Well Laid Plans+1","floor":25.0},{"not_picked":["Bouncing Flask","Dagger Throw"],"picked":"Blade Dance+1","floor":30},{"not_picked":["Terror+1","Blade Dance"],"picked":"Cloak And Dagger+1","floor":31},{"not_picked":["Die Die Die","Storm of Steel"],"picked":"Tools of the Trade+1","floor":33}],"player_experience":4147222,"relics_obtained":[{"floor":7.0,"key":"Frozen Egg 2"},{"floor":9.0,"key":"Dream Catcher"},{"floor":23.0,"key":"Kunai"},{"floor":26.0,"key":"Oddly Smooth Stone"}],"event_choices":[{"cards_removed":["Strike_G"],"damage_healed":0.0,"max_hp_gain":0.0,"max_hp_loss":0.0,"gold_gain":0.0,"event_name":"Living Wall","player_choice":"Forget","floor":3.0,"gold_loss":0.0,"damage_taken":0.0},{"cards_removed":["Defend_G"],"damage_healed":0.0,"max_hp_gain":0.0,"max_hp_loss":0.0,"gold_gain":0.0,"event_name":"Golden Wing","player_choice":"Card Removal","floor":4.0,"gold_loss":0.0,"damage_taken":7.0},{"damage_healed":0.0,"max_hp_gain":5.0,"max_hp_loss":0.0,"gold_gain":0.0,"event_name":"Big Fish","player_choice":"Donut","floor":11.0,"gold_loss":0.0,"damage_taken":0.0},{"cards_removed":["Strike_G"],"damage_healed":0.0,"max_hp_gain":0.0,"max_hp_loss":0.0,"gold_gain":0.0,"event_name":"Purifier","player_choice":"Purged","floor":13.0,"gold_loss":0.0,"damage_taken":0.0},{"damage_healed":0.0,"max_hp_gain":0.0,"max_hp_loss":0.0,"gold_gain":0.0,"event_name":"Upgrade Shrine","player_choice":"Upgraded","floor":20.0,"gold_loss":0.0,"damage_taken":0.0,"cards_upgraded":["Adrenaline"]}],"is_beta":false,"boss_relics":[{"not_picked":["WristBlade","Fusion Hammer"],"picked":"Sozu"},{"not_picked":["White Beast Statue","Velvet Choker"],"picked":"Snecko Eye"}],"items_purged_floors":[5],"is_endless":false,"potions_floor_spawned":[1,10,12,16,21,23,31,33],"ascension_level":0}