{"gold_per_floor":[117,267,317,331,39,68,68,68,68,98,128,148,89,89,89,168,168,183,201,201,216,216,216,216,216,292,342,342,342,63,63,63,138,138,157,174,107,107,107,107,107,45,45,45,75,75,92,92,92,92],"floor_reached":51,"playtime":1980,"items_purged":["Doubt"],"score":1354,"play_id":"28041596-1701-4893-a582-8bc36a949d35","local_time":"20190314132301","is_ascension_mode":true,"campfire_choices":[{"data":"Flame Barrier","floor":8,"key":"SMITH"},{"data":"Body Slam","floor":15,"key":"SMITH"},{"data":"Barricade","floor":23,"key":"SMITH"},{"data":"Entrench","floor":25,"key":"SMITH"},{"floor":28,"key":"REST"},{"data":"Juggernaut","floor":32,"key":"SMITH"},{"data":"Rupture","floor":40,"key":"SMITH"},{"data":"Body Slam","floor":44,"key":"SMITH"},{"floor":46,"key":"REST"},{"floor":49,"key":"REST"}],"neow_cost":"NONE","seed_source_timestamp":131199764964400,"circlet_count":0,"master_deck":["AscendersBane","Strike_R+1","Defend_R+1","Defend_R+1","Defend_R+1","Defend_R+1","Bash","Twin Strike+1","Flame Barrier+1","Body Slam+1","Shrug It Off","Body Slam+1","Juggernaut+1","Warcry","Shrug It Off","Regret","Barricade+1","Body Slam+1","Reckless Charge+1","Power Through+1","Cleave","Flame Barrier+1","Flame Barrier+1","Entrench+1","Shame","Evolve","Rupture+1","Writhe","Bandage Up","Offering"],"relics":["Burning Blood","NeowsBlessing","Lantern","Blue Candle","Self Forming Clay","Odd Mushroom","Du-Vu Doll","FossilizedHelix","Astrolabe","Enchiridion","The Courier","Dream Catcher","Singing Bowl","Turnip","Sozu","Omamori","Bronze Scales"],"potions_floor_usage":[16,18,50],"damage_taken":[{"damage":0,"enemies":"Jaw Worm","floor":1,"turns":1},{"damage":0,"enemies":"Cultist","floor":4,"turns":1},{"damage":0,"enemies":"Lagavulin","floor":6,"turns":1},{"damage":21,"enemies":"The Mushroom Lair","floor":10,"turns":6},{"damage":11,"enemies":"3 Sentries","floor":11,"turns":9},{"damage":11,"enemies":"2 Louse","floor":12,"turns":3},{"damage":12,"enemies":"The Guardian","floor":16,"turns":12},{"damage":6,"enemies":"3 Byrds","floor":18,"turns":4},{"damage":14,"enemies":"Spheric Guardian","floor":19,"turns":4},{"damage":8,"enemies":"Snake Plant","floor":21,"turns":3},{"damage":51,"enemies":"Automaton","floor":33,"turns":12},{"damage":0,"enemies":"Orb Walker","floor":35,"turns":4},{"damage":16,"enemies":"3 Darklings","floor":36,"turns":6},{"damage":68,"enemies":"Giant Head","floor":45,"turns":8},{"damage":12,"enemies":"Writhing Mass","floor":47,"turns":6},{"damage":66,"enemies":"Awakened One","floor":50,"turns":12}],"seed_played":"2121666674332799824","potions_obtained":[{"floor":6,"key":"Poison Potion"},{"floor":12,"key":"GamblersBrew"},{"floor":19,"key":"Fire Potion"}],"is_trial":false,"path_per_floor":["M","?","?","M","$","E","?","R","T","?","E","M","$","?","R","B",null,"M","M","?","M","?","R","?","R","T","?","R","?","$","T","R","B",null,"M","M","$","?","?","R","?","$","T","R","E","R","M","?","R","B",null],"character_chosen":"IRONCLAD","items_purchased":["Body Slam","Lantern","Shrug It Off","Singing Bowl","Evolve","Rupture","Offering"],"campfire_rested":3,"item_purchase_floors":[5,5,13,30,30,37,42],"current_hp_per_floor":[74,74,74,75,75,75,52,52,52,37,32,27,27,27,27,21,62,62,54,54,52,52,52,31,31,31,31,53,53,53,53,53,10,60,68,60,60,60,76,76,76,76,76,76,20,46,46,46,74,18],"gold":92,"neow_bonus":"THREE_ENEMY_KILL","is_prod":false,"is_daily":false,"chose_seed":false,"campfire_upgraded":7,"win_rate":0,"timestamp":1552584181,"path_taken":["M","?","?","?","$","E","?","R","T","?","E","?","?","?","R","BOSS","M","M","?","?","?","R","?","R","T","?","R","?","$","?","R","BOSS","M","M","$","?","?","R","?","?","T","R","E","R","M","?","R","BOSS"],"build_version":"2019-02-06","purchased_purges":1,"victory":true,"max_hp_per_floor":[75,75,75,75,75,75,75,75,75,75,75,75,75,75,75,75,75,75,75,75,75,75,75,75,75,75,75,75,75,75,75,75,77,77,79,81,81,81,81,81,81,81,81,81,83,85,87,87,89,89],"card_choices":[{"not_picked":["Burning Pact","Sword Boomerang"],"picked":"Twin Strike","floor":1},{"not_picked":["Searing Blow","Headbutt"],"picked":"Flame Barrier","floor":4},{"not_picked":["Flex","Headbutt"],"picked":"Shrug It Off","floor":6},{"not_picked":["Blood for Blood","Havoc"],"picked":"Body Slam","floor":10},{"not_picked":["Headbutt","Searing Blow"],"picked":"Juggernaut","floor":11},{"not_picked":["Perfected Strike","Wild Strike"],"picked":"Warcry","floor":12},{"not_picked":["Offering","Fiend Fire"],"picked":"Barricade","floor":16},{"not_picked":["Pommel Strike","Thunderclap"],"picked":"Cleave","floor":18},{"not_picked":["Battle Trance","Havoc+1"],"picked":"Flame Barrier+1","floor":19},{"not_picked":["Hemokinesis","Heavy Blade+1"],"picked":"Entrench","floor":21},{"not_picked":["Brutality","Dark Embrace","Immolate"],"picked":"Singing Bowl","floor":33},{"not_picked":["Cleave+1","Flex","Clash"],"picked":"Singing Bowl","floor":35},{"not_picked":["Shrug It Off","Feel No Pain","Sword Boomerang"],"picked":"Singing Bowl","floor":36},{"not_picked":["Panacea","Deep Breath"],"picked":"Bandage Up","floor":41},{"not_picked":["Twin Strike","Anger","Juggernaut"],"picked":"Singing Bowl","floor":45},{"not_picked":["Entrench","Clothesline","Infernal Blade"],"picked":"Singing Bowl","floor":46},{"not_picked":["Cleave","Iron Wave","Spot Weakness"],"picked":"Singing Bowl","floor":47},{"not_picked":["Heavy Blade","Bloodletting","Warcry+1"],"picked":"Singing Bowl","floor":49}],"player_experience":653231,"relics_obtained":[{"floor":6,"key":"Blue Candle"},{"floor":9,"key":"Self Forming Clay"},{"floor":10,"key":"Odd Mushroom"},{"floor":11,"key":"Du-Vu Doll"},{"floor":24,"key":"Enchiridion"},{"floor":26,"key":"The Courier"},{"floor":31,"key":"Turnip"},{"floor":43,"key":"Omamori"},{"floor":45,"key":"Bronze Scales"}],"event_choices":[{"damage_healed":0,"gold_gain":150,"player_choice":"AGREE","damage_taken":0,"max_hp_gain":0,"max_hp_loss":0,"event_name":"Liars Game","floor":2,"gold_loss":0,"cards_obtained":["Doubt"]},{"damage_healed":0,"gold_gain":50,"player_choice":"Pray","damage_taken":0,"max_hp_gain":0,"max_hp_loss":0,"event_name":"Golden Shrine","floor":3,"gold_loss":0},{"damage_healed":0,"gold_gain":0,"player_choice":"Entered Light","damage_taken":23,"max_hp_gain":0,"max_hp_loss":0,"event_name":"Shining Light","floor":7,"gold_loss":0,"cards_upgraded":["Defend_R","Twin Strike"]},{"damage_healed":0,"gold_gain":0,"player_choice":"Fought Mushrooms","damage_taken":0,"max_hp_gain":0,"max_hp_loss":0,"event_name":"Mushrooms","floor":10,"gold_loss":0},{"damage_healed":0,"gold_gain":0,"player_choice":"Box","damage_taken":0,"relics_obtained":["FossilizedHelix"],"max_hp_gain":0,"max_hp_loss":0,"event_name":"Big Fish","floor":14,"gold_loss":0,"cards_obtained":["Regret"]},{"damage_healed":0,"gold_gain":0,"player_choice":"Copied","damage_taken":0,"max_hp_gain":0,"max_hp_loss":0,"event_name":"Duplicator","floor":20,"gold_loss":0,"cards_obtained":["Flame Barrier"]},{"damage_healed":0,"gold_gain":0,"player_choice":"Simplicity","damage_taken":0,"max_hp_gain":0,"max_hp_loss":0,"event_name":"Back to Basics","floor":22,"gold_loss":0,"cards_upgraded":["Strike_R","Strike_R","Defend_R","Defend_R","Defend_R"]},{"damage_healed":0,"gold_gain":0,"player_choice":"Obtained Book","damage_taken":21,"max_hp_gain":0,"max_hp_loss":0,"event_name":"Cursed Tome","floor":24,"gold_loss":0},{"damage_healed":0,"gold_gain":50,"player_choice":"Stole From Cult","damage_taken":0,"max_hp_gain":0,"max_hp_loss":0,"event_name":"Nest","floor":27,"gold_loss":0},{"damage_healed":0,"gold_gain":0,"player_choice":"Stole Relic","damage_taken":0,"relics_obtained":["Dream Catcher"],"max_hp_gain":0,"max_hp_loss":0,"event_name":"Addict","floor":29,"gold_loss":0,"cards_obtained":["Shame"]},{"cards_removed":["Strike_R"],"damage_healed":0,"gold_gain":0,"player_choice":"Removed Attack","damage_taken":0,"max_hp_gain":0,"max_hp_loss":0,"event_name":"Falling","floor":38,"gold_loss":0},{"damage_healed":16,"gold_gain":0,"player_choice":"Writhe","damage_taken":0,"max_hp_gain":0,"max_hp_loss":0,"event_name":"Winding Halls","floor":39,"gold_loss":0,"cards_obtained":["Writhe"]},{"damage_healed":0,"gold_gain":0,"player_choice":"Memory 1","damage_taken":0,"max_hp_gain":0,"max_hp_loss":0,"event_name":"SensoryStone","floor":41,"gold_loss":0},{"damage_healed":0,"gold_gain":0,"player_choice":"Ignored","damage_taken":0,"max_hp_gain":0,"max_hp_loss":0,"event_name":"Mysterious Sphere","floor":48,"gold_loss":0}],"is_beta":true,"boss_relics":[{"not_picked":["Tiny House","Fusion Hammer"],"picked":"Astrolabe"},{"not_picked":["Runic Cube","Eternal Feather"],"picked":"Sozu"}],"items_purged_floors":[5],"is_endless":false,"potions_floor_spawned":[6,12,19,35,45],"ascension_level":18}