{"gold_per_floor":[117,131,131,131,56,56,70,25,25,25,45,45,220,191,191,286,286,211,227,243,35,51,51,51,78,78,78,112,123,142,152,152,248,248,262,262,280,298,310,310,321,321,389,408,408,32,48,66,66,66],"floor_reached":51,"playtime":4951,"items_purged":["Strike_G","Doubt"],"score":683,"play_id":"e53a6ef8-c386-47c3-ab9c-5d01459cb632","local_time":"20190315224233","is_ascension_mode":false,"campfire_choices":[{"data":"Footwork","floor":6,"key":"SMITH"},{"data":"Footwork","floor":10,"key":"SMITH"},{"data":"Noxious Fumes","floor":12,"key":"SMITH"},{"data":"Blur","floor":15,"key":"SMITH"},{"data":"Tools of the Trade","floor":23,"key":"SMITH"},{"data":"Tactician","floor":27,"key":"SMITH"},{"data":"Distraction","floor":32,"key":"SMITH"},{"data":"Venomology","floor":40,"key":"SMITH"},{"data":"Distraction","floor":42,"key":"SMITH"},{"data":"Acrobatics","floor":49,"key":"SMITH"}],"neow_cost":"NONE","seed_source_timestamp":185763738092613,"circlet_count":0,"master_deck":["Defend_G","Defend_G","Defend_G+1","Defend_G","Defend_G","Survivor","Neutralize+1","Deflect","Footwork+1","Tactician+1","PiercingWail","Footwork+1","Noxious Fumes+1","Blur+1","Tools of the Trade+1","Deflect+1","Cloak And Dagger","Backflip+1","Backflip","Bite","Bite","Bite","Bite","Bite","Acrobatics+1","Die Die Die","Backstab+1","Blur","Distraction+1","Venomology+1","Noxious Fumes+1","Madness","Madness","Cloak And Dagger+1","Backflip","Footwork","Distraction+1","Calculated Gamble","Caltrops"],"relics":["Ring of the Snake","Ninja Scroll","Black Star","MealTicket","Potion Belt","Blood Vial","Pear","Bottled Flame","Question Card","HoveringKite","Dodecahedron","TwistedFunnel"],"potions_floor_usage":[20,28,28,28,33,33,33,38,38,39,39,41,44,47,48,50,50],"damage_taken":[{"damage":4,"enemies":"Cultist","floor":1,"turns":3},{"damage":0,"enemies":"2 Louse","floor":2,"turns":3},{"damage":0,"enemies":"Small Slimes","floor":7,"turns":5},{"damage":0,"enemies":"Looter","floor":8,"turns":5},{"damage":0,"enemies":"Blue Slaver","floor":11,"turns":5},{"damage":1,"enemies":"Exordium Thugs","floor":14,"turns":5},{"damage":10,"enemies":"The Guardian","floor":16,"turns":13},{"damage":14,"enemies":"2 Thieves","floor":18,"turns":5},{"damage":4,"enemies":"Shell Parasite","floor":19,"turns":10},{"damage":5,"enemies":"Snake Plant","floor":20,"turns":7},{"damage":0,"enemies":"Snecko","floor":22,"turns":14},{"damage":29,"enemies":"Slavers","floor":25,"turns":9},{"damage":8,"enemies":"Gremlin Leader","floor":28,"turns":9},{"damage":11,"enemies":"3 Cultists","floor":29,"turns":7},{"damage":0,"enemies":"Shelled Parasite and Fungi","floor":30,"turns":9},{"damage":4,"enemies":"Snake Plant","floor":31,"turns":7},{"damage":8,"enemies":"Automaton","floor":33,"turns":15},{"damage":0,"enemies":"3 Shapes","floor":35,"turns":7},{"damage":22,"enemies":"3 Darklings","floor":37,"turns":7},{"damage":18,"enemies":"Writhing Mass","floor":38,"turns":8},{"damage":7,"enemies":"Maw","floor":39,"turns":12},{"damage":18,"enemies":"4 Shapes","floor":41,"turns":4},{"damage":17,"enemies":"3 Darklings","floor":44,"turns":7},{"damage":10,"enemies":"Spire Growth","floor":47,"turns":9},{"damage":12,"enemies":"Sphere and 2 Shapes","floor":48,"turns":8},{"damage":6,"enemies":"Awakened One","floor":50,"turns":19}],"seed_played":"4713256542170297909","potions_obtained":[{"floor":2,"key":"SpeedPotion"},{"floor":11,"key":"PowerPotion"},{"floor":16,"key":"SkillPotion"},{"floor":20,"key":"EssenceOfSteel"},{"floor":28,"key":"Energy Potion"},{"floor":29,"key":"SteroidPotion"},{"floor":30,"key":"Block Potion"},{"floor":31,"key":"Poison Potion"},{"floor":33,"key":"Fire Potion"},{"floor":37,"key":"EssenceOfSteel"},{"floor":38,"key":"Regen Potion"},{"floor":39,"key":"LiquidBronze"},{"floor":45,"key":"Dexterity Potion"},{"floor":45,"key":"GhostInAJar"},{"floor":45,"key":"SpeedPotion"}],"is_trial":false,"path_per_floor":["M","M","?","?","$","R","M","M","T","R","M","R","?","M","R","B",null,"M","M","M","$","M","R","?","E","T","R","E","M","M","M","R","B",null,"M","?","M","M","M","R","M","R","T","M","?","$","M","M","R","B",null],"character_chosen":"THE_SILENT","items_purchased":["MealTicket","TwistedFunnel","Caltrops"],"campfire_rested":0,"item_purchase_floors":[21,46,46],"current_hp_per_floor":[66,66,52,52,52,52,52,52,52,52,52,52,52,51,51,41,70,56,52,47,47,47,47,47,34,44,44,54,58,59,59,59,59,59,59,52,38,32,58,58,43,43,43,38,38,53,59,55,55,59],"gold":66,"neow_bonus":"UPGRADE_CARD","is_prod":false,"is_daily":false,"chose_seed":false,"campfire_upgraded":10,"win_rate":0,"timestamp":1552686153,"path_taken":["M","M","?","?","$","R","M","?","T","R","M","R","?","M","R","BOSS","M","M","M","$","M","R","?","E","T","R","E","M","M","M","R","BOSS","M","?","M","M","M","R","M","R","T","M","?","$","M","M","R","BOSS"],"build_version":"2019-01-23","purchased_purges":2,"victory":true,"max_hp_per_floor":[70,70,70,70,70,70,70,70,70,70,70,70,70,70,70,70,70,70,70,70,70,70,70,49,49,59,59,59,59,59,59,59,59,59,59,59,59,59,59,59,59,59,59,59,59,59,59,59,59,59],"card_choices":[{"not_picked":["Finisher","Slice"],"picked":"Deflect","floor":1},{"not_picked":["Quick Slash","PiercingWail"],"picked":"Footwork","floor":2},{"not_picked":["Dagger Throw","Riddle With Holes"],"picked":"PiercingWail","floor":7},{"not_picked":["Prepared","Deflect"],"picked":"Footwork","floor":8},{"not_picked":["Flechettes","Flying Knee"],"picked":"Noxious Fumes","floor":11},{"not_picked":["Dagger Throw","Blade Dance"],"picked":"Blur","floor":14},{"not_picked":["Phantasmal Killer","After Image"],"picked":"Tools of the Trade","floor":16},{"not_picked":["Accuracy","Backstab"],"picked":"Deflect+1","floor":18},{"not_picked":["Slice","Flechettes"],"picked":"Cloak And Dagger","floor":19},{"not_picked":["Deflect","Deadly Poison"],"picked":"Backflip+1","floor":20},{"not_picked":["Blade Dance","Deadly Poison"],"picked":"Backflip","floor":22},{"not_picked":["Underhanded Strike","Deflect"],"picked":"Acrobatics","floor":25},{"not_picked":["Expertise","Deflect"],"picked":"Die Die Die","floor":28},{"not_picked":["Masterful Stab","Flying Knee","Sucker Punch"],"picked":"Backstab+1","floor":29},{"not_picked":["Backflip","Slice","Deadly Poison"],"picked":"Blur","floor":30},{"not_picked":["Slice","Dagger Spray","Tactician+1"],"picked":"Distraction","floor":31},{"not_picked":["Glass Knife","Unload","Corpse Explosion"],"picked":"Venomology","floor":33},{"not_picked":["Dagger Throw","Dodge and Roll+1","Tactician"],"picked":"Noxious Fumes+1","floor":35},{"not_picked":["Sucker Punch","Bouncing Flask+1","Dodge and Roll"],"picked":"Cloak And Dagger+1","floor":37},{"not_picked":["Slice","Bane+1","Cloak And Dagger"],"picked":"Backflip","floor":38},{"not_picked":["Outmaneuver","Underhanded Strike","Leg Sweep+1"],"picked":"Footwork","floor":39},{"not_picked":["Dodge and Roll","Bane","Outmaneuver+1"],"picked":"Distraction","floor":41},{"not_picked":["Riddle With Holes","Storm of Steel","Eviscerate+1"],"picked":"Calculated Gamble","floor":44},{"not_picked":["Quick Slash+1","Deadly Poison","Dodge and Roll","Blade Dance"],"picked":"SKIP","floor":47},{"not_picked":["Quick Slash+1","Poisoned Stab+1","Skewer","Dagger Throw+1"],"picked":"SKIP","floor":48}],"player_experience":41121,"relics_obtained":[{"floor":9,"key":"Ninja Scroll"},{"floor":25,"key":"Potion Belt"},{"floor":25,"key":"Blood Vial"},{"floor":26,"key":"Pear"},{"floor":28,"key":"Bottled Flame"},{"floor":28,"key":"Question Card"},{"floor":43,"key":"Dodecahedron"}],"event_choices":[{"damage_healed":0,"gold_gain":0,"player_choice":"Entered Light","damage_taken":14,"max_hp_gain":0,"max_hp_loss":0,"event_name":"Shining Light","floor":3,"gold_loss":0,"cards_upgraded":["Strike_G","Defend_G"]},{"damage_healed":0,"gold_gain":0,"cards_transformed":["Strike_G"],"player_choice":"Transformed","damage_taken":0,"max_hp_gain":0,"max_hp_loss":0,"event_name":"Transmorgrifier","floor":4,"gold_loss":0,"cards_obtained":["Tactician"]},{"damage_healed":0,"gold_gain":175,"player_choice":"AGREE","damage_taken":0,"max_hp_gain":0,"max_hp_loss":0,"event_name":"Liars Game","floor":13,"gold_loss":0,"cards_obtained":["Doubt"]},{"damage_healed":0,"gold_gain":0,"player_choice":"Became a vampire","damage_taken":0,"max_hp_gain":0,"max_hp_loss":21,"event_name":"Vampires","floor":24,"gold_loss":0,"cards_obtained":["Bite","Bite","Bite","Bite","Bite"]},{"damage_healed":0,"gold_gain":0,"player_choice":"Embrace Madness","damage_taken":7,"max_hp_gain":0,"max_hp_loss":0,"event_name":"Winding Halls","floor":36,"gold_loss":0,"cards_obtained":["Madness","Madness"]},{"damage_healed":0,"gold_gain":0,"player_choice":"Got Potions","damage_taken":0,"max_hp_gain":0,"max_hp_loss":0,"event_name":"Lab","floor":45,"gold_loss":0}],"is_beta":false,"boss_relics":[{"not_picked":["Fusion Hammer","Coffee Dripper"],"picked":"Black Star"},{"not_picked":["Runic Dome","Eternal Feather"],"picked":"HoveringKite"}],"items_purged_floors":[5,46],"is_endless":false,"potions_floor_spawned":[2,11,16,20,22,28,29,30,31,33,37,38,39,48],"ascension_level":0}