{"gold_per_floor":[111,121,196,196,214,214,242,36,336,306,326,354,368,382,382,382],"floor_reached":16,"playtime":732,"items_purged":[],"score":146,"play_id":"ae46b6ce-aa91-4038-9e68-5661be8cf18c","local_time":"20190320123717","is_ascension_mode":true,"campfire_choices":[{"floor":6,"key":"REST"},{"data":"Disarm","floor":15,"key":"SMITH"}],"neow_cost":"NONE","seed_source_timestamp":935047603168580,"circlet_count":0,"master_deck":["Strike_R","Strike_R","Strike_R","Strike_R","Defend_R","Defend_R","Defend_R","Defend_R","Bash","Feel No Pain","Combust","Armaments","True Grit","Disarm+1","Shrug It Off","Demon Form"],"relics":["Burning Blood","Singing Bowl","Membership Card","Old Coin","Calipers"],"potions_floor_usage":[16,16],"damage_taken":[{"damage":19,"enemies":"Jaw Worm","floor":1,"turns":5},{"damage":7,"enemies":"Small Slimes","floor":2,"turns":4},{"damage":7,"enemies":"Cultist","floor":5,"turns":4},{"damage":31,"enemies":"3 Sentries","floor":7,"turns":8},{"damage":2,"enemies":"Looter","floor":10,"turns":4},{"damage":7,"enemies":"Red Slaver","floor":11,"turns":7},{"damage":43,"enemies":"Lagavulin","floor":12,"turns":9},{"damage":3,"enemies":"Blue Slaver","floor":13,"turns":8},{"damage":3,"enemies":"Exordium Wildlife","floor":14,"turns":4},{"damage":24,"enemies":"The Guardian","floor":16,"turns":10}],"seed_played":"-3173227767496551981","potions_obtained":[{"floor":1,"key":"SpeedPotion"},{"floor":7,"key":"Explosive Potion"},{"floor":12,"key":"Dexterity Potion"}],"is_trial":false,"path_per_floor":["M","M","?","?","M","R","E","$","T","M","M","E","M","M","R","B"],"character_chosen":"IRONCLAD","items_purchased":["Membership Card"],"campfire_rested":1,"item_purchase_floors":[8],"current_hp_per_floor":[59,58,47,47,46,70,45,45,45,49,50,13,18,21,21,0],"gold":382,"neow_bonus":"TRANSFORM_CARD","is_prod":false,"is_daily":false,"chose_seed":false,"campfire_upgraded":1,"win_rate":0,"timestamp":1553099837,"path_taken":["M","M","?","?","M","R","E","?","T","M","M","E","?","M","R","BOSS"],"build_version":"2019-01-23","purchased_purges":0,"victory":false,"max_hp_per_floor":[80,80,80,80,80,80,80,80,80,80,82,82,84,84,84,84],"card_choices":[{"not_picked":["Wild Strike","Headbutt"],"picked":"Combust","floor":1},{"not_picked":["Cleave","Power Through"],"picked":"Armaments","floor":2},{"not_picked":["Thunderclap","Corruption","Twin Strike"],"picked":"SKIP","floor":5},{"not_picked":["Uppercut","Perfected Strike"],"picked":"True Grit","floor":7},{"not_picked":["Warcry","Havoc"],"picked":"Disarm","floor":10},{"not_picked":["Anger","Combust","Havoc"],"picked":"Singing Bowl","floor":11},{"not_picked":["Corruption","Sword Boomerang"],"picked":"Shrug It Off","floor":12},{"not_picked":["Heavy Blade","Body Slam","Perfected Strike"],"picked":"Singing Bowl","floor":13},{"not_picked":["True Grit","Fire Breathing"],"picked":"Demon Form","floor":14}],"player_experience":315836,"relics_obtained":[{"floor":7,"key":"Singing Bowl"},{"floor":9,"key":"Old Coin"},{"floor":12,"key":"Calipers"}],"event_choices":[{"damage_healed":0,"gold_gain":75,"player_choice":"Gather Gold","damage_taken":11,"max_hp_gain":0,"max_hp_loss":0,"event_name":"World of Goop","floor":3,"gold_loss":0},{"damage_healed":0,"gold_gain":0,"player_choice":"Ignored","damage_taken":0,"max_hp_gain":0,"max_hp_loss":0,"event_name":"Liars Game","floor":4,"gold_loss":0}],"is_beta":false,"boss_relics":[],"items_purged_floors":[],"is_endless":false,"potions_floor_spawned":[1,7,12],"killed_by":"The Guardian","ascension_level":6}