{"gold_per_floor":[117,42,42,42,56,56,66,36,59,59,71,89,102,102],"floor_reached":14,"playtime":478,"items_purged":["Strike_G"],"score":106,"play_id":"1b2d333f-a530-43bf-bf17-b4e2e97cf535","local_time":"20190315020810","is_ascension_mode":true,"campfire_choices":[],"neow_cost":"TEN_PERCENT_HP_LOSS","seed_source_timestamp":465550491319105,"circlet_count":0,"master_deck":["Defend_G","Defend_G","Defend_G","Defend_G","Defend_G","Strike_G","Strike_G","Strike_G","Survivor","Neutralize","Grand Finale","Backstab","Acrobatics"],"relics":["Ring of the Snake","WingedGreaves","Smiling Mask","Spirit Poop"],"potions_floor_usage":[14,14],"damage_taken":[{"damage":4,"enemies":"Small Slimes","floor":1,"turns":3},{"damage":0,"enemies":"2 Louse","floor":5,"turns":4},{"damage":5,"enemies":"Cultist","floor":7,"turns":5},{"damage":1,"enemies":"Looter","floor":8,"turns":4},{"damage":0,"enemies":"Gremlin Gang","floor":11,"turns":2},{"damage":0,"enemies":"Exordium Thugs","floor":12,"turns":2},{"damage":7,"enemies":"Exordium Wildlife","floor":13,"turns":9},{"damage":58,"enemies":"Lagavulin","floor":14,"turns":8}],"seed_played":"457615237351722787","potions_obtained":[{"floor":1,"key":"SteroidPotion"},{"floor":11,"key":"FearPotion"}],"is_trial":false,"path_per_floor":["M","$","?","?","M","?","M","M","T","?","M","M","M","E"],"character_chosen":"THE_SILENT","items_purchased":[],"campfire_rested":0,"item_purchase_floors":[],"current_hp_per_floor":[59,59,56,56,56,56,51,50,50,50,50,50,43,0],"gold":102,"neow_bonus":"THREE_RARE_CARDS","is_prod":false,"is_daily":false,"chose_seed":false,"campfire_upgraded":0,"win_rate":0,"timestamp":1552630090,"path_taken":["M","$","?","?","M","?","?","M","T","?","M","?","M","E"],"build_version":"2019-01-23","purchased_purges":1,"victory":false,"max_hp_per_floor":[63,63,63,63,63,63,63,63,63,63,63,63,63,63],"card_choices":[{"not_picked":["A Thousand Cuts","Storm of Steel"],"picked":"Grand Finale","floor":0},{"not_picked":["Cloak And Dagger","Escape Plan"],"picked":"Backstab","floor":1},{"not_picked":["Heel Hook","Sucker Punch","Prepared"],"picked":"SKIP","floor":5},{"not_picked":["Underhanded Strike","Sucker Punch","Dagger Spray"],"picked":"SKIP","floor":7},{"not_picked":["Backflip","Flying Knee","Blur"],"picked":"SKIP","floor":8},{"not_picked":["Infinite Blades","Deadly Poison","Endless Agony"],"picked":"SKIP","floor":11},{"not_picked":["Heel Hook","All Out Attack","Corpse Explosion"],"picked":"SKIP","floor":12},{"not_picked":["Blade Dance","PiercingWail"],"picked":"Acrobatics","floor":13}],"player_experience":296346,"relics_obtained":[{"floor":9,"key":"Smiling Mask"}],"event_choices":[{"damage_healed":0,"gold_gain":0,"player_choice":"Success","damage_taken":3,"relics_obtained":["WingedGreaves"],"max_hp_gain":0,"max_hp_loss":0,"event_name":"Scrap Ooze","floor":3,"gold_loss":0},{"cards_removed":["Strike_G"],"damage_healed":0,"gold_gain":0,"player_choice":"Forget","damage_taken":0,"max_hp_gain":0,"max_hp_loss":0,"event_name":"Living Wall","floor":4,"gold_loss":0},{"damage_healed":0,"gold_gain":0,"player_choice":"1 cards matched","damage_taken":0,"max_hp_gain":0,"max_hp_loss":0,"event_name":"Match and Keep!","floor":6,"gold_loss":0,"cards_obtained":["Decay"]},{"cards_removed":["Decay"],"damage_healed":0,"gold_gain":0,"player_choice":"Offered Curse","damage_taken":0,"relics_obtained":["Spirit Poop"],"max_hp_gain":0,"max_hp_loss":0,"event_name":"Bonfire Elementals","floor":10,"gold_loss":0}],"is_beta":false,"boss_relics":[],"items_purged_floors":[2],"is_endless":false,"potions_floor_spawned":[1,11],"killed_by":"Lagavulin","ascension_level":6}