{"gold_per_floor":[110,35,47,67,67,67,81,81,107,107,107,134,134,161,161,235,235,253,271,271,271,271,271,56,56,82,82,101,149,168,187,187,261,261,275,1274,1294,581,597,626,626,645,691,691],"floor_reached":44,"playtime":1404,"items_purged":["Strike_R"],"score":967,"play_id":"07053ff2-eeea-4443-be6e-859ca8b678cf","local_time":"20181023015545","is_ascension_mode":true,"campfire_choices":[{"data":"Clothesline","floor":6.0,"key":"SMITH"},{"data":"Immolate","floor":8.0,"key":"SMITH"},{"data":"Spot Weakness","floor":10.0,"key":"SMITH"},{"data":"Flame Barrier","floor":13.0,"key":"SMITH"},{"floor":15.0,"key":"REST"},{"data":"Bash","floor":23.0,"key":"SMITH"},{"data":"Strike_R","floor":25.0,"key":"PURGE"},{"floor":27.0,"key":"REST"},{"data":"Disarm","floor":32.0,"key":"SMITH"},{"floor":41.0,"key":"REST"}],"neow_cost":"NONE","seed_source_timestamp":1047261745353107,"circlet_count":0,"master_deck":["Strike_R","Defend_R","Defend_R","Defend_R","Defend_R","Bash+1","AscendersBane","Clothesline+1","Spot Weakness+1","Rampage","Immolate+1","Flame Barrier+1","Iron Wave","Double Tap+1","Shrug It Off+1","Disarm+1","Demon Form","True Grit","Disarm"],"special_seed":0,"relics":["Burning Blood","Red Skull","Anchor","Peace Pipe","Matryoshka","Sozu","MutagenicStrength","ClockworkSouvenir","Omamori","Vajra","Centennial Puzzle","Bronze Scales","Busted Crown","Tiny Chest","Singing Bowl","Lee\u0027s Waffle","StoneCalendar","Art of War"],"potions_floor_usage":[],"damage_taken":[{"damage":9.0,"enemies":"Small Slimes","floor":1.0,"turns":4.0},{"damage":10.0,"enemies":"Jaw Worm","floor":3.0,"turns":6.0},{"damage":2.0,"enemies":"2 Louse","floor":4.0,"turns":3.0},{"damage":4.0,"enemies":"Looter","floor":7.0,"turns":4.0},{"damage":0.0,"enemies":"3 Sentries","floor":12.0,"turns":4.0},{"damage":42.0,"enemies":"Gremlin Nob","floor":14.0,"turns":5.0},{"damage":38.0,"enemies":"Hexaghost","floor":16.0,"turns":8.0},{"damage":10.0,"enemies":"3 Byrds","floor":18.0,"turns":4.0},{"damage":32.0,"enemies":"Shell Parasite","floor":19.0,"turns":4.0},{"damage":0.0,"enemies":"Snake Plant","floor":28.0,"turns":3.0},{"damage":3.0,"enemies":"Centurion and Healer","floor":30.0,"turns":3.0},{"damage":0.0,"enemies":"Snecko","floor":31.0,"turns":3.0},{"damage":71.0,"enemies":"Collector","floor":33.0,"turns":10.0},{"damage":8.0,"enemies":"3 Darklings","floor":35.0,"turns":3.0},{"damage":0.0,"enemies":"Orb Walker","floor":37.0,"turns":2.0},{"damage":33.0,"enemies":"Transient","floor":39.0,"turns":6.0},{"damage":54.0,"enemies":"Reptomancer","floor":40.0,"turns":5.0},{"damage":24.0,"enemies":"Jaw Worm Horde","floor":42.0,"turns":3.0},{"damage":37,"enemies":"Spire Growth","floor":44,"turns":3}],"seed_played":"8603698814898776468","potions_obtained":[{"floor":3.0,"key":"LiquidBronze"},{"floor":12.0,"key":"SteroidPotion"},{"floor":14.0,"key":"LiquidBronze"},{"floor":16.0,"key":"FearPotion"}],"is_trial":false,"path_per_floor":["M","?","M","M","?","R","M","R","T","R","?","E","R","E","R","B",null,"M","M","?","?","?","R","$","R","T","R","M","T","M","M","R","B",null,"M","?","M","$","M","E","R","M","T"],"character_chosen":"IRONCLAD","items_purchased":["ClockworkSouvenir","Tiny Chest","Singing Bowl","Lee\u0027s Waffle","True Grit"],"campfire_rested":3,"item_purchase_floors":[24,38,38,38,38],"current_hp_per_floor":[72,72,68,72,46,46,48,48,48,48,48,54,54,18,42,10,64,60,34,34,34,34,34,34,34,34,58,64,64,67,73,73,8,64,62,62,68,89,62,16,43,27,27,0],"gold":691,"neow_bonus":"TEN_PERCENT_HP_BONUS","is_prod":false,"is_daily":false,"chose_seed":false,"campfire_upgraded":6,"win_rate":0,"timestamp":1540274145,"path_taken":["M","?","M","M","?","R","M","R","T","R","?","E","R","E","R","BOSS","M","M","?","?","?","R","$","R","T","R","?","?","?","M","R","BOSS","M","?","M","$","?","E","R","M","T","M"],"build_version":"2018-10-19","purchased_purges":1,"victory":false,"max_hp_per_floor":[82,82,82,82,82,82,82,82,82,82,82,82,82,82,82,82,82,82,82,82,82,82,82,82,82,82,82,82,82,82,82,82,82,82,82,82,82,89,89,91,91,93,93,93],"card_choices":[{"not_picked":["Thunderclap","Seeing Red"],"picked":"Clothesline","floor":1.0},{"not_picked":["Flex","Power Through"],"picked":"Spot Weakness","floor":3.0},{"not_picked":["Infernal Blade","Perfected Strike"],"picked":"Rampage","floor":4.0},{"not_picked":["Perfected Strike","Searing Blow"],"picked":"Immolate","floor":7.0},{"not_picked":["Brutality","Reckless Charge"],"picked":"Flame Barrier","floor":12.0},{"not_picked":["Entrench","Power Through"],"picked":"Iron Wave","floor":14.0},{"not_picked":["Barricade","Berserk"],"picked":"Double Tap","floor":16.0},{"not_picked":["Reckless Charge","Iron Wave","Combust"],"picked":"SKIP","floor":18.0},{"not_picked":["Seeing Red","Intimidate","Thunderclap"],"picked":"SKIP","floor":19.0},{"not_picked":["Second Wind","Iron Wave"],"picked":"Shrug It Off+1","floor":28.0},{"not_picked":["Uppercut","Warcry","Juggernaut"],"picked":"SKIP","floor":30.0},{"not_picked":["Flex","Warcry+1"],"picked":"Disarm","floor":31.0},{"not_picked":["Bludgeon","Exhume"],"picked":"Demon Form","floor":33.0},{"not_picked":["Iron Wave"],"picked":"SKIP","floor":35.0},{"not_picked":["Perfected Strike"],"picked":"SKIP","floor":37.0},{"not_picked":[],"picked":"Disarm","floor":39.0},{"not_picked":["Cleave"],"picked":"Singing Bowl","floor":40.0},{"not_picked":["Headbutt"],"picked":"Singing Bowl","floor":42.0}],"player_experience":718675,"relics_obtained":[{"floor":9.0,"key":"Anchor"},{"floor":12.0,"key":"Peace Pipe"},{"floor":14.0,"key":"Matryoshka"},{"floor":26.0,"key":"Omamori"},{"floor":26.0,"key":"Vajra"},{"floor":29.0,"key":"Centennial Puzzle"},{"floor":29.0,"key":"Bronze Scales"},{"floor":40.0,"key":"StoneCalendar"},{"floor":43.0,"key":"Art of War"}],"event_choices":[{"cards_removed":["Strike_R"],"damage_healed":0.0,"max_hp_gain":0.0,"max_hp_loss":0.0,"gold_gain":0.0,"event_name":"The Cleric","player_choice":"Card Removal","floor":2.0,"gold_loss":75.0,"damage_taken":0.0},{"damage_healed":0.0,"max_hp_gain":0.0,"max_hp_loss":0.0,"gold_gain":0.0,"event_name":"Scrap Ooze","player_choice":"Success","floor":5.0,"gold_loss":0.0,"damage_taken":26.0,"relics_obtained":["Red Skull"]},{"damage_healed":0.0,"max_hp_gain":0.0,"max_hp_loss":0.0,"gold_gain":0.0,"event_name":"Dead Adventurer","player_choice":"Searched \u00270\u0027 times","floor":11.0,"gold_loss":0.0,"damage_taken":0.0},{"cards_removed":["Strike_R"],"damage_healed":0.0,"max_hp_gain":0.0,"max_hp_loss":0.0,"gold_gain":0.0,"event_name":"Purifier","player_choice":"Purged","floor":20.0,"gold_loss":0.0,"damage_taken":0.0},{"damage_healed":0.0,"max_hp_gain":0.0,"max_hp_loss":0.0,"gold_gain":0.0,"event_name":"Upgrade Shrine","player_choice":"Upgraded","floor":21.0,"gold_loss":0.0,"damage_taken":0.0,"cards_upgraded":["Double Tap"]},{"damage_healed":0.0,"max_hp_gain":0.0,"max_hp_loss":0.0,"gold_gain":0.0,"event_name":"Drug Dealer","player_choice":"Inject Mutagens","floor":22.0,"gold_loss":0.0,"damage_taken":0.0,"relics_obtained":["MutagenicStrength"]},{"damage_healed":0.0,"max_hp_gain":0.0,"max_hp_loss":0.0,"gold_gain":999.0,"event_name":"MindBloom","player_choice":"Gold","floor":36.0,"gold_loss":0.0,"damage_taken":0.0,"cards_obtained":["Normality","Normality"]}],"is_beta":true,"boss_relics":[{"not_picked":["Snecko Eye","Tiny House"],"picked":"Sozu"},{"not_picked":["Fusion Hammer","Black Star"],"picked":"Busted Crown"}],"items_purged_floors":[38],"is_endless":false,"potions_floor_spawned":[3,12,14,16,19,28,30,33,37,39,40],"killed_by":"Spire Growth","ascension_level":20}