{"gold_per_floor":[117,117,136,93,93,93,119,119,119,134,7,7,40,40,40,119,119,132,132,151,65,65,65,65,98,98,108,125,125,43,55,55,127,127,139,0,0,13,13,13,38,38,38,38,38,38,58,75,75,75],"floor_reached":51,"playtime":2488,"items_purged":["Pain"],"score":1171,"play_id":"8ad8bbfd-03fd-4efb-a2e0-2bd5021a880e","local_time":"20190309191004","is_ascension_mode":true,"campfire_choices":[{"data":"Neutralize","floor":6,"key":"SMITH"},{"floor":8,"key":"REST"},{"data":"Tools of the Trade","floor":15,"key":"SMITH"},{"data":"Accuracy","floor":23,"key":"SMITH"},{"floor":32,"key":"REST"},{"data":"Cloak And Dagger","floor":40,"key":"SMITH"},{"data":"Malaise","floor":42,"key":"SMITH"},{"data":"Adrenaline","floor":49,"key":"SMITH"}],"neow_cost":"NONE","seed_source_timestamp":178002091692600,"circlet_count":0,"master_deck":["AscendersBane","Defend_G","Defend_G","Defend_G","Defend_G","Defend_G","Strike_G","Strike_G","Strike_G","Survivor","Neutralize+1","Cloak And Dagger","Blade Dance","Tools of the Trade+1","Cloak And Dagger+1","Underhanded Strike","Malaise+1","Dodge and Roll+1","Well Laid Plans","Poisoned Stab","Accuracy+1","Blade Dance","Infinite Blades","Crippling Poison","Caltrops+1","After Image+1","Dodge and Roll+1","Noxious Fumes+1","Adrenaline+1"],"relics":["Philosopher\u0027s Stone","WarpedTongs","Ninja Scroll","Question Card","Paper Crane","Mango","Bird Faced Urn","Eternal Feather","Tingsha","Frozen Egg 2","Enchiridion","White Beast Statue","Red Mask","Juzu Bracelet","Pear"],"potions_floor_usage":[13,16,33,33,35,41,47,50,50],"damage_taken":[{"damage":5,"enemies":"Jaw Worm","floor":1,"turns":5},{"damage":8,"enemies":"Small Slimes","floor":3,"turns":4},{"damage":42,"enemies":"Gremlin Nob","floor":7,"turns":5},{"damage":0,"enemies":"Cultist","floor":10,"turns":4},{"damage":7,"enemies":"Lagavulin","floor":13,"turns":7},{"damage":18,"enemies":"Hexaghost","floor":16,"turns":10},{"damage":15,"enemies":"Spheric Guardian","floor":18,"turns":4},{"damage":3,"enemies":"Chosen","floor":20,"turns":8},{"damage":22,"enemies":"Book of Stabbing","floor":25,"turns":6},{"damage":15,"enemies":"3 Cultists","floor":27,"turns":6},{"damage":2,"enemies":"Snake Plant","floor":28,"turns":5},{"damage":8,"enemies":"Centurion and Healer","floor":31,"turns":6},{"damage":29,"enemies":"Automaton","floor":33,"turns":10},{"damage":0,"enemies":"Orb Walker","floor":35,"turns":5},{"damage":12,"enemies":"3 Shapes","floor":38,"turns":5},{"damage":45,"enemies":"Reptomancer","floor":41,"turns":8},{"damage":22,"enemies":"Sphere and 2 Shapes","floor":47,"turns":7},{"damage":22,"enemies":"Spire Growth","floor":48,"turns":6},{"damage":69,"enemies":"Awakened One","floor":50,"turns":18}],"seed_played":"-8011797794362935736","potions_obtained":[{"floor":7,"key":"Ancient Potion"},{"floor":13,"key":"Strength Potion"},{"floor":18,"key":"PowerPotion"},{"floor":28,"key":"Dexterity Potion"},{"floor":33,"key":"Regen Potion"},{"floor":35,"key":"Fruit Juice"},{"floor":38,"key":"Dexterity Potion"},{"floor":41,"key":"AttackPotion"},{"floor":47,"key":"Regen Potion"}],"is_trial":false,"path_per_floor":["M","?","M","?","?","R","E","R","T","M","$","?","E","T","R","B",null,"M","?","M","$","$","R","$","E","T","M","M","?","$","M","R","B",null,"M","?","?","M","$","R","E","R","T","$","?","$","M","M","R","B",null],"character_chosen":"THE_SILENT","items_purchased":["Block Potion","Accuracy","Blade Dance","Caltrops+1"],"campfire_rested":2,"item_purchase_floors":[11,21,21,30],"current_hp_per_floor":[58,58,50,50,50,50,8,29,29,29,29,26,33,33,33,17,67,54,54,55,55,55,67,67,51,51,44,50,34,34,38,78,57,77,89,89,85,79,79,85,46,61,71,71,71,71,65,57,72,52],"gold":75,"neow_bonus":"BOSS_RELIC","is_prod":false,"is_daily":false,"chose_seed":false,"campfire_upgraded":6,"win_rate":0,"timestamp":1552176604,"path_taken":["M","?","M","?","?","R","E","R","T","?","$","?","E","?","R","BOSS","M","?","M","?","$","R","$","E","T","M","M","?","?","M","R","BOSS","M","?","?","M","?","R","E","R","T","$","?","?","M","M","R","BOSS"],"build_version":"2019-02-06","purchased_purges":1,"victory":true,"max_hp_per_floor":[70,70,70,70,70,70,70,70,70,70,70,70,84,84,84,84,84,84,84,84,84,84,84,84,84,84,84,84,84,84,84,84,84,84,89,89,85,85,85,85,85,85,95,95,95,95,95,95,95,95],"card_choices":[{"not_picked":["Outmaneuver","Poisoned Stab"],"picked":"Cloak And Dagger","floor":1},{"not_picked":["All Out Attack","Sucker Punch"],"picked":"Blade Dance","floor":3},{"not_picked":["Dagger Throw","Blur"],"picked":"Tools of the Trade","floor":7},{"not_picked":["Well Laid Plans","Flying Knee","Tactician"],"picked":"Cloak And Dagger","floor":10},{"not_picked":["Infinite Blades","Prepared","Acrobatics"],"picked":"Underhanded Strike","floor":13},{"not_picked":["Bullet Time","Phantasmal Killer","Unload"],"picked":"Malaise","floor":16},{"not_picked":["Crippling Poison","Slice","Riddle With Holes"],"picked":"Dodge and Roll+1","floor":18},{"not_picked":["Acrobatics","Deflect","Quick Slash"],"picked":"Poisoned Stab","floor":20},{"not_picked":["Backflip","Prepared","Poisoned Stab"],"picked":"Infinite Blades","floor":25},{"not_picked":["Acrobatics","Dodge and Roll","Dagger Spray"],"picked":"Crippling Poison","floor":27},{"not_picked":["Slice","Masterful Stab","Flying Knee","PiercingWail"],"picked":"SKIP","floor":28},{"not_picked":["Terror","Bouncing Flask","Predator","Bane"],"picked":"SKIP","floor":31},{"not_picked":["Die Die Die","Envenom+1","Night Terror"],"picked":"After Image+1","floor":33},{"not_picked":["Deflect","Endless Agony","Underhanded Strike","Slice"],"picked":"SKIP","floor":35},{"not_picked":["Endless Agony","Prepared","Crippling Poison"],"picked":"Dodge and Roll+1","floor":38},{"not_picked":["Poisoned Stab","Grand Finale","PiercingWail"],"picked":"Noxious Fumes+1","floor":41},{"not_picked":["Poisoned Stab","Predator","Skewer+1","Slice"],"picked":"SKIP","floor":47},{"not_picked":["Deflect","Outmaneuver+1","Poisoned Stab+1","Deadly Poison+1"],"picked":"SKIP","floor":48}],"player_experience":629425,"relics_obtained":[{"floor":7,"key":"Ninja Scroll"},{"floor":9,"key":"Question Card"},{"floor":13,"key":"Mango"},{"floor":14,"key":"Bird Faced Urn"},{"floor":25,"key":"Tingsha"},{"floor":26,"key":"Frozen Egg 2"},{"floor":29,"key":"Enchiridion"},{"floor":41,"key":"Juzu Bracelet"},{"floor":43,"key":"Pear"}],"event_choices":[{"damage_healed":0,"gold_gain":0,"player_choice":"Ignored","damage_taken":0,"max_hp_gain":0,"max_hp_loss":0,"event_name":"Liars Game","floor":2,"gold_loss":0},{"damage_healed":0,"gold_gain":0,"player_choice":"Left Gold","damage_taken":0,"max_hp_gain":0,"max_hp_loss":0,"event_name":"World of Goop","floor":4,"gold_loss":43},{"damage_healed":0,"gold_gain":0,"player_choice":"Rummage","damage_taken":0,"relics_obtained":["WarpedTongs"],"max_hp_gain":0,"max_hp_loss":0,"event_name":"Accursed Blacksmith","floor":5,"gold_loss":0,"cards_obtained":["Pain"]},{"damage_healed":0,"gold_gain":0,"player_choice":"Success","damage_taken":3,"relics_obtained":["Paper Crane"],"max_hp_gain":0,"max_hp_loss":0,"event_name":"Scrap Ooze","floor":12,"gold_loss":0},{"damage_healed":0,"gold_gain":0,"cards_transformed":["Strike_G"],"player_choice":"Transformed","damage_taken":0,"max_hp_gain":0,"max_hp_loss":0,"event_name":"Transmorgrifier","floor":19,"gold_loss":0,"cards_obtained":["Well Laid Plans"]},{"damage_healed":0,"gold_gain":0,"player_choice":"Obtained Book","damage_taken":16,"max_hp_gain":0,"max_hp_loss":0,"event_name":"Cursed Tome","floor":29,"gold_loss":0},{"damage_healed":0,"gold_gain":0,"player_choice":"Paid","damage_taken":0,"relics_obtained":["Red Mask"],"max_hp_gain":0,"max_hp_loss":0,"event_name":"Tomb of Lord Red Mask","floor":36,"gold_loss":139},{"damage_healed":0,"gold_gain":0,"player_choice":"Max HP","damage_taken":0,"max_hp_gain":0,"max_hp_loss":4,"event_name":"Winding Halls","floor":37,"gold_loss":0},{"damage_healed":0,"gold_gain":0,"cards_transformed":["Strike_G"],"player_choice":"Transformed","damage_taken":0,"max_hp_gain":0,"max_hp_loss":0,"event_name":"Transmorgrifier","floor":45,"gold_loss":0,"cards_obtained":["Adrenaline"]}],"is_beta":true,"boss_relics":[{"not_picked":["Coffee Dripper","Snecko Eye"],"picked":"Eternal Feather"},{"not_picked":["HoveringKite","Orrery"],"picked":"White Beast Statue"}],"items_purged_floors":[11],"is_endless":false,"potions_floor_spawned":[7,13,18,28,33,35,38,41,47,48],"ascension_level":13}