{"gold_per_floor":[314,314,329,341,291,291,306,198,221,255,255,255,255,271,271,271],"floor_reached":16,"playtime":972,"items_purged":["Defend_G"],"score":100,"play_id":"5f3e2533-9cb6-42e7-831d-28e40a863d35","local_time":"20190323230625","is_ascension_mode":false,"campfire_choices":[{"data":"Catalyst","floor":6,"key":"SMITH"},{"floor":11,"key":"REST"},{"floor":13,"key":"REST"},{"floor":15,"key":"REST"}],"neow_cost":"NO_GOLD","seed_source_timestamp":13613489733165,"circlet_count":0,"master_deck":["Defend_G","Defend_G","Defend_G","Defend_G","Strike_G","Strike_G","Strike_G","Survivor","Neutralize","Bouncing Flask","Deflect","Catalyst+1","Acrobatics","Escape Plan","Flechettes","Expertise","Slice"],"relics":["Ring of the Snake","Old Coin","Anchor","Orichalcum"],"potions_floor_usage":[7,10,10,16],"damage_taken":[{"damage":0,"enemies":"2 Louse","floor":1,"turns":4},{"damage":0,"enemies":"Cultist","floor":3,"turns":3},{"damage":0,"enemies":"Small Slimes","floor":4,"turns":3},{"damage":9,"enemies":"2 Fungi Beasts","floor":7,"turns":5},{"damage":45,"enemies":"Gremlin Nob","floor":10,"turns":5},{"damage":2,"enemies":"Exordium Thugs","floor":14,"turns":6},{"damage":62,"enemies":"Slime Boss","floor":16,"turns":11}],"seed_played":"6324074215009295223","potions_obtained":[{"floor":1,"key":"PowerPotion"},{"floor":4,"key":"Energy Potion"},{"floor":7,"key":"Swift Potion"},{"floor":14,"key":"Poison Potion"}],"is_trial":false,"path_per_floor":["?","M","?","?"],"character_chosen":"THE_SILENT","items_purchased":["Flechettes"],"campfire_rested":3,"item_purchase_floors":[8],"current_hp_per_floor":[70,70,70,70,70,70,61,61,61,16,37,30,51,49,70,8],"gold":271,"neow_bonus":"ONE_RARE_RELIC","is_prod":false,"is_daily":false,"chose_seed":false,"campfire_upgraded":1,"win_rate":0.0,"timestamp":1553353585,"path_taken":["M","?","M","?","?","R","M","$","T","E","R","?","R","M","R","BOSS"],"build_version":"2019-01-23","purchased_purges":1,"victory":false,"max_hp_per_floor":[70,70,70,70,70,70,70,70,70,70,70,70,70,70,70,70],"card_choices":[{"not_picked":["Finisher","Poisoned Stab"],"picked":"Bouncing Flask","floor":1},{"not_picked":["Poisoned Stab","Backflip"],"picked":"Catalyst","floor":3},{"not_picked":["Sucker Punch","PiercingWail"],"picked":"Acrobatics","floor":4},{"not_picked":["Endless Agony","Bouncing Flask"],"picked":"Escape Plan","floor":7},{"not_picked":["Dodge and Roll","Deadly Poison"],"picked":"Expertise","floor":10},{"not_picked":["Dagger Throw","Heel Hook"],"picked":"Slice","floor":14}],"player_experience":18575,"relics_obtained":[{"floor":9,"key":"Anchor"},{"floor":10,"key":"Orichalcum"}],"event_choices":[{"damage_healed":0,"gold_gain":0,"player_choice":"1 cards matched","damage_taken":0,"max_hp_gain":0,"max_hp_loss":0,"event_name":"Match and Keep!","floor":2,"gold_loss":0,"cards_obtained":["Deflect"]},{"cards_removed":["Strike_G"],"damage_healed":0,"gold_gain":0,"player_choice":"Card Removal","damage_taken":0,"max_hp_gain":0,"max_hp_loss":0,"event_name":"The Cleric","floor":5,"gold_loss":50},{"cards_removed":["Strike_G"],"damage_healed":0,"gold_gain":0,"player_choice":"Card Removal","damage_taken":7,"max_hp_gain":0,"max_hp_loss":0,"event_name":"Golden Wing","floor":12,"gold_loss":0}],"is_beta":false,"boss_relics":[],"items_purged_floors":[8],"is_endless":false,"potions_floor_spawned":[1,4,7,14],"killed_by":"Slime Boss","ascension_level":0}