{"gold_per_floor":[118,134,151,151,0,0,0,0,0,0,16,16,35,35,35,140,140,153,153,164,199,211,211,236,236,236,249,262,262,297,297,297,402,402,418,431,431,22,39,39,39],"floor_reached":41,"playtime":3970,"items_purged":["Writhe"],"score":547,"play_id":"41e6ae4d-71fd-4e01-9b03-c68830f3b1e2","local_time":"20190318204306","is_ascension_mode":true,"campfire_choices":[{"data":"Zap","floor":6.0,"key":"SMITH"},{"data":"Dualcast","floor":8.0,"key":"SMITH"},{"data":"Chaos","floor":12.0,"key":"SMITH"},{"data":"Scrape","floor":15.0,"key":"SMITH"},{"floor":23.0,"key":"REST"},{"floor":25.0,"key":"REST"},{"floor":29.0,"key":"REST"},{"data":"Sweeping Beam","floor":32,"key":"SMITH"},{"data":"Reinforced Body","floor":40,"key":"SMITH"}],"neow_cost":"NONE","seed_source_timestamp":265001711418600,"circlet_count":0,"master_deck":["Strike_B","Strike_B","Strike_B","Defend_B","Defend_B+1","Defend_B","Zap+1","Dualcast+1","Reinforced Body+1","Coolheaded+1","Reinforced Body","Chaos+1","Scrape+1","Machine Learning","Streamline+1","Cold Snap","Gash+1","Scrape+1","Stack+1","Glacier+1","Sweeping Beam+1","Darkness+1","Core Surge","Go for the Eyes","Beam Cell+1","Parasite","Leap+1"],"special_seed":0,"relics":["Cracked Core","Art of War","Pantograph","Empty Cage","Red Mask","Nunchaku","Kunai","Lantern","Eternal Feather","Bottled Lightning"],"potions_floor_usage":[30,33,39],"damage_taken":[{"damage":0.0,"enemies":"Cultist","floor":1.0,"turns":3.0},{"damage":0.0,"enemies":"Small Slimes","floor":2.0,"turns":3.0},{"damage":0.0,"enemies":"2 Louse","floor":3.0,"turns":4.0},{"damage":0.0,"enemies":"Exordium Wildlife","floor":11.0,"turns":4.0},{"damage":0.0,"enemies":"Blue Slaver","floor":13.0,"turns":4.0},{"damage":12.0,"enemies":"The Guardian","floor":16.0,"turns":13.0},{"damage":10.0,"enemies":"3 Byrds","floor":18.0,"turns":5.0},{"damage":9.0,"enemies":"Spheric Guardian","floor":20.0,"turns":3.0},{"damage":0.0,"enemies":"Masked Bandits","floor":21.0,"turns":3.0},{"damage":25.0,"enemies":"Snake Plant","floor":22.0,"turns":4.0},{"damage":50.0,"enemies":"Book of Stabbing","floor":24.0,"turns":7.0},{"damage":9.0,"enemies":"Centurion and Healer","floor":27.0,"turns":11.0},{"damage":6.0,"enemies":"3 Cultists","floor":28.0,"turns":6.0},{"damage":21,"enemies":"Gremlin Leader","floor":30,"turns":8},{"damage":60,"enemies":"Automaton","floor":33,"turns":13},{"damage":25,"enemies":"3 Darklings","floor":35,"turns":12},{"damage":0,"enemies":"3 Shapes","floor":36,"turns":6},{"damage":4,"enemies":"Writhing Mass","floor":39,"turns":6},{"damage":80,"enemies":"Giant Head","floor":41,"turns":9}],"seed_played":"1165139690447536208","potions_obtained":[{"floor":1.0,"key":"SkillPotion"},{"floor":11.0,"key":"PowerPotion"},{"floor":20.0,"key":"AttackPotion"},{"floor":27.0,"key":"Explosive Potion"},{"floor":28.0,"key":"Explosive Potion"},{"floor":30,"key":"SpeedPotion"},{"floor":35,"key":"Dexterity Potion"},{"floor":36,"key":"LiquidBronze"}],"is_trial":false,"path_per_floor":["M","M","M","?","$","R","?","R","T","$","M","R","M","$","R","B",null,"M","?","M","?","M","R","E","R","T","M","M","R","E","?","R","B",null,"M","M","?","$","M","R","E"],"character_chosen":"DEFECT","items_purchased":["Art of War","Bottled Lightning","Ancient Potion"],"campfire_rested":3,"item_purchase_floors":[5,38,38],"current_hp_per_floor":[75,75,75,59,59,59,59,59,59,59,59,59,59,59,59,70,79,69,69,60,60,35,59,9,33,33,24,18,42,21,48,48,13,65,40,40,61,61,57,72,0],"gold":39,"neow_bonus":"TEN_PERCENT_HP_BONUS","is_prod":false,"is_daily":false,"chose_seed":false,"campfire_upgraded":6,"win_rate":0,"timestamp":1552938186,"path_taken":["M","M","?","?","$","R","?","R","T","?","M","R","M","?","R","BOSS","M","?","?","?","M","R","E","R","T","M","M","R","E","?","R","BOSS","M","M","?","$","M","R","E"],"build_version":"2019-01-23","purchased_purges":1,"victory":false,"max_hp_per_floor":[82,82,82,82,82,82,82,82,82,82,82,82,82,82,82,82,82,82,82,82,82,82,82,82,82,82,82,82,82,82,82,82,82,82,82,82,82,82,82,82,82],"card_choices":[{"not_picked":["Heatsinks","Cold Snap"],"picked":"Reinforced Body","floor":1.0},{"not_picked":["Redo","Reprogram"],"picked":"Coolheaded","floor":2.0},{"not_picked":["Coolheaded","Rebound"],"picked":"Reinforced Body","floor":3.0},{"not_picked":["Melter","Redo"],"picked":"Chaos","floor":11.0},{"not_picked":["Aggregate","Darkness"],"picked":"Scrape","floor":13.0},{"not_picked":["Creative AI","Seek"],"picked":"Machine Learning","floor":16.0},{"not_picked":["Scrape+1","Compile Driver"],"picked":"Streamline","floor":18.0},{"not_picked":["Barrage","Steam+1"],"picked":"Cold Snap","floor":20.0},{"not_picked":["Chill","Skim"],"picked":"Gash+1","floor":21.0},{"not_picked":["Aggregate","Turbo+1"],"picked":"Scrape+1","floor":22.0},{"not_picked":["Hologram+1","Storm+1"],"picked":"Stack+1","floor":24.0},{"not_picked":["Redo+1","Capacitor"],"picked":"Glacier+1","floor":27.0},{"not_picked":["Hello World","Biased Cognition"],"picked":"Sweeping Beam","floor":28.0},{"not_picked":["Turbo+1","Streamline"],"picked":"Darkness+1","floor":30},{"not_picked":["Echo Form","Amplify"],"picked":"Core Surge","floor":33},{"not_picked":["Coolheaded+1","Cold Snap"],"picked":"Go for the Eyes","floor":35},{"not_picked":["Genetic Algorithm","Lockon"],"picked":"Beam Cell+1","floor":36},{"not_picked":["Gash+1","Electrodynamics"],"picked":"Leap+1","floor":39}],"player_experience":570709,"relics_obtained":[{"floor":9.0,"key":"Pantograph"},{"floor":21.0,"key":"Red Mask"},{"floor":24.0,"key":"Nunchaku"},{"floor":26.0,"key":"Kunai"},{"floor":30,"key":"Lantern"}],"event_choices":[{"damage_healed":0.0,"max_hp_gain":0.0,"max_hp_loss":0.0,"gold_gain":0.0,"event_name":"Shining Light","player_choice":"Entered Light","floor":4.0,"gold_loss":0.0,"damage_taken":16.0,"cards_upgraded":["Defend_B","Coolheaded"]},{"damage_healed":0.0,"max_hp_gain":0.0,"max_hp_loss":0.0,"gold_gain":0.0,"event_name":"Golden Wing","player_choice":"Ignored","floor":7.0,"gold_loss":0.0,"damage_taken":0.0},{"damage_healed":0.0,"max_hp_gain":0.0,"max_hp_loss":0.0,"gold_gain":0.0,"event_name":"Upgrade Shrine","player_choice":"Upgraded","floor":19.0,"gold_loss":0.0,"damage_taken":0.0,"cards_upgraded":["Streamline"]},{"damage_healed":0.0,"max_hp_gain":0.0,"max_hp_loss":0.0,"gold_gain":0.0,"event_name":"Masked Bandits","player_choice":"Fought Bandits","floor":21.0,"gold_loss":0.0,"damage_taken":0.0},{"damage_healed":27,"gold_gain":0,"player_choice":"Heal","damage_taken":0,"max_hp_gain":0,"max_hp_loss":0,"event_name":"The Library","floor":31,"gold_loss":0},{"damage_healed":21,"gold_gain":0,"player_choice":"Writhe","damage_taken":0,"max_hp_gain":0,"max_hp_loss":0,"event_name":"Winding Halls","floor":37,"gold_loss":0,"cards_obtained":["Writhe"]}],"is_beta":false,"boss_relics":[{"not_picked":["Runic Pyramid","Busted Crown"],"picked":"Empty Cage"},{"not_picked":["Calling Bell","Astrolabe"],"picked":"Eternal Feather"}],"items_purged_floors":[38],"is_endless":false,"potions_floor_spawned":[1,11,20,27,28,30,35,36],"killed_by":"Giant Head","ascension_level":6}