{"path_per_floor":["M","$","?","M","$","R","M","R","T","M","E","R","$","E","R","B",null,"M","M","$","M","?","R","E","R","T","M","$","R","M","?","R","B",null,"M","$","$","M","?","R","M","M","T","$","R","M","?","M","R"],"character_chosen":"THE_SILENT","items_purchased":["Finesse","Lantern","Riddle With Holes"],"gold_per_floor":[118,21,21,38,38,38,55,55,55,69,104,104,29,54,54,153,153,168,158,7,20,20,20,45,45,127,137,4,4,23,23,23,119,119,133,8,8,27,0,0,15,25,25,25,25,45,45,64,64],"floor_reached":50,"campfire_rested":2,"playtime":4057,"current_hp_per_floor":[64,64,64,64,64,64,64,64,64,64,35,56,56,45,45,43,70,69,67,67,67,67,67,45,45,45,45,45,45,45,45,45,22,70,41,41,41,41,41,41,39,38,38,38,59,59,59,49,49],"items_purged":["Strike_G","Strike_G","Strike_G"],"gold":64,"play_id":"f71725f4-dd6f-4388-9226-8ea9c59cb8ac","is_prod":false,"is_daily":false,"is_ascension_mode":true,"campfire_upgraded":6,"path_taken":["M","$","?","M","$","R","M","R","T","M","E","R","$","E","R","BOSS","M","M","$","M","?","R","E","R","T","?","?","R","M","?","R","BOSS","M","?","$","?","?","R","M","M","T","$","R","M","?","M","R","BOSS"],"build_version":"2018-01-25-PROD2","purchased_purges":3,"victory":false,"master_deck":["Defend_G","Defend_G","Defend_G","Defend_G","Defend_G","Strike_G","Strike_G","Survivor","Neutralize+1","After Image+1","Acrobatics","Finesse","Predator","Well Laid Plans","Infinite Blades","Backflip","Endless Agony","Burst+1","Flechettes","Outmaneuver+1","PiercingWail","Adrenaline","Cloak And Dagger","Sucker Punch+1","Riddle With Holes","Riddle With Holes+1","Bullet Time+1","Outmaneuver+1","Riddle With Holes","Blade Dance+1","Prepared+1","Malaise+1","Terror","After Image+1"],"max_hp_per_floor":[70,70,70,70,70,70,70,70,70,70,70,70,70,70,70,70,70,70,70,70,70,70,70,70,70,70,70,70,70,70,70,70,70,70,70,70,70,70,70,70,70,70,70,70,70,70,70,70,70],"relics":["Ring of the Snake","Girya","Kunai","Matryoshka","Runic Pyramid","Lantern","Ornamental Fan","Prayer Wheel","Shuriken","Letter Opener","Runic Dome","Red Mask","Dream Catcher","Ninja Scroll"],"card_choices":[{"not_picked":["Deflect","Poisoned Stab"],"picked":"Acrobatics"},{"not_picked":["Skewer","Underhanded Strike"],"picked":"Predator"},{"not_picked":["Calculated Gamble","Terror"],"picked":"Well Laid Plans"},{"not_picked":["Poisoned Stab","Masterful Stab"],"picked":"Infinite Blades"},{"not_picked":["Heel Hook","Flying Knee"],"picked":"Backflip"},{"not_picked":["Bouncing Flask","Choke"],"picked":"Endless Agony"},{"not_picked":["Unload","Die Die Die"],"picked":"Burst"},{"not_picked":["Backflip","Cloak And Dagger"],"picked":"Flechettes"},{"not_picked":["Quick Slash","Finisher"],"picked":"Outmaneuver"},{"not_picked":["Bane","Backflip"],"picked":"PiercingWail"},{"not_picked":["Bane","Predator"],"picked":"Cloak And Dagger"},{"not_picked":["Quick Slash","Deadly Poison"],"picked":"Sucker Punch"},{"not_picked":["Underhanded Strike","Deadly Poison"],"picked":"Riddle With Holes"},{"not_picked":["Tools of the Trade","Unload"],"picked":"Bullet Time"},{"not_picked":["Deflect","Dodge and Roll"],"picked":"Outmaneuver"},{"not_picked":["Quick Slash","Bane"],"picked":"Riddle With Holes"},{"not_picked":["Prepared","PiercingWail"],"picked":"Blade Dance"},{"not_picked":["Reflex","Dodge and Roll"],"picked":"Prepared"},{"not_picked":["Sucker Punch","Poisoned Stab"],"picked":"Malaise"},{"not_picked":["Dash","Underhanded Strike"],"picked":"Terror"},{"not_picked":["Caltrops","Masterful Stab"],"picked":"After Image"}],"player_experience":87284,"potions_floor_usage":[16,16,19,24,33,41,41,50,50],"damage_taken":[{"damage":6,"enemies":"Blue Slaver","floor":1,"turns":6},{"damage":0,"enemies":"Small Slimes","floor":4,"turns":3},{"damage":0,"enemies":"Cultist","floor":7,"turns":3},{"damage":0,"enemies":"Looter","floor":10,"turns":3},{"damage":29,"enemies":"3 Sentries","floor":11,"turns":8},{"damage":11,"enemies":"Gremlin Nob","floor":14,"turns":5},{"damage":2,"enemies":"Hexaghost","floor":16,"turns":11},{"damage":1,"enemies":"Shell Parasite","floor":18,"turns":8},{"damage":2,"enemies":"2 Thieves","floor":19,"turns":4},{"damage":0,"enemies":"Chosen and Byrds","floor":21,"turns":8},{"damage":22,"enemies":"Slavers","floor":24,"turns":6},{"damage":0,"enemies":"Snake Plant","floor":27,"turns":5},{"damage":0,"enemies":"Centurion and Healer","floor":30,"turns":5},{"damage":23,"enemies":"Collector","floor":33,"turns":8},{"damage":29,"enemies":"3 Darklings","floor":35,"turns":4},{"damage":0,"enemies":"Orb Walker","floor":38,"turns":2},{"damage":11,"enemies":"4 Shapes","floor":41,"turns":4},{"damage":1,"enemies":"Sphere and 2 Shapes","floor":42,"turns":5},{"damage":0,"enemies":"3 Darklings","floor":46,"turns":3},{"damage":10,"enemies":"Maw","floor":48,"turns":5},{"damage":49,"enemies":"Time Eater","floor":50,"turns":8}],"event_choices":[{"event_name":"The Cleric","player_choice":"Leave","floor":3,"damage_taken":0},{"event_name":"The Library","player_choice":"Read","floor":22,"damage_taken":0},{"event_name":"The Mausoleum","player_choice":"Yes","floor":31,"damage_taken":0},{"event_name":"Tomb of Lord Red Mask","player_choice":"Paid","floor":39,"damage_taken":0},{"event_name":"Mysterious Sphere","player_choice":"Ignore","floor":47,"damage_taken":0}],"boss_relics":[{"not_picked":["Question Card","White Beast Statue"],"picked":"Runic Pyramid"},{"not_picked":["Cursed Key","The Specimen"],"picked":"Runic Dome"}],"potions_floor_spawned":[10,11,14,21,30,33,35,38,41],"seed_played":"-1022145745692219027","killed_by":"Time Eater","ascension_level":4,"is_trial":false}