{"path_per_floor":["M","?","?","M","$","E","M","M","T","?","R","M","?","M","R","B",null,"M","?","M","?","?","R","M","R","T","?","M","M","?","M","R","B",null,"M","M","$","?","M","R","M","?","T","E","M","R","?","M","R"],"character_chosen":"THE_SILENT","items_purchased":["Panache","Footwork","Prepared"],"gold_per_floor":[17,17,17,30,30,62,73,87,135,135,135,147,97,112,112,214,214,224,224,241,241,241,241,259,259,307,307,319,333,333,349,349,452,452,463,482,94,94,104,104,122,122,122,149,160,160,160,180,180],"floor_reached":50,"campfire_rested":4,"playtime":4786,"current_hp_per_floor":[70,75,60,60,60,15,15,1,1,19,19,18,18,18,18,12,75,68,68,47,47,47,47,15,37,44,44,26,26,26,10,34,24,82,82,79,79,69,59,59,37,79,79,33,9,32,32,27,50],"items_purged":["Parasite"],"gold":180,"play_id":"b586bf84-dbbc-4c4f-800e-db723429058e","is_prod":false,"is_daily":false,"is_ascension_mode":true,"campfire_upgraded":1,"path_taken":["M","?","?","M","$","E","M","M","T","?","R","M","?","M","R","BOSS","M","?","?","?","?","R","M","R","T","?","M","M","?","M","R","BOSS","M","M","$","?","M","R","M","?","T","E","M","R","?","M","R","BOSS"],"build_version":"2018-01-25-PROD2","purchased_purges":2,"victory":false,"master_deck":["Defend_G+1","Defend_G+1","Defend_G+1","Defend_G+1","Defend_G+1","Strike_G+1","Survivor","Neutralize","Glass Knife","Storm of Steel","Dash+1","Backflip","A Thousand Cuts+1","Outmaneuver+1","Dagger Throw","Backflip","Deflect","Venomology","Backflip+1","Cloak And Dagger+1","Dagger Throw","Outmaneuver","Prepared","Bullet Time","Backflip","Glass Knife","Terror+1","Cloak And Dagger+1","Panache","Footwork","Prepared","Madness","Backflip+1","Sucker Punch+1","Backflip+1","After Image","Well Laid Plans","Dash","Acrobatics+1"],"max_hp_per_floor":[70,75,75,75,75,75,75,75,75,75,75,75,75,75,75,75,75,75,75,75,75,75,75,75,75,82,82,82,82,82,82,82,82,82,82,82,79,79,79,79,79,79,79,79,79,79,79,79,79],"relics":["Ring of the Snake","Shovel","Bag of Preparation","Lizard Tail","Nloth\u0027s Gift","Matryoshka","Juzu Bracelet","Strawberry","Bag of Marbles","Runic Pyramid","Unceasing Top","Dream Catcher","Gambling Chip","Peace Pipe"],"card_choices":[{"not_picked":["Underhanded Strike","Poisoned Stab"],"picked":"Dash"},{"not_picked":["Dagger Spray","Caltrops"],"picked":"Backflip"},{"not_picked":["Flying Knee","Slice"],"picked":"A Thousand Cuts"},{"not_picked":["Backstab","Underhanded Strike"],"picked":"Outmaneuver"},{"not_picked":["Skewer","Quick Slash"],"picked":"Dagger Throw"},{"not_picked":["Finisher","Prepared"],"picked":"Backflip"},{"not_picked":["Masterful Stab","Dagger Throw"],"picked":"Deflect"},{"not_picked":["Tactician","Phantasmal Killer"],"picked":"Venomology"},{"not_picked":["Dagger Throw","Bane"],"picked":"Backflip"},{"not_picked":["Poisoned Stab","PiercingWail"],"picked":"Cloak And Dagger"},{"not_picked":["Bouncing Flask","Masterful Stab"],"picked":"Dagger Throw"},{"not_picked":["Endless Agony","Flying Knee"],"picked":"Prepared"},{"not_picked":["PiercingWail","Slice"],"picked":"Bullet Time"},{"not_picked":["Bane","Deflect"],"picked":"Backflip"},{"not_picked":["Die Die Die","Doppelganger"],"picked":"Glass Knife"},{"not_picked":["Acrobatics","Cloak And Dagger"],"picked":"Terror"},{"not_picked":["Quick Slash","Flechettes"],"picked":"Cloak And Dagger"},{"not_picked":["Dagger Spray","Acrobatics"],"picked":"Backflip"},{"not_picked":["Flying Knee","PiercingWail"],"picked":"Sucker Punch"},{"not_picked":["Dagger Throw","Storm of Steel"],"picked":"Backflip"},{"not_picked":["Backflip","Slice"],"picked":"After Image"},{"not_picked":["Acrobatics","Skewer"],"picked":"Well Laid Plans"},{"not_picked":["Flying Knee","Flechettes"],"picked":"Dash"},{"not_picked":["Sucker Punch","Malaise"],"picked":"Acrobatics"}],"player_experience":82498,"potions_floor_usage":[16,16,20,20,24,24,29,31,31,33,33,36,39,44,48,50,50,50],"damage_taken":[{"damage":0,"enemies":"Small Slimes","floor":1,"turns":2},{"damage":0,"enemies":"Cultist","floor":4,"turns":2},{"damage":45,"enemies":"Lagavulin","floor":6,"turns":10},{"damage":0,"enemies":"Jaw Worm","floor":7,"turns":2},{"damage":14,"enemies":"Large Slime","floor":8,"turns":7},{"damage":1,"enemies":"Exordium Wildlife","floor":12,"turns":7},{"damage":0,"enemies":"3 Louse","floor":14,"turns":3},{"damage":21,"enemies":"Hexaghost","floor":16,"turns":13},{"damage":7,"enemies":"3 Byrds","floor":18,"turns":4},{"damage":21,"enemies":"Spheric Guardian","floor":20,"turns":7},{"damage":32,"enemies":"Centurion and Healer","floor":24,"turns":12},{"damage":18,"enemies":"Slaver and Parasite","floor":28,"turns":10},{"damage":0,"enemies":"Snake Plant","floor":29,"turns":6},{"damage":16,"enemies":"3 Cultists","floor":31,"turns":6},{"damage":58,"enemies":"Collector","floor":33,"turns":12},{"damage":0,"enemies":"3 Shapes","floor":35,"turns":8},{"damage":3,"enemies":"Orb Walker","floor":36,"turns":3},{"damage":25,"enemies":"3 Darklings","floor":39,"turns":8},{"damage":22,"enemies":"4 Shapes","floor":41,"turns":7},{"damage":46,"enemies":"2 Orb Walkers","floor":44,"turns":7},{"damage":24,"enemies":"Maw","floor":45,"turns":8},{"damage":5,"enemies":"Sphere and 2 Shapes","floor":48,"turns":7},{"damage":52,"enemies":"Time Eater","floor":50,"turns":11}],"event_choices":[{"event_name":"Big Fish","player_choice":"Donut","floor":2,"damage_taken":0},{"event_name":"Shining Light","player_choice":"Entered Light","floor":3,"damage_taken":0},{"event_name":"Mushrooms","player_choice":"Healed and dodged fight","floor":10,"damage_taken":0},{"event_name":"The Cleric","player_choice":"Card Removal","floor":13,"damage_taken":0},{"event_name":"N\u0027loth","player_choice":"Traded a Orichalcum","floor":19,"damage_taken":0},{"event_name":"The Mausoleum","player_choice":"Yes","floor":21,"damage_taken":0},{"event_name":"Upgrade Shrine","player_choice":"Upgraded","floor":22,"damage_taken":0},{"event_name":"The Library","player_choice":"Read","floor":27,"damage_taken":0},{"event_name":"Back to Basics","player_choice":"Simplicity","floor":30,"damage_taken":0},{"event_name":"Winding Halls","player_choice":"Embrace Madness","floor":38,"damage_taken":0},{"event_name":"Bonfire Elementals","player_choice":"UNCOMMON","floor":42,"damage_taken":0},{"event_name":"Purifier","player_choice":"One Purge","floor":47,"damage_taken":0}],"boss_relics":[{"not_picked":["Philosopher\u0027s Stone","Eternal Feather"],"picked":"Lizard Tail"},{"not_picked":["Question Card","Velvet Choker"],"picked":"Runic Pyramid"}],"potions_floor_spawned":[4,6,7,12,20,24,28,29,35,45,48],"seed_played":"-5117554185247833885","killed_by":"Time Eater","ascension_level":4,"is_trial":false}