{"gold_per_floor":[113,126,126,140,140,140,170,16,16,16,28,28,43,43,43,142,142,156,176,275,0,16,16,87,107,107,107,124,124,135,187,187,290,290,301,301,301,320,334,334,111,127,127,139,139,139,158,177,177,177],"floor_reached":50,"playtime":3342,"items_purged":["Strike_G"],"score":486,"play_id":"a451f360-fe3e-427d-913c-04e713c67722","local_time":"20190321205802","is_ascension_mode":false,"campfire_choices":[{"data":"Crippling Poison","floor":6.0,"key":"SMITH"},{"data":"Poisoned Stab","floor":10.0,"key":"SMITH"},{"data":"Footwork","floor":12.0,"key":"SMITH"},{"data":"Neutralize","floor":15.0,"key":"SMITH"},{"data":"Jack Of All Trades","floor":23.0,"key":"SMITH"},{"data":"Deadly Poison","floor":27.0,"key":"SMITH"},{"data":"Corpse Explosion","floor":29.0,"key":"SMITH"},{"floor":32.0,"key":"REST"},{"floor":40.0,"key":"REST"},{"floor":45.0,"key":"REST"},{"floor":49,"key":"REST"}],"neow_cost":"NONE","seed_source_timestamp":0,"circlet_count":0,"master_deck":["Defend_G","Defend_G","Defend_G","Defend_G","Defend_G","Strike_G","Strike_G+1","Strike_G+1","Strike_G+1","Survivor","Neutralize+1","Crippling Poison+1","Poisoned Stab+1","Deadly Poison+1","Footwork+1","Caltrops+1","Corpse Explosion+1","Quick Slash+1","Endless Agony+1","Jack Of All Trades+1","Deadly Poison+1","Deadly Poison+1","PiercingWail","Blade Dance+1","Envenom","Skewer","Choke","Quick Slash","Bouncing Flask+1","Bouncing Flask","Bouncing Flask+1","Flying Knee+1"],"special_seed":0,"relics":["Ring of the Snake","Tiny Chest","Bag of Marbles","Kunai","Velvet Choker","Lee\u0027s Waffle","Sundial","Blue Candle","Bag of Preparation","Fusion Hammer","Whetstone","Smiling Mask"],"potions_floor_usage":[50,50,50],"damage_taken":[{"damage":1.0,"enemies":"Cultist","floor":1.0,"turns":4.0},{"damage":10.0,"enemies":"Jaw Worm","floor":2.0,"turns":5.0},{"damage":2.0,"enemies":"2 Louse","floor":4.0,"turns":2.0},{"damage":3.0,"enemies":"2 Fungi Beasts","floor":11.0,"turns":3.0},{"damage":5.0,"enemies":"Red Slaver","floor":13.0,"turns":3.0},{"damage":38.0,"enemies":"Slime Boss","floor":16.0,"turns":10.0},{"damage":22.0,"enemies":"2 Thieves","floor":18.0,"turns":3.0},{"damage":13.0,"enemies":"Spheric Guardian","floor":19.0,"turns":5.0},{"damage":8.0,"enemies":"Snecko","floor":22.0,"turns":5.0},{"damage":14.0,"enemies":"Sentry and Sphere","floor":25.0,"turns":4.0},{"damage":9.0,"enemies":"Centurion and Healer","floor":28.0,"turns":4.0},{"damage":13.0,"enemies":"Snake Plant","floor":30.0,"turns":3.0},{"damage":64.0,"enemies":"Automaton","floor":33.0,"turns":7.0},{"damage":3.0,"enemies":"3 Shapes","floor":35.0,"turns":4.0},{"damage":9.0,"enemies":"Orb Walker","floor":38.0,"turns":4.0},{"damage":18.0,"enemies":"Jaw Worm Horde","floor":39.0,"turns":2.0},{"damage":37.0,"enemies":"Maw","floor":42.0,"turns":7.0},{"damage":17.0,"enemies":"Sphere and 2 Shapes","floor":44.0,"turns":3.0},{"damage":8.0,"enemies":"3 Darklings","floor":47.0,"turns":2.0},{"damage":16,"enemies":"Jaw Worm Horde","floor":48,"turns":3},{"damage":59,"enemies":"Time Eater","floor":50,"turns":9}],"seed_played":"1992267683181772688","potions_obtained":[{"floor":4.0,"key":"Regen Potion"},{"floor":11.0,"key":"SpeedPotion"},{"floor":13.0,"key":"EssenceOfSteel"},{"floor":25.0,"key":"Regen Potion"},{"floor":30.0,"key":"PowerPotion"},{"floor":35.0,"key":"LiquidBronze"},{"floor":39.0,"key":"SpeedPotion"},{"floor":46.0,"key":"EssenceOfSteel"},{"floor":48,"key":"EssenceOfSteel"}],"is_trial":false,"path_per_floor":["M","M","?","M","?","R","?","$","T","R","M","R","M","?","R","B",null,"M","M","?","$","M","R","T","M","T","R","M","R","M","T","R","B",null,"M","?","?","M","M","R","$","M","T","M","R","?","M","M","R","B"],"character_chosen":"THE_SILENT","items_purchased":["Bag of Marbles","Lee\u0027s Waffle","Jack Of All Trades","Whetstone"],"campfire_rested":4,"item_purchase_floors":[8,21,21,41],"current_hp_per_floor":[76,66,71,69,53,53,53,53,53,53,50,50,45,45,45,7,82,60,47,47,89,81,81,81,67,67,67,58,58,45,45,71,22,89,86,86,86,77,59,85,85,48,48,31,57,57,49,33,59,0],"gold":177,"neow_bonus":"TEN_PERCENT_HP_BONUS","is_prod":false,"is_daily":false,"chose_seed":false,"campfire_upgraded":7,"win_rate":0.0,"timestamp":1553219882,"path_taken":["M","?","?","M","?","R","?","$","T","R","?","R","M","?","R","BOSS","M","?","?","$","M","R","?","M","T","R","M","R","M","?","R","BOSS","M","?","?","M","M","R","$","M","T","?","R","?","M","?","R","BOSS"],"build_version":"2019-01-23","purchased_purges":1,"victory":false,"max_hp_per_floor":[77,77,82,82,82,82,82,82,82,82,82,82,82,82,82,82,82,82,82,82,89,89,89,89,89,89,89,89,89,89,89,89,89,89,89,89,89,89,89,89,89,89,89,89,89,89,89,89,89,89],"card_choices":[{"not_picked":["Quick Slash","Deflect"],"picked":"Crippling Poison","floor":1.0},{"not_picked":["Underhanded Strike","Acrobatics"],"picked":"Poisoned Stab","floor":2.0},{"not_picked":["Footwork","Escape Plan"],"picked":"Deadly Poison","floor":4.0},{"not_picked":["Outmaneuver","Acrobatics"],"picked":"Footwork","floor":11.0},{"not_picked":["Leg Sweep","Dodge and Roll"],"picked":"Caltrops","floor":13.0},{"not_picked":["Glass Knife","A Thousand Cuts"],"picked":"Corpse Explosion","floor":16.0},{"not_picked":["Sucker Punch","All Out Attack"],"picked":"Quick Slash+1","floor":18.0},{"not_picked":["All Out Attack","Crippling Poison"],"picked":"Endless Agony+1","floor":19.0},{"not_picked":["Terror","Dagger Throw+1"],"picked":"Deadly Poison+1","floor":22.0},{"not_picked":["Slice","Quick Slash"],"picked":"Deadly Poison","floor":25.0},{"not_picked":["Underhanded Strike","Slice"],"picked":"PiercingWail","floor":28.0},{"not_picked":["Reflex+1","Deflect"],"picked":"Blade Dance+1","floor":30.0},{"not_picked":["Tools of the Trade","Glass Knife"],"picked":"Envenom","floor":33.0},{"not_picked":["Outmaneuver","Leg Sweep"],"picked":"Skewer","floor":35.0},{"not_picked":["Dodge and Roll","Dagger Spray+1"],"picked":"Choke","floor":38.0},{"not_picked":["Blade Dance","Sucker Punch"],"picked":"Quick Slash","floor":39.0},{"not_picked":["Underhanded Strike+1","Quick Slash+1"],"picked":"Bouncing Flask+1","floor":42.0},{"not_picked":["Blade Dance+1","Calculated Gamble+1"],"picked":"Bouncing Flask","floor":44.0},{"not_picked":["Envenom","Deflect+1"],"picked":"Bouncing Flask+1","floor":47.0},{"not_picked":["Quick Slash","Flechettes"],"picked":"Flying Knee+1","floor":48}],"player_experience":59321,"relics_obtained":[{"floor":9.0,"key":"Kunai"},{"floor":24.0,"key":"Sundial"},{"floor":26.0,"key":"Blue Candle"},{"floor":31.0,"key":"Bag of Preparation"},{"floor":43.0,"key":"Smiling Mask"}],"event_choices":[{"damage_healed":0.0,"max_hp_gain":5.0,"max_hp_loss":0.0,"gold_gain":0.0,"event_name":"Big Fish","player_choice":"Donut","floor":3.0,"gold_loss":0.0,"damage_taken":0.0},{"damage_healed":0.0,"max_hp_gain":0.0,"max_hp_loss":0.0,"gold_gain":0.0,"event_name":"Shining Light","player_choice":"Entered Light","floor":5.0,"gold_loss":0.0,"damage_taken":16.0,"cards_upgraded":["Deadly Poison","Strike_G"]},{"damage_healed":0.0,"max_hp_gain":0.0,"max_hp_loss":0.0,"gold_gain":0.0,"event_name":"WeMeetAgain","player_choice":"Gave Potion","floor":7.0,"gold_loss":0.0,"damage_taken":0.0,"relics_obtained":["Tiny Chest"]},{"damage_healed":0.0,"max_hp_gain":0.0,"max_hp_loss":0.0,"gold_gain":0.0,"event_name":"Upgrade Shrine","player_choice":"Upgraded","floor":14.0,"gold_loss":0.0,"damage_taken":0.0,"cards_upgraded":["Caltrops"]},{"damage_healed":0.0,"max_hp_gain":0.0,"max_hp_loss":0.0,"gold_gain":99.0,"event_name":"Nest","player_choice":"Stole From Cult","floor":20.0,"gold_loss":0.0,"damage_taken":0.0},{"damage_healed":0.0,"max_hp_gain":0.0,"max_hp_loss":0.0,"gold_gain":0.0,"event_name":"Mysterious Sphere","player_choice":"Ignored","floor":36.0,"gold_loss":0.0,"damage_taken":0.0},{"damage_healed":0.0,"max_hp_gain":0.0,"max_hp_loss":0.0,"gold_gain":0.0,"event_name":"NoteForYourself","player_choice":"Ignored","floor":37.0,"gold_loss":0.0,"damage_taken":0.0},{"damage_healed":0.0,"max_hp_gain":0.0,"max_hp_loss":0.0,"gold_gain":0.0,"event_name":"Lab","player_choice":"Got Potions","floor":46.0,"gold_loss":0.0,"damage_taken":0.0}],"is_beta":false,"boss_relics":[{"not_picked":["Lizard Tail","Black Star"],"picked":"Velvet Choker"},{"not_picked":["Cursed Key","Coffee Dripper"],"picked":"Fusion Hammer"}],"items_purged_floors":[41],"is_endless":false,"potions_floor_spawned":[4,11,13,25,30,35,39,48],"killed_by":"Time Eater","ascension_level":0}