{"gold_per_floor":[109,126,144,162,179,179,194,204,204,230,71,71,83,108,108,185,185,201,236,161,180,194,194,212,242,242,58,58,58,70,70,70,143,143,157,176,96,114,128,128,141,476,476,506,506,506,519,539,539,539],"floor_reached":50,"playtime":2343,"items_purged":["Strike_G","Decay"],"score":1230,"play_id":"61bcfa24-fa9a-49dc-9117-ce07198315a0","local_time":"20190120022701","is_ascension_mode":true,"campfire_choices":[{"data":"Deadly Poison","floor":6.0,"key":"SMITH"},{"data":"Footwork","floor":12.0,"key":"SMITH"},{"data":"Acrobatics","floor":15.0,"key":"SMITH"},{"data":"Crippling Poison","floor":23.0,"key":"SMITH"},{"data":"Neutralize","floor":29.0,"key":"SMITH"},{"data":"Outmaneuver","floor":32.0,"key":"SMITH"},{"floor":40.0,"key":"REST"},{"floor":46,"key":"REST"},{"floor":49,"key":"REST"}],"neow_cost":"NONE","seed_source_timestamp":31968346315710,"circlet_count":0,"master_deck":["AscendersBane","Defend_G","Defend_G","Defend_G","Defend_G","Defend_G","Strike_G","Strike_G","Strike_G","Survivor","Neutralize+1","Cloak And Dagger","Dagger Throw","Deadly Poison+1","Footwork+1","Dagger Throw","Leg Sweep","Dash","Backstab","PiercingWail","Acrobatics+1","Die Die Die","Well Laid Plans","Crippling Poison+1","Backflip","Deflect","Well Laid Plans+1","Calculated Gamble","Outmaneuver+1","Envenom+1","Caltrops+1","Terror+1","After Image+1","Cloak And Dagger+1","Parasite","Catalyst"],"special_seed":0,"relics":["Ring of the Snake","Gambling Chip","StoneCalendar","Dodecahedron","Cursed Key","Red Mask","Girya","Frozen Egg 2","Sozu","Old Coin","Bottled Tornado","Bronze Scales"],"potions_floor_usage":[],"damage_taken":[{"damage":5.0,"enemies":"Cultist","floor":1.0,"turns":5.0},{"damage":0.0,"enemies":"Small Slimes","floor":2.0,"turns":4.0},{"damage":1.0,"enemies":"Jaw Worm","floor":3.0,"turns":5.0},{"damage":9.0,"enemies":"Red Slaver","floor":4.0,"turns":7.0},{"damage":1.0,"enemies":"Looter","floor":5.0,"turns":4.0},{"damage":13.0,"enemies":"Large Slime","floor":7.0,"turns":9.0},{"damage":15.0,"enemies":"Gremlin Gang","floor":8.0,"turns":7.0},{"damage":15.0,"enemies":"3 Sentries","floor":10.0,"turns":8.0},{"damage":0.0,"enemies":"2 Fungi Beasts","floor":13.0,"turns":3.0},{"damage":0.0,"enemies":"Gremlin Nob","floor":14.0,"turns":2.0},{"damage":26.0,"enemies":"Hexaghost","floor":16.0,"turns":10.0},{"damage":0.0,"enemies":"Spheric Guardian","floor":18.0,"turns":3.0},{"damage":0.0,"enemies":"Masked Bandits","floor":19.0,"turns":3.0},{"damage":6.0,"enemies":"2 Thieves","floor":21.0,"turns":4.0},{"damage":3.0,"enemies":"Snake Plant","floor":22.0,"turns":5.0},{"damage":1.0,"enemies":"Snecko","floor":24.0,"turns":5.0},{"damage":15.0,"enemies":"Slavers","floor":25.0,"turns":5.0},{"damage":0.0,"enemies":"Chosen and Byrds","floor":30.0,"turns":7.0},{"damage":13.0,"enemies":"Collector","floor":33.0,"turns":12.0},{"damage":12.0,"enemies":"3 Darklings","floor":35.0,"turns":5.0},{"damage":0.0,"enemies":"3 Shapes","floor":36.0,"turns":6.0},{"damage":0.0,"enemies":"Writhing Mass","floor":38.0,"turns":7.0},{"damage":13.0,"enemies":"Transient","floor":39.0,"turns":6.0},{"damage":16.0,"enemies":"Spire Growth","floor":41.0,"turns":6.0},{"damage":0.0,"enemies":"Nemesis","floor":42.0,"turns":9.0},{"damage":38,"enemies":"Reptomancer","floor":44,"turns":8},{"damage":5,"enemies":"Maw","floor":47,"turns":8},{"damage":6,"enemies":"Transient","floor":48,"turns":6},{"damage":30,"enemies":"Time Eater","floor":50,"turns":7}],"seed_played":"4089495730901324599","potions_obtained":[{"floor":1.0,"key":"Regen Potion"},{"floor":8.0,"key":"Fire Potion"},{"floor":10.0,"key":"FearPotion"},{"floor":16.0,"key":"SteroidPotion"},{"floor":18.0,"key":"EntropicBrew"},{"floor":19.0,"key":"SpeedPotion"},{"floor":25.0,"key":"SteroidPotion"},{"floor":30.0,"key":"SkillPotion"}],"is_trial":false,"path_per_floor":["M","M","M","M","M","R","M","M","T","E","$","R","M","E","R","B",null,"M","?","?","M","M","R","M","E","T","$","T","R","M","?","R","B",null,"M","M","$","M","M","R","M","E","T","E","?","R","M","M","R","B"],"character_chosen":"THE_SILENT","items_purchased":["Regen Potion","Well Laid Plans+1","After Image+1"],"campfire_rested":3,"item_purchase_floors":[11,27,37],"current_hp_per_floor":[60,60,59,50,49,49,51,36,36,21,21,21,21,21,21,10,57,57,57,57,51,48,48,47,32,32,32,32,32,32,32,32,19,59,47,47,47,47,34,55,39,39,39,1,1,22,17,11,32,2],"gold":539,"neow_bonus":"TEN_PERCENT_HP_BONUS","is_prod":false,"is_daily":false,"chose_seed":false,"campfire_upgraded":6,"win_rate":0,"timestamp":1547918821,"path_taken":["M","M","M","M","M","R","M","M","T","E","$","R","?","E","R","BOSS","M","?","?","M","M","R","M","E","T","$","?","R","?","?","R","BOSS","M","M","$","M","M","R","M","E","T","E","?","R","?","M","R","BOSS"],"build_version":"2019-01-17v2","purchased_purges":2,"victory":false,"max_hp_per_floor":[72,72,72,72,72,72,72,72,72,72,72,72,72,72,72,72,72,72,72,72,72,72,72,72,72,72,72,72,72,72,72,72,72,72,72,72,72,72,72,72,72,72,72,72,72,72,72,72,72,72],"card_choices":[{"not_picked":["Reflex","Backflip"],"picked":"Cloak And Dagger","floor":1.0},{"not_picked":["Acrobatics","Skewer"],"picked":"Dagger Throw","floor":2.0},{"not_picked":["Blur","Slice"],"picked":"Deadly Poison","floor":3.0},{"not_picked":["Slice","Blade Dance"],"picked":"Footwork","floor":4.0},{"not_picked":["Underhanded Strike","Outmaneuver"],"picked":"Dagger Throw","floor":5.0},{"not_picked":["Dodge and Roll","Deflect"],"picked":"Leg Sweep","floor":7.0},{"not_picked":["Wraith Form v2","Outmaneuver"],"picked":"Dash","floor":8.0},{"not_picked":["Dagger Throw","Outmaneuver"],"picked":"Backstab","floor":10.0},{"not_picked":["Prepared","Dagger Spray"],"picked":"PiercingWail","floor":13.0},{"not_picked":["Dash","Outmaneuver"],"picked":"Acrobatics","floor":14.0},{"not_picked":["Tools of the Trade","Envenom"],"picked":"Die Die Die","floor":16.0},{"not_picked":["Sucker Punch","Prepared","Slice"],"picked":"SKIP","floor":18.0},{"not_picked":["Blade Dance","Calculated Gamble"],"picked":"Well Laid Plans","floor":21.0},{"not_picked":["Reflex","Acrobatics"],"picked":"Crippling Poison","floor":22.0},{"not_picked":["Storm of Steel","Quick Slash"],"picked":"Backflip","floor":24.0},{"not_picked":["Flying Knee+1","Predator+1"],"picked":"Deflect","floor":25.0},{"not_picked":["Eviscerate+1","Reflex"],"picked":"Calculated Gamble","floor":30.0},{"not_picked":["Unload","Grand Finale"],"picked":"Envenom+1","floor":33.0},{"not_picked":["Prepared","Tactician"],"picked":"Caltrops+1","floor":35.0},{"not_picked":["Underhanded Strike+1","Flying Knee+1"],"picked":"Terror+1","floor":36.0},{"not_picked":["Deflect","Underhanded Strike+1"],"picked":"Cloak And Dagger+1","floor":38.0},{"not_picked":["Cloak And Dagger","Sucker Punch","Blade Dance"],"picked":"SKIP","floor":39.0},{"not_picked":["Poisoned Stab","Dagger Throw","Dodge and Roll"],"picked":"SKIP","floor":41.0},{"not_picked":["Blade Dance","Terror","Bullet Time"],"picked":"SKIP","floor":42.0},{"not_picked":["Dash+1","Poisoned Stab"],"picked":"Catalyst","floor":44},{"not_picked":["Poisoned Stab","Bane","Terror"],"picked":"SKIP","floor":47},{"not_picked":["Slice+1","Acrobatics","Sucker Punch"],"picked":"SKIP","floor":48}],"player_experience":4163878,"relics_obtained":[{"floor":9.0,"key":"Gambling Chip"},{"floor":10.0,"key":"StoneCalendar"},{"floor":14.0,"key":"Dodecahedron"},{"floor":19.0,"key":"Red Mask"},{"floor":25.0,"key":"Girya"},{"floor":26.0,"key":"Frozen Egg 2"},{"floor":42.0,"key":"Old Coin"},{"floor":44,"key":"Bottled Tornado"},{"floor":45,"key":"Bronze Scales"}],"event_choices":[{"damage_healed":0.0,"max_hp_gain":0.0,"max_hp_loss":0.0,"gold_gain":0.0,"event_name":"Masked Bandits","player_choice":"Fought Bandits","floor":19.0,"gold_loss":0.0,"damage_taken":0.0},{"cards_removed":["Strike_G"],"damage_healed":0.0,"max_hp_gain":0.0,"max_hp_loss":0.0,"gold_gain":0.0,"event_name":"Beggar","player_choice":"Gave Gold","floor":20.0,"gold_loss":75.0,"damage_taken":0.0},{"damage_healed":0.0,"max_hp_gain":0.0,"max_hp_loss":0.0,"gold_gain":0.0,"event_name":"The Library","player_choice":"Read","floor":31.0,"gold_loss":0.0,"damage_taken":0.0,"cards_obtained":["Outmaneuver"]},{"damage_healed":0,"gold_gain":0,"player_choice":"Relic","damage_taken":0,"max_hp_gain":0,"max_hp_loss":0,"event_name":"Wheel of Change","floor":45,"gold_loss":0}],"is_beta":false,"boss_relics":[{"not_picked":["Empty Cage","Runic Dome"],"picked":"Cursed Key"},{"not_picked":["HoveringKite","Orrery"],"picked":"Sozu"}],"items_purged_floors":[11,27],"is_endless":false,"potions_floor_spawned":[1,8,10,16,18,19,25,30,35,38,41,48],"killed_by":"Time Eater","ascension_level":20}