{"gold_per_floor":[111,111,111,126,140,140,140,158,158,183,197,197,12,56,56,56],"floor_reached":16,"playtime":531,"items_purged":["Strike_R"],"score":204,"play_id":"bfc12b77-6c1e-4159-9894-8fad3aa57884","local_time":"20181104024343","is_ascension_mode":true,"campfire_choices":[{"data":"Sword Boomerang","floor":7.0,"key":"SMITH"},{"data":"Clothesline","floor":12.0,"key":"SMITH"},{"floor":15.0,"key":"REST"}],"neow_cost":"PERCENT_DAMAGE","seed_source_timestamp":870862634072645,"circlet_count":0,"master_deck":["AscendersBane","Strike_R","Strike_R","Strike_R","Strike_R","Defend_R","Defend_R","Defend_R+1","Defend_R","Bash+1","Evolve","Shrug It Off","Sword Boomerang+1","Clothesline+1","Heavy Blade","Pommel Strike","Inflame","Shrug It Off","Offering"],"special_seed":0,"relics":["Burning Blood","Du-Vu Doll","Golden Idol","Ornamental Fan","Question Card"],"potions_floor_usage":[16],"damage_taken":[{"damage":11.0,"enemies":"Small Slimes","floor":1.0,"turns":6.0},{"damage":6.0,"enemies":"2 Louse","floor":4.0,"turns":3.0},{"damage":13.0,"enemies":"Jaw Worm","floor":5.0,"turns":6.0},{"damage":3.0,"enemies":"Blue Slaver","floor":8.0,"turns":5.0},{"damage":0.0,"enemies":"Looter","floor":10.0,"turns":3.0},{"damage":5.0,"enemies":"Red Slaver","floor":11.0,"turns":3.0},{"damage":27.0,"enemies":"3 Sentries","floor":14.0,"turns":8.0},{"damage":30,"enemies":"Hexaghost","floor":16,"turns":9}],"seed_played":"7790950190609345547","potions_obtained":[{"floor":1.0,"key":"Weak Potion"},{"floor":8.0,"key":"GamblersBrew"}],"is_trial":false,"path_per_floor":["M","?","?","M","M","?","R","M","T","M","M","R","$","E","R","B"],"character_chosen":"IRONCLAD","items_purchased":["Inflame","Shrug It Off"],"campfire_rested":1,"item_purchase_floors":[13,13],"current_hp_per_floor":[45,45,25,25,18,23,23,26,26,32,33,33,33,12,33,3],"gold":56,"neow_bonus":"ONE_RARE_RELIC","is_prod":false,"is_daily":false,"chose_seed":false,"campfire_upgraded":2,"win_rate":0,"timestamp":1541317423,"path_taken":["M","?","?","M","M","?","R","?","T","M","M","R","$","E","R","BOSS"],"build_version":"2018-11-02","purchased_purges":1,"victory":false,"max_hp_per_floor":[75,68,68,68,68,73,73,73,73,73,73,73,73,73,73,73],"card_choices":[{"not_picked":["Headbutt","Perfected Strike"],"picked":"Evolve","floor":1.0},{"not_picked":["Warcry","Havoc"],"picked":"Shrug It Off","floor":4.0},{"not_picked":["Infernal Blade","Pummel"],"picked":"Sword Boomerang","floor":5.0},{"not_picked":["Ghostly Armor","Dual Wield"],"picked":"Clothesline","floor":8.0},{"not_picked":["True Grit","Clash"],"picked":"Heavy Blade","floor":10.0},{"not_picked":["Flex","Burning Pact"],"picked":"Pommel Strike","floor":11.0},{"not_picked":["Flex","Cleave"],"picked":"Offering","floor":14.0}],"player_experience":775705,"relics_obtained":[{"floor":9.0,"key":"Ornamental Fan"},{"floor":14.0,"key":"Question Card"}],"event_choices":[{"damage_healed":0.0,"max_hp_gain":0.0,"max_hp_loss":7.0,"gold_gain":0.0,"event_name":"Golden Idol","player_choice":"Lose Max HP","floor":2.0,"gold_loss":0.0,"damage_taken":0.0,"relics_obtained":["Golden Idol"]},{"damage_healed":0.0,"max_hp_gain":0.0,"max_hp_loss":0.0,"gold_gain":0.0,"event_name":"Shining Light","player_choice":"Entered Light","floor":3.0,"gold_loss":0.0,"damage_taken":20.0,"cards_upgraded":["Bash","Defend_R"]},{"damage_healed":0.0,"max_hp_gain":5.0,"max_hp_loss":0.0,"gold_gain":0.0,"event_name":"Big Fish","player_choice":"Donut","floor":6.0,"gold_loss":0.0,"damage_taken":0.0}],"is_beta":true,"boss_relics":[],"items_purged_floors":[13],"is_endless":false,"potions_floor_spawned":[1,8,14],"killed_by":"Hexaghost","ascension_level":20}