{"gold_per_floor":[113,20,38,58,58,58,88,88,88,88,100,115,115],"floor_reached":13,"playtime":483,"items_purged":[],"score":170,"play_id":"c025ed01-f674-4129-94fe-51540d4228c2","local_time":"20190314155503","is_ascension_mode":true,"campfire_choices":[{"data":"Apotheosis","floor":6,"key":"SMITH"},{"floor":8,"key":"REST"}],"neow_cost":"TEN_PERCENT_HP_LOSS","seed_source_timestamp":141837967905300,"circlet_count":0,"master_deck":["AscendersBane","Strike_R","Strike_R","Strike_R","Strike_R","Strike_R","Defend_R","Defend_R","Defend_R","Defend_R","Bash","Apotheosis+1","Blind","Battle Trance","Disarm","Cleave","Flame Barrier","Shockwave","Body Slam","Pain","Flame Barrier+1","Wild Strike"],"relics":["Burning Blood","Frozen Egg 2","Toxic Egg 2","WarpedTongs"],"potions_floor_usage":[],"damage_taken":[{"damage":0,"enemies":"Cultist","floor":1,"turns":4},{"damage":1,"enemies":"Small Slimes","floor":3,"turns":3},{"damage":9,"enemies":"Jaw Worm","floor":4,"turns":5},{"damage":53,"enemies":"Gremlin Nob","floor":7,"turns":5},{"damage":28,"enemies":"Exordium Thugs","floor":11,"turns":6},{"damage":10,"enemies":"Red Slaver","floor":12,"turns":5},{"damage":12,"enemies":"3 Louse","floor":13,"turns":3}],"seed_played":"8629975052167194920","potions_obtained":[{"floor":3,"key":"SkillPotion"},{"floor":7,"key":"PowerPotion"}],"is_trial":false,"path_per_floor":["M","$","M","M","?","R","E","R","T","?","M","M","M"],"character_chosen":"IRONCLAD","items_purchased":["Disarm","Cleave"],"campfire_rested":1,"item_purchase_floors":[2,2],"current_hp_per_floor":[68,68,68,65,65,65,18,38,38,38,16,12,0],"gold":115,"neow_bonus":"RANDOM_COLORLESS_2","is_prod":false,"is_daily":false,"chose_seed":false,"campfire_upgraded":1,"win_rate":0,"timestamp":1552593303,"path_taken":["M","?","M","?","?","R","E","R","T","?","M","?","M"],"build_version":"2019-02-06","purchased_purges":0,"victory":false,"max_hp_per_floor":[68,68,68,68,68,68,68,68,68,68,68,68,68],"card_choices":[{"not_picked":["Pommel Strike","Clothesline"],"picked":"Battle Trance","floor":1},{"not_picked":["Wild Strike","Corruption"],"picked":"Flame Barrier","floor":3},{"not_picked":["Armaments","Corruption"],"picked":"Shockwave","floor":4},{"not_picked":["Iron Wave","Combust"],"picked":"Body Slam","floor":7},{"not_picked":["Shrug It Off+1","Anger"],"picked":"Flame Barrier+1","floor":11},{"not_picked":["Flex+1","Sword Boomerang"],"picked":"Wild Strike","floor":12}],"player_experience":658032,"relics_obtained":[{"floor":7,"key":"Frozen Egg 2"},{"floor":9,"key":"Toxic Egg 2"}],"event_choices":[{"damage_healed":0,"gold_gain":0,"player_choice":"Ignored","damage_taken":0,"max_hp_gain":0,"max_hp_loss":0,"event_name":"Liars Game","floor":5,"gold_loss":0},{"damage_healed":0,"gold_gain":0,"player_choice":"Rummage","damage_taken":0,"relics_obtained":["WarpedTongs"],"max_hp_gain":0,"max_hp_loss":0,"event_name":"Accursed Blacksmith","floor":10,"gold_loss":0,"cards_obtained":["Pain"]}],"is_beta":true,"boss_relics":[],"items_purged_floors":[],"is_endless":false,"potions_floor_spawned":[3,7,12],"killed_by":"3 Louse","ascension_level":20}