{"gold_per_floor":[118,193,203,203,221,221,247,263,289,289,300,320,320,47,47,124,124,141,51,66,77,127,127,154,62,62,62,12,12,12,32,32,103,153,166,166,5,5,105,105,136,151,151,169,169,182,182,198,198,198,198],"floor_reached":52,"playtime":2528,"items_purged":["Strike_R","Strike_R","Strike_R","Strike_R"],"score":1825,"play_id":"0dd56045-b072-413a-b540-e697e509b51e","local_time":"20181111231450","is_ascension_mode":true,"campfire_choices":[{"data":"Searing Blow","floor":6.0,"key":"SMITH"},{"data":"Searing Blow+1","floor":10.0,"key":"SMITH"},{"data":"Searing Blow+2","floor":13.0,"key":"SMITH"},{"data":"Searing Blow+3","floor":15.0,"key":"SMITH"},{"data":"Armaments","floor":23.0,"key":"SMITH"},{"data":"Searing Blow+5","floor":30.0,"key":"SMITH"},{"data":"Searing Blow+6","floor":32.0,"key":"SMITH"},{"data":"Searing Blow+7","floor":40.0,"key":"SMITH"},{"data":"Searing Blow+8","floor":45.0,"key":"SMITH"},{"floor":47.0,"key":"REST"},{"floor":49,"key":"REST"}],"neow_cost":"NONE","seed_source_timestamp":0,"circlet_count":0,"master_deck":["AscendersBane","Defend_R","Defend_R+1","Defend_R","Defend_R","Bash","Blood for Blood","Shrug It Off","Searing Blow+9","Sword Boomerang","Ghostly Armor","Disarm+1","Armaments+1","Rampage","True Grit","Feed","Ghostly Armor","Corruption","Shockwave+1","Double Tap","Madness","Madness","Shrug It Off"],"special_seed":0,"relics":["Burning Blood","Vajra","Smiling Mask","War Paint","Centennial Puzzle","Runic Pyramid","Orichalcum","Ancient Tea Set","Tiny House","Anchor","Peace Pipe","Potion Belt","Ornamental Fan"],"potions_floor_usage":[48,51],"damage_taken":[{"damage":9.0,"enemies":"Jaw Worm","floor":1.0,"turns":4.0},{"damage":2.0,"enemies":"2 Louse","floor":3.0,"turns":3.0},{"damage":6.0,"enemies":"Cultist","floor":5.0,"turns":4.0},{"damage":17.0,"enemies":"3 Sentries","floor":7.0,"turns":7.0},{"damage":10.0,"enemies":"Large Slime","floor":8.0,"turns":8.0},{"damage":5.0,"enemies":"Blue Slaver","floor":11.0,"turns":4.0},{"damage":14.0,"enemies":"Exordium Thugs","floor":12.0,"turns":4.0},{"damage":14.0,"enemies":"Hexaghost","floor":16.0,"turns":8.0},{"damage":1.0,"enemies":"Shell Parasite","floor":18.0,"turns":5.0},{"damage":13.0,"enemies":"Chosen","floor":20.0,"turns":7.0},{"damage":15.0,"enemies":"Snake Plant","floor":21.0,"turns":4.0},{"damage":28.0,"enemies":"Book of Stabbing","floor":24.0,"turns":5.0},{"damage":0.0,"enemies":"Cultist and Chosen","floor":31.0,"turns":5.0},{"damage":8.0,"enemies":"Champ","floor":33.0,"turns":8.0},{"damage":0.0,"enemies":"Orb Walker","floor":35.0,"turns":2.0},{"damage":0.0,"enemies":"Mind Bloom Boss Battle","floor":39.0,"turns":4.0},{"damage":61.0,"enemies":"Reptomancer","floor":41.0,"turns":5.0},{"damage":6.0,"enemies":"3 Shapes","floor":42.0,"turns":4.0},{"damage":15.0,"enemies":"3 Darklings","floor":44.0,"turns":6.0},{"damage":0.0,"enemies":"Spire Growth","floor":46.0,"turns":4.0},{"damage":13,"enemies":"Sphere and 2 Shapes","floor":48,"turns":5},{"damage":25,"enemies":"Donu and Deca","floor":50,"turns":7},{"damage":10,"enemies":"Time Eater","floor":51,"turns":7}],"seed_played":"6689596746107829295","potions_obtained":[{"floor":3.0,"key":"SneckoOil"},{"floor":5.0,"key":"Fire Potion"},{"floor":7.0,"key":"Energy Potion"},{"floor":8.0,"key":"Swift Potion"},{"floor":21.0,"key":"Fire Potion"},{"floor":24.0,"key":"Ancient Potion"},{"floor":31.0,"key":"EssenceOfSteel"},{"floor":34.0,"key":"FearPotion"},{"floor":41.0,"key":"Block Potion"},{"floor":48,"key":"GamblersBrew"}],"is_trial":false,"path_per_floor":["M","?","M","?","M","R","E","M","T","R","M","M","R","$","R","B",null,"M","$","M","M","?","R","E","$","T","?","$","?","R","M","R","B",null,"M","?","$","?","?","R","E","M","T","M","R","M","R","M","R","B","B",null],"character_chosen":"IRONCLAD","items_purchased":["Centennial Puzzle","True Grit","Corruption","Shockwave","Anchor"],"campfire_rested":2,"item_purchase_floors":[14,14,19,25,37],"current_hp_per_floor":[65,54,58,58,58,58,47,43,43,43,44,36,36,36,36,28,63,71,71,67,58,58,58,39,39,39,39,39,39,39,49,49,47,83,89,72,72,72,82,82,27,30,30,21,21,27,57,54,85,66,62],"gold":198,"neow_bonus":"TRANSFORM_CARD","is_prod":false,"is_daily":false,"chose_seed":false,"campfire_upgraded":9,"win_rate":0,"timestamp":1541996090,"path_taken":["M","?","M","?","M","R","E","M","T","R","M","M","R","$","R","BOSS","M","$","M","M","?","R","E","$","T","?","$","?","R","M","R","BOSS","M","?","$","?","?","R","E","M","T","M","R","M","R","M","R","BOSS","BOSS"],"build_version":"2018-11-08","purchased_purges":4,"victory":true,"max_hp_per_floor":[75,75,75,75,75,75,75,75,75,75,75,75,75,75,75,75,75,78,78,81,81,81,81,84,84,84,84,84,84,84,88,88,88,93,93,93,93,93,97,97,97,100,100,100,100,100,100,104,104,104,104],"card_choices":[{"not_picked":["Warcry","Sword Boomerang"],"picked":"Shrug It Off","floor":1.0},{"not_picked":["Bloodletting","Flex"],"picked":"Searing Blow","floor":3.0},{"not_picked":["Havoc","Dropkick"],"picked":"Sword Boomerang","floor":5.0},{"not_picked":["Rage","Flex"],"picked":"Ghostly Armor","floor":7.0},{"not_picked":["Sever Soul","Burning Pact"],"picked":"Disarm","floor":8.0},{"not_picked":["Perfected Strike","Hemokinesis"],"picked":"Armaments","floor":11.0},{"not_picked":["Sever Soul","Intimidate"],"picked":"Rampage","floor":12.0},{"not_picked":["Reaper","Exhume"],"picked":"Feed","floor":16.0},{"not_picked":["Power Through","Iron Wave"],"picked":"Ghostly Armor","floor":18.0},{"not_picked":["Sword Boomerang","Flex","True Grit"],"picked":"SKIP","floor":20.0},{"not_picked":["Reaper","Perfected Strike","Sword Boomerang"],"picked":"SKIP","floor":21.0},{"not_picked":["Warcry+1","Flex","Carnage"],"picked":"SKIP","floor":24.0},{"not_picked":["Iron Wave","Body Slam","Warcry"],"picked":"SKIP","floor":31.0},{"not_picked":["Juggernaut","Barricade"],"picked":"Double Tap","floor":33.0},{"not_picked":["Pummel+1","Shockwave+1","Wild Strike"],"picked":"SKIP","floor":35.0},{"not_picked":["Corruption","Pommel Strike","Sever Soul"],"picked":"SKIP","floor":41.0},{"not_picked":["Iron Wave","True Grit","Immolate"],"picked":"SKIP","floor":42.0},{"not_picked":["Anger","Corruption","Seeing Red"],"picked":"SKIP","floor":44.0},{"not_picked":["Burning Pact+1","Fire Breathing"],"picked":"Shrug It Off","floor":46.0},{"not_picked":["Blood for Blood","Cleave+1","Warcry+1"],"picked":"SKIP","floor":48}],"player_experience":797278,"relics_obtained":[{"floor":7.0,"key":"Smiling Mask"},{"floor":9.0,"key":"War Paint"},{"floor":24.0,"key":"Orichalcum"},{"floor":26.0,"key":"Ancient Tea Set"},{"floor":39.0,"key":"Peace Pipe"},{"floor":41.0,"key":"Potion Belt"},{"floor":43.0,"key":"Ornamental Fan"}],"event_choices":[{"damage_healed":0.0,"max_hp_gain":0.0,"max_hp_loss":0.0,"gold_gain":75.0,"event_name":"World of Goop","player_choice":"Gather Gold","floor":2.0,"gold_loss":0.0,"damage_taken":11.0},{"damage_healed":0.0,"max_hp_gain":0.0,"max_hp_loss":0.0,"gold_gain":0.0,"event_name":"WeMeetAgain","player_choice":"Gave Potion","floor":4.0,"gold_loss":0.0,"damage_taken":0.0,"relics_obtained":["Vajra"]},{"damage_healed":0.0,"max_hp_gain":0.0,"max_hp_loss":0.0,"gold_gain":50.0,"event_name":"Nest","player_choice":"Stole From Cult","floor":22.0,"gold_loss":0.0,"damage_taken":0.0},{"damage_healed":0.0,"max_hp_gain":0.0,"max_hp_loss":0.0,"gold_gain":0.0,"event_name":"Vampires","player_choice":"Ignored","floor":27.0,"gold_loss":0.0,"damage_taken":0.0},{"damage_healed":0.0,"max_hp_gain":0.0,"max_hp_loss":0.0,"gold_gain":0.0,"event_name":"Accursed Blacksmith","player_choice":"Forge","floor":29.0,"gold_loss":0.0,"damage_taken":0.0,"cards_upgraded":["Searing Blow"]},{"damage_healed":0.0,"max_hp_gain":0.0,"max_hp_loss":0.0,"gold_gain":0.0,"event_name":"Winding Halls","player_choice":"Embrace Madness","floor":36.0,"gold_loss":0.0,"damage_taken":17.0,"cards_obtained":["Madness","Madness"]},{"damage_healed":0.0,"max_hp_gain":0.0,"max_hp_loss":0.0,"gold_gain":0.0,"event_name":"SensoryStone","player_choice":"Memory 1","floor":38.0,"gold_loss":0.0,"damage_taken":0.0},{"damage_healed":0.0,"max_hp_gain":0.0,"max_hp_loss":0.0,"gold_gain":0.0,"event_name":"MindBloom","player_choice":"Fight","floor":39.0,"gold_loss":0.0,"damage_taken":0.0}],"is_beta":true,"boss_relics":[{"not_picked":["Calling Bell","Runic Dome"],"picked":"Runic Pyramid"},{"not_picked":["Black Star","Fusion Hammer"],"picked":"Tiny House"}],"items_purged_floors":[14,19,25,28],"is_endless":false,"potions_floor_spawned":[3,5,7,8,12,21,24,31,41,48],"ascension_level":20}