{"gold_per_floor":[20,30,30,45,63,63,93,93,93,93,108,108,108,20,20,97,97,117,42,54,54,4,4,4,4,4,31,31,31,87,67,67,144,144,163,63,63,63,82,427,427,447,518,518,553,553,566,585,585,585,585,585,585,66,98,98],"floor_reached":57,"playtime":3250,"items_purged":["Riddle With Holes","Distraction","Dash+1"],"score":2938,"play_id":"021e158b-bb12-45d0-85d6-f11c8f9fe670","local_time":"20190117024355","is_ascension_mode":true,"campfire_choices":[{"data":"Dash","floor":6.0,"key":"SMITH"},{"data":"Calculated Gamble","floor":8.0,"key":"SMITH"},{"floor":10.0,"key":"REST"},{"data":"Calculated Gamble","floor":15.0,"key":"SMITH"},{"data":"Concentrate","floor":23,"key":"SMITH"},{"data":"Reflex","floor":25,"key":"SMITH"},{"data":"Footwork","floor":32,"key":"SMITH"},{"data":"Eviscerate","floor":41,"key":"SMITH"},{"data":"Acrobatics","floor":44,"key":"SMITH"},{"data":"Burst","floor":46,"key":"SMITH"},{"floor":49,"key":"RECALL"},{"data":"Backflip","floor":53,"key":"SMITH"}],"neow_cost":"NO_GOLD","seed_source_timestamp":547767590024993,"circlet_count":0,"master_deck":["AscendersBane","Survivor","Neutralize","Calculated Gamble+1","Bouncing Flask+1","Calculated Gamble+1","Reflex+1","Acrobatics+1","Backstab","Concentrate+1","Finisher","Escape Plan","Venomology","Adrenaline","Footwork+1","Acrobatics+1","Burst+1","Backflip+1","Eviscerate+1","Catalyst"],"special_seed":0,"relics":["Ring of the Snake","Juzu Bracelet","Pen Nib","Gremlin Horn","Pandora\u0027s Box","Anchor","Tiny Chest","Empty Cage","Old Coin","Ornamental Fan","Blue Candle","Sundial","Lantern"],"potions_floor_usage":[16,16,27,33,33,39,42,50,56],"damage_taken":[{"damage":4.0,"enemies":"Small Slimes","floor":1.0,"turns":4.0},{"damage":0.0,"enemies":"Cultist","floor":2.0,"turns":3.0},{"damage":0.0,"enemies":"2 Louse","floor":4.0,"turns":3.0},{"damage":7.0,"enemies":"Lots of Slimes","floor":5.0,"turns":8.0},{"damage":36.0,"enemies":"3 Sentries","floor":7.0,"turns":9.0},{"damage":3.0,"enemies":"Looter","floor":11.0,"turns":3.0},{"damage":8,"enemies":"The Guardian","floor":16,"turns":8},{"damage":11,"enemies":"Shell Parasite","floor":18,"turns":5},{"damage":14,"enemies":"2 Thieves","floor":20,"turns":3},{"damage":8,"enemies":"Slavers","floor":27,"turns":3},{"damage":8,"enemies":"Automaton","floor":33,"turns":9},{"damage":2,"enemies":"3 Darklings","floor":35,"turns":5},{"damage":0,"enemies":"Orb Walker","floor":39,"turns":1},{"damage":0,"enemies":"2 Orb Walkers","floor":40,"turns":1},{"damage":0,"enemies":"Spire Growth","floor":42,"turns":2},{"damage":0,"enemies":"Nemesis","floor":45,"turns":1},{"damage":0,"enemies":"Transient","floor":47,"turns":5},{"damage":0,"enemies":"Sphere and 2 Shapes","floor":48,"turns":1},{"damage":1,"enemies":"Donu and Deca","floor":50,"turns":1},{"damage":0,"enemies":"Awakened One","floor":51,"turns":4},{"damage":0,"enemies":"Shield and Spear","floor":55,"turns":1},{"damage":48,"enemies":"The Heart","floor":56,"turns":4}],"seed_played":"447155820042423493","potions_obtained":[{"floor":1.0,"key":"FearPotion"},{"floor":4.0,"key":"Strength Potion"},{"floor":20,"key":"Swift Potion"},{"floor":27,"key":"Fire Potion"},{"floor":40,"key":"Swift Potion"},{"floor":42,"key":"Fruit Juice"},{"floor":45,"key":"FearPotion"}],"is_trial":false,"path_per_floor":["M","M","?","M","M","R","E","R","T","R","M","?","?","$","R","B",null,"M","$","M","?","?","R","?","R","T","E","?","?","T","?","R","B",null,"M","$","T","?","M","?","R","M","T","R","E","R","M","M","R","B","B",null,"R","$","E","B",null],"character_chosen":"THE_SILENT","items_purchased":["Concentrate","Sundial","Catalyst","GhostInAJar"],"campfire_rested":1,"item_purchase_floors":[14,54,54,54],"current_hp_per_floor":[55,55,55,55,48,48,12,12,12,31,28,21,21,21,21,13,53,42,42,28,28,28,28,28,28,28,20,20,20,20,20,20,12,53,51,51,51,51,51,51,51,56,56,56,56,56,56,56,56,55,55,67,67,67,67,19],"gold":98,"neow_bonus":"TRANSFORM_TWO_CARDS","is_prod":false,"is_daily":false,"chose_seed":false,"campfire_upgraded":10,"win_rate":0,"timestamp":1547660635,"path_taken":["M","M","?","M","M","R","E","R","T","R","M","?","?","$","R","BOSS","M","$","M","?","?","R","?","R","T","E","?","?","?","?","R","BOSS","M","?","?","?","M","?","R","M","T","R","E","R","M","M","R","BOSS","BOSS","R","$","E","BOSS"],"build_version":"2019-01-10","purchased_purges":3,"victory":true,"max_hp_per_floor":[66,66,66,66,66,66,66,66,66,66,66,66,66,66,66,66,66,66,66,66,66,66,66,66,66,66,66,66,66,66,66,66,66,66,66,66,66,66,66,66,66,71,71,71,71,71,71,71,71,71,71,71,71,71,71,71],"card_choices":[{"not_picked":["Infinite Blades","Slice"],"picked":"Dash","floor":1.0},{"not_picked":["Quick Slash","Predator"],"picked":"Calculated Gamble","floor":2.0},{"not_picked":["Cloak And Dagger","Deflect"],"picked":"Reflex","floor":4.0},{"not_picked":["Deadly Poison","Distraction"],"picked":"Dagger Throw","floor":5.0},{"not_picked":["Bane","Riddle With Holes"],"picked":"Acrobatics","floor":7.0},{"not_picked":["Poisoned Stab","Dash"],"picked":"Backstab","floor":11.0},{"not_picked":["Slice+1","Dagger Throw"],"picked":"Escape Plan","floor":18},{"not_picked":["Slice","Noxious Fumes","Blur"],"picked":"SKIP","floor":20},{"not_picked":["Flying Knee","Night Terror"],"picked":"Footwork","floor":27},{"not_picked":["Glass Knife","Doppelganger"],"picked":"Burst","floor":33},{"not_picked":["Bane","Finisher","PiercingWail"],"picked":"SKIP","floor":35},{"not_picked":["Acrobatics+1","PiercingWail"],"picked":"Backflip","floor":39},{"not_picked":["Setup","Cloak And Dagger"],"picked":"Eviscerate","floor":40},{"not_picked":["Riddle With Holes","Flechettes","Dagger Throw"],"picked":"SKIP","floor":42},{"not_picked":["Outmaneuver","Dagger Spray","Crippling Poison"],"picked":"SKIP","floor":45},{"not_picked":["Acrobatics","Prepared","Bane+1"],"picked":"SKIP","floor":47},{"not_picked":["Acrobatics","Prepared","Bane+1"],"picked":"SKIP","floor":47},{"not_picked":["Accuracy","Dagger Throw","Quick Slash+1"],"picked":"SKIP","floor":48},{"not_picked":["Deflect+1","Dodge and Roll","Skewer"],"picked":"SKIP","floor":55}],"player_experience":4107930,"relics_obtained":[{"floor":7.0,"key":"Juzu Bracelet"},{"floor":9.0,"key":"Pen Nib"},{"floor":26,"key":"Anchor"},{"floor":30,"key":"Tiny Chest"},{"floor":40,"key":"Old Coin"},{"floor":43,"key":"Ornamental Fan"},{"floor":45,"key":"Blue Candle"},{"floor":55,"key":"Lantern"}],"event_choices":[{"damage_healed":0.0,"max_hp_gain":0.0,"max_hp_loss":0.0,"gold_gain":0.0,"event_name":"Living Wall","player_choice":"Grow","floor":3.0,"gold_loss":0.0,"damage_taken":0.0,"cards_upgraded":["Bouncing Flask"]},{"cards_removed":["Strike_G"],"damage_healed":0.0,"max_hp_gain":0.0,"max_hp_loss":0.0,"gold_gain":0.0,"event_name":"Golden Wing","player_choice":"Card Removal","floor":12.0,"gold_loss":0.0,"damage_taken":7.0},{"cards_removed":["Dagger Throw"],"damage_healed":0.0,"max_hp_gain":0.0,"max_hp_loss":0.0,"gold_gain":0.0,"event_name":"WeMeetAgain","player_choice":"Gave Card","floor":13.0,"gold_loss":0.0,"damage_taken":0.0,"relics_obtained":["Gremlin Horn"]},{"damage_healed":0,"gold_gain":0,"cards_transformed":["Finisher","Bouncing Flask"],"player_choice":"Became Test Subject","damage_taken":0,"max_hp_gain":0,"max_hp_loss":0,"event_name":"Drug Dealer","floor":21,"gold_loss":0,"cards_obtained":["Venomology","Adrenaline"]},{"damage_healed":0,"gold_gain":0,"player_choice":"Bet on Murderer","damage_taken":0,"max_hp_gain":0,"max_hp_loss":0,"event_name":"The Joust","floor":22,"gold_loss":50},{"damage_healed":0,"gold_gain":0,"player_choice":"Ignored","damage_taken":0,"max_hp_gain":0,"max_hp_loss":0,"event_name":"Ghosts","floor":24,"gold_loss":0},{"damage_healed":0,"gold_gain":0,"player_choice":"Ignored","damage_taken":0,"max_hp_gain":0,"max_hp_loss":0,"event_name":"Vampires","floor":28,"gold_loss":0},{"damage_healed":0,"gold_gain":0,"player_choice":"Read","damage_taken":0,"max_hp_gain":0,"max_hp_loss":0,"event_name":"The Library","floor":29,"gold_loss":0,"cards_obtained":["Acrobatics"]},{"damage_healed":0,"gold_gain":0,"player_choice":"Bought 1 Potion","damage_taken":0,"max_hp_gain":0,"max_hp_loss":0,"event_name":"The Woman in Blue","floor":31,"gold_loss":0},{"damage_healed":0,"gold_gain":0,"player_choice":"Upgraded","damage_taken":0,"max_hp_gain":0,"max_hp_loss":0,"event_name":"Upgrade Shrine","floor":38,"gold_loss":0,"cards_upgraded":["Acrobatics"]},{"damage_healed":0,"gold_gain":0,"player_choice":"Fight","damage_taken":0,"max_hp_gain":0,"max_hp_loss":0,"event_name":"Mysterious Sphere","floor":40,"gold_loss":0}],"is_beta":false,"boss_relics":[{"not_picked":["Runic Pyramid","Tiny House"],"picked":"Pandora\u0027s Box"},{"not_picked":["Busted Crown","Cursed Key"],"picked":"Empty Cage"}],"items_purged_floors":[19,36,54],"is_endless":false,"potions_floor_spawned":[1,4,7,11,20,27,40,42,45,47],"ascension_level":20}