{"gold_per_floor":[119,119,119,119,46,46,61,82,82,82,7,7,46,46,46,176,176,199,199,124,148,161,161,194,194,219,66,66,66,66,87,87,212,212,231,356,356,372,272,272,297,297,297,297,75,99,123,141,141,141],"floor_reached":51,"playtime":4230,"items_purged":["Regret","Strike_G"],"score":686,"play_id":"770c81da-c376-4da7-98f5-eaa83e6d12f4","local_time":"20190320221909","is_ascension_mode":false,"campfire_choices":[{"data":"Noxious Fumes","floor":6,"key":"SMITH"},{"floor":10,"key":"REST"},{"data":"Backflip","floor":12,"key":"SMITH"},{"data":"Tools of the Trade","floor":15,"key":"SMITH"},{"data":"Venomology","floor":23,"key":"SMITH"},{"data":"Footwork","floor":25,"key":"SMITH"},{"data":"After Image","floor":29,"key":"SMITH"},{"floor":32,"key":"RECALL"},{"data":"After Image","floor":40,"key":"SMITH"},{"data":"Strike_G","floor":44,"key":"PURGE"},{"data":"After Image","floor":49,"key":"SMITH"}],"neow_cost":"NONE","seed_source_timestamp":617111591927691,"circlet_count":0,"master_deck":["Defend_G","Defend_G","Defend_G","Defend_G","Defend_G","Strike_G+1","Strike_G+1","Survivor","Neutralize+1","Dodge and Roll","Noxious Fumes+1","Backflip+1","Escape Plan","Tools of the Trade+1","Venomology+1","Dodge and Roll+1","Footwork+1","Footwork+1","After Image+1","PiercingWail","After Image+1","Caltrops+1","Leg Sweep+1","Escape Plan+1","Backflip","Parasite","Caltrops","Blur","After Image+1","Caltrops"],"relics":["Ring of the Serpent","Golden Idol","Dead Branch","Bronze Scales","Singing Bowl","Centennial Puzzle","Dream Catcher","Anchor","Cursed Key","Peace Pipe","Whetstone","Snake Skull"],"potions_floor_usage":[16,22,24,31,31],"damage_taken":[{"damage":6,"enemies":"Small Slimes","floor":1,"turns":4},{"damage":3,"enemies":"2 Louse","floor":7,"turns":3},{"damage":7,"enemies":"Jaw Worm","floor":8,"turns":5},{"damage":9,"enemies":"3 Sentries","floor":13,"turns":6},{"damage":10,"enemies":"Hexaghost","floor":16,"turns":10},{"damage":4,"enemies":"Shell Parasite","floor":18,"turns":7},{"damage":5,"enemies":"Spheric Guardian","floor":21,"turns":9},{"damage":0,"enemies":"Centurion and Healer","floor":22,"turns":11},{"damage":0,"enemies":"Book of Stabbing","floor":24,"turns":8},{"damage":0,"enemies":"Cultist and Chosen","floor":31,"turns":8},{"damage":12,"enemies":"Automaton","floor":33,"turns":17},{"damage":0,"enemies":"3 Shapes","floor":35,"turns":5},{"damage":0,"enemies":"Mind Bloom Boss Battle","floor":36,"turns":9},{"damage":0,"enemies":"3 Darklings","floor":38,"turns":6},{"damage":26,"enemies":"4 Shapes","floor":41,"turns":8},{"damage":0,"enemies":"Spire Growth","floor":46,"turns":8},{"damage":6,"enemies":"Transient","floor":47,"turns":5},{"damage":0,"enemies":"3 Darklings","floor":48,"turns":6},{"damage":0,"enemies":"Time Eater","floor":50,"turns":15}],"seed_played":"-4431290104904056621","potions_obtained":[{"floor":7,"key":"FearPotion"},{"floor":8,"key":"Strength Potion"},{"floor":22,"key":"Dexterity Potion"},{"floor":31,"key":"Swift Potion"},{"floor":41,"key":"Dexterity Potion"}],"is_trial":false,"path_per_floor":["M","?","?","?","$","R","M","M","T","R","$","R","E","$","R","B",null,"M","?","?","M","M","R","E","R","T","$","?","R","?","M","R","B",null,"M","?","T","M","$","R","M","?","T","R","$","M","M","M","R","B",null],"character_chosen":"THE_SILENT","items_purchased":["Noxious Fumes","Anchor","Caltrops","Snake Skull"],"campfire_rested":1,"item_purchase_floors":[5,27,45,45],"current_hp_per_floor":[64,47,47,47,47,47,44,37,37,58,58,58,49,49,49,39,70,66,66,66,63,63,63,63,63,63,63,63,63,72,72,72,60,72,72,72,72,72,72,72,46,46,46,46,46,46,40,40,40,40],"gold":141,"neow_bonus":"UPGRADE_CARD","is_prod":false,"is_daily":false,"chose_seed":false,"campfire_upgraded":8,"win_rate":0,"timestamp":1553116749,"path_taken":["M","?","?","?","$","R","M","M","T","R","$","R","E","$","R","BOSS","M","?","?","M","M","R","E","R","T","$","?","R","?","M","R","BOSS","M","?","?","M","$","R","M","?","T","R","$","M","M","M","R","BOSS"],"build_version":"2019-01-23","purchased_purges":2,"victory":true,"max_hp_per_floor":[70,70,70,70,70,70,70,70,70,70,70,70,70,70,70,70,70,70,70,70,72,72,72,72,72,72,72,72,72,72,72,72,72,72,72,72,72,72,72,72,72,72,72,72,72,72,72,72,72,72],"card_choices":[{"not_picked":["Poisoned Stab","Quick Slash"],"picked":"Dodge and Roll","floor":1},{"not_picked":["Dagger Spray","Finisher"],"picked":"Backflip","floor":7},{"not_picked":["Dagger Throw","Crippling Poison"],"picked":"Escape Plan","floor":8},{"not_picked":["Backstab","Envenom"],"picked":"Tools of the Trade","floor":13},{"not_picked":["Malaise","Unload"],"picked":"Venomology","floor":16},{"not_picked":["Deflect+1","Deadly Poison"],"picked":"Dodge and Roll+1","floor":18},{"not_picked":["Cloak And Dagger","Poisoned Stab","Outmaneuver"],"picked":"Singing Bowl","floor":21},{"not_picked":["Masterful Stab","Deadly Poison+1"],"picked":"Footwork+1","floor":22},{"not_picked":["Dash","All Out Attack+1"],"picked":"Footwork","floor":24},{"not_picked":["Phantasmal Killer","Sucker Punch"],"picked":"PiercingWail","floor":31},{"not_picked":["Night Terror","Adrenaline"],"picked":"After Image","floor":33},{"not_picked":["Eviscerate","Leg Sweep+1"],"picked":"Caltrops+1","floor":35},{"not_picked":["Finisher+1","Terror"],"picked":"Leg Sweep+1","floor":36},{"not_picked":["Slice+1","Deflect+1"],"picked":"Escape Plan+1","floor":38},{"not_picked":["Prepared","Finisher"],"picked":"Backflip","floor":41},{"not_picked":["Dagger Spray+1","Masterful Stab"],"picked":"Blur","floor":46},{"not_picked":["Calculated Gamble","Prepared"],"picked":"After Image","floor":47},{"not_picked":["Deflect","Sucker Punch"],"picked":"Caltrops","floor":48}],"player_experience":76031,"relics_obtained":[{"floor":9,"key":"Bronze Scales"},{"floor":13,"key":"Singing Bowl"},{"floor":24,"key":"Dream Catcher"},{"floor":36,"key":"Peace Pipe"},{"floor":43,"key":"Whetstone"}],"event_choices":[{"damage_healed":0,"gold_gain":0,"player_choice":"Take Damage","damage_taken":17,"relics_obtained":["Golden Idol"],"max_hp_gain":0,"max_hp_loss":0,"event_name":"Golden Idol","floor":2,"gold_loss":0},{"damage_healed":0,"gold_gain":0,"player_choice":"Box","damage_taken":0,"relics_obtained":["Dead Branch"],"max_hp_gain":0,"max_hp_loss":0,"event_name":"Big Fish","floor":3,"gold_loss":0,"cards_obtained":["Regret"]},{"damage_healed":0,"gold_gain":0,"cards_transformed":["Strike_G"],"player_choice":"Change","damage_taken":0,"max_hp_gain":0,"max_hp_loss":0,"event_name":"Living Wall","floor":4,"gold_loss":0,"cards_obtained":["Eviscerate"]},{"damage_healed":0,"gold_gain":0,"player_choice":"Opened","damage_taken":0,"relics_obtained":["Centennial Puzzle"],"max_hp_gain":0,"max_hp_loss":0,"event_name":"The Mausoleum","floor":19,"gold_loss":0,"cards_obtained":["Writhe"]},{"cards_removed":["Writhe"],"damage_healed":0,"gold_gain":0,"player_choice":"Gave Gold","damage_taken":0,"max_hp_gain":0,"max_hp_loss":0,"event_name":"Beggar","floor":20,"gold_loss":75},{"damage_healed":0,"gold_gain":0,"player_choice":"Read","damage_taken":0,"max_hp_gain":0,"max_hp_loss":0,"event_name":"The Library","floor":28,"gold_loss":0,"cards_obtained":["After Image"]},{"cards_removed":["Eviscerate"],"damage_healed":9,"gold_gain":0,"player_choice":"Offered Uncommon","damage_taken":0,"max_hp_gain":0,"max_hp_loss":0,"event_name":"Bonfire Elementals","floor":30,"gold_loss":0},{"damage_healed":0,"gold_gain":0,"player_choice":"Fight","damage_taken":0,"max_hp_gain":0,"max_hp_loss":0,"event_name":"MindBloom","floor":36,"gold_loss":0},{"damage_healed":0,"gold_gain":0,"player_choice":"Ignored","damage_taken":0,"max_hp_gain":0,"max_hp_loss":0,"event_name":"Tomb of Lord Red Mask","floor":42,"gold_loss":0}],"is_beta":false,"boss_relics":[{"not_picked":["Runic Pyramid","Lizard Tail"],"picked":"Ring of the Serpent"},{"not_picked":["Runic Dome","Orrery"],"picked":"Cursed Key"}],"items_purged_floors":[11,39],"is_endless":false,"potions_floor_spawned":[7,8,22,24,31,33,36,38,41,46,48],"ascension_level":0}