{"gold_per_floor":[110,110,127,127,52,81,81,107,107,125,137,157,157,169,169,169],"floor_reached":16,"playtime":471,"items_purged":["Strike_G"],"score":274,"play_id":"075bc0d7-b5cf-43e5-b1ff-d840f00deef3","local_time":"20190110024039","is_ascension_mode":true,"campfire_choices":[{"data":"Bouncing Flask","floor":7,"key":"SMITH"},{"data":"Calculated Gamble","floor":13,"key":"SMITH"},{"data":"Backflip","floor":15,"key":"SMITH"}],"neow_cost":"NONE","seed_source_timestamp":693415415741251,"circlet_count":0,"master_deck":["AscendersBane","Defend_G","Defend_G","Defend_G","Defend_G","Defend_G","Strike_G","Strike_G","Strike_G","Strike_G","Survivor","Neutralize+1","Noxious Fumes+1","Poisoned Stab+1","Bouncing Flask+1","Calculated Gamble+1","Backflip","Backflip+1"],"relics":["Ring of the Snake","NeowsBlessing","Dodecahedron","Singing Bowl","Shuriken"],"potions_floor_usage":[12,16],"damage_taken":[{"damage":0,"enemies":"Small Slimes","floor":1,"turns":1},{"damage":0,"enemies":"Cultist","floor":3,"turns":1},{"damage":0,"enemies":"3 Sentries","floor":6,"turns":1},{"damage":12,"enemies":"Lagavulin","floor":8,"turns":5},{"damage":0,"enemies":"2 Louse","floor":10,"turns":4},{"damage":0,"enemies":"Blue Slaver","floor":11,"turns":4},{"damage":0,"enemies":"Exordium Wildlife","floor":12,"turns":4},{"damage":0,"enemies":"Looter","floor":14,"turns":4},{"damage":38,"enemies":"Slime Boss","floor":16,"turns":10}],"seed_played":"-7042260164439102917","potions_obtained":[{"floor":1,"key":"Swift Potion"},{"floor":8,"key":"Swift Potion"}],"is_trial":false,"path_per_floor":["M","?","M","?","$","E","R","E","T","M","M","M","R","M","R","B"],"character_chosen":"THE_SILENT","items_purchased":[],"campfire_rested":0,"item_purchase_floors":[],"current_hp_per_floor":[59,39,39,39,39,39,39,27,27,29,31,31,31,31,31,0],"gold":169,"neow_bonus":"THREE_ENEMY_KILL","is_prod":false,"is_daily":false,"chose_seed":false,"campfire_upgraded":3,"win_rate":0,"timestamp":1547055639,"path_taken":["M","?","M","?","$","E","R","E","T","?","M","M","R","M","R","BOSS"],"build_version":"2019-01-03v4","purchased_purges":1,"victory":false,"max_hp_per_floor":[66,66,66,66,66,66,66,66,66,68,70,70,70,70,70,70],"card_choices":[{"not_picked":["Leg Sweep","Backflip"],"picked":"Noxious Fumes","floor":1},{"not_picked":["Deflect","Noxious Fumes"],"picked":"Poisoned Stab","floor":3},{"not_picked":["Deadly Poison","Concentrate"],"picked":"Bouncing Flask","floor":6},{"not_picked":["Blade Dance","Bane"],"picked":"Calculated Gamble","floor":8},{"not_picked":["Predator","Reflex","Outmaneuver"],"picked":"Singing Bowl","floor":10},{"not_picked":["Outmaneuver","Dodge and Roll","Deadly Poison"],"picked":"Singing Bowl","floor":11},{"not_picked":["Acrobatics","Setup"],"picked":"Backflip","floor":12},{"not_picked":["Bouncing Flask","Deflect"],"picked":"Backflip","floor":14}],"player_experience":4035952,"relics_obtained":[{"floor":6,"key":"Dodecahedron"},{"floor":8,"key":"Singing Bowl"},{"floor":9,"key":"Shuriken"}],"event_choices":[{"damage_healed":0,"gold_gain":0,"player_choice":"Entered Light","damage_taken":20,"max_hp_gain":0,"max_hp_loss":0,"event_name":"Shining Light","floor":2,"gold_loss":0,"cards_upgraded":["Neutralize","Noxious Fumes"]},{"damage_healed":0,"gold_gain":0,"player_choice":"Upgraded","damage_taken":0,"max_hp_gain":0,"max_hp_loss":0,"event_name":"Upgrade Shrine","floor":4,"gold_loss":0,"cards_upgraded":["Poisoned Stab"]}],"is_beta":false,"boss_relics":[],"items_purged_floors":[5],"is_endless":false,"potions_floor_spawned":[1,8,10],"killed_by":"Slime Boss","ascension_level":20}