{"gold_per_floor":[119,119,23,23,23,58,58,30,30,60,60,71,146,157,157,231,231,151,151,76,76,76,76,76,76,76,76,76,76,76,76,76,76,76,76,76,76,76,76,76,76,76,76,76],"floor_reached":44,"playtime":1477,"items_purged":["Strike_R"],"score":979,"play_id":"0a505bc3-0f88-4553-99fa-bc0a567c2ce2","local_time":"20190312185540","is_ascension_mode":true,"campfire_choices":[{"data":"Flame Barrier","floor":7,"key":"SMITH"},{"data":"Bash","floor":11,"key":"SMITH"},{"data":"Body Slam","floor":15,"key":"SMITH"},{"floor":23,"key":"REST"},{"data":"Limit Break","floor":25,"key":"SMITH"},{"floor":29,"key":"REST"},{"floor":32,"key":"REST"},{"floor":40,"key":"REST"}],"neow_cost":"NONE","seed_source_timestamp":433764876206400,"circlet_count":0,"master_deck":["AscendersBane","Strike_R","Strike_R","Strike_R+1","Strike_R","Defend_R","Defend_R","Defend_R","Defend_R","Bash+1","Flame Barrier+1","Flash of Steel+1","Metallicize","Cleave","Spot Weakness","Body Slam+1","Thunderclap","Limit Break+1","Headbutt+1","Iron Wave+1","Ghostly Armor","Shrug It Off","Intimidate","Body Slam+1","Barricade","Writhe","Parasite"],"relics":["Burning Blood","NeowsBlessing","Ancient Tea Set","Question Card","Paper Frog","Ectoplasm","Pantograph","Nunchaku","Strawberry","Incense Burner","Philosopher\u0027s Stone","Red Skull"],"potions_floor_usage":[33,42,42],"damage_taken":[{"damage":0,"enemies":"Jaw Worm","floor":1,"turns":1},{"damage":0,"enemies":"Gremlin Nob","floor":6,"turns":1},{"damage":0,"enemies":"Lagavulin","floor":10,"turns":1},{"damage":6,"enemies":"2 Louse","floor":12,"turns":2},{"damage":3,"enemies":"Cultist","floor":14,"turns":3},{"damage":40,"enemies":"Hexaghost","floor":16,"turns":8},{"damage":22,"enemies":"2 Thieves","floor":18,"turns":4},{"damage":18,"enemies":"Chosen","floor":21,"turns":4},{"damage":2,"enemies":"Snecko","floor":24,"turns":5},{"damage":33,"enemies":"Book of Stabbing","floor":27,"turns":4},{"damage":23,"enemies":"Slavers","floor":30,"turns":6},{"damage":15,"enemies":"Snake Plant","floor":31,"turns":4},{"damage":34,"enemies":"Collector","floor":33,"turns":6},{"damage":31,"enemies":"Orb Walker","floor":35,"turns":4},{"damage":36,"enemies":"3 Darklings","floor":37,"turns":7},{"damage":23,"enemies":"Writhing Mass","floor":39,"turns":8},{"damage":56,"enemies":"Sphere and 2 Shapes","floor":42,"turns":10},{"damage":10,"enemies":"Reptomancer","floor":44,"turns":1}],"seed_played":"4359939297575739691","potions_obtained":[{"floor":1,"key":"SteroidPotion"},{"floor":10,"key":"Fire Potion"},{"floor":14,"key":"Regen Potion"},{"floor":41,"key":"EntropicBrew"}],"is_trial":false,"path_per_floor":["M","?","$","?","?","E","R","$","T","E","R","M","?","M","R","B",null,"M","?","$","M","$","R","M","R","T","E","T","R","E","M","R","B",null,"M","?","M","?","M","R","?","M","T","E"],"character_chosen":"IRONCLAD","items_purchased":["Flash of Steel","Cleave"],"campfire_rested":4,"item_purchase_floors":[3,8],"current_hp_per_floor":[74,74,74,74,51,57,57,57,57,63,63,63,52,55,55,21,62,46,42,42,30,30,52,56,56,56,29,36,60,43,34,58,54,75,50,50,20,36,19,43,43,8,8,0],"gold":76,"neow_bonus":"THREE_ENEMY_KILL","is_prod":false,"is_daily":false,"chose_seed":false,"campfire_upgraded":4,"win_rate":0,"timestamp":1552431340,"path_taken":["M","?","$","?","?","E","R","?","T","E","R","?","?","M","R","BOSS","M","?","$","M","?","R","M","R","T","E","?","R","E","?","R","BOSS","M","?","?","?","M","R","?","?","T","E"],"build_version":"2019-02-06","purchased_purges":1,"victory":false,"max_hp_per_floor":[75,75,75,75,75,75,75,75,75,75,75,75,75,75,75,75,75,75,75,75,75,75,75,75,75,75,75,82,82,82,82,82,82,82,82,82,82,82,82,82,82,82,82,82],"card_choices":[{"not_picked":["Perfected Strike","True Grit"],"picked":"Flame Barrier","floor":1},{"not_picked":["Searing Blow","Twin Strike"],"picked":"Metallicize","floor":6},{"not_picked":["Clash","Pummel","Second Wind"],"picked":"Spot Weakness","floor":10},{"not_picked":["Searing Blow","Juggernaut","Clothesline"],"picked":"Body Slam","floor":12},{"not_picked":["True Grit","Entrench","Body Slam"],"picked":"Thunderclap","floor":14},{"not_picked":["Feed","Exhume","Offering"],"picked":"Limit Break","floor":16},{"not_picked":["Sword Boomerang","Burning Pact","Battle Trance"],"picked":"Headbutt+1","floor":18},{"not_picked":["Body Slam","Flame Barrier","Clash+1"],"picked":"Iron Wave+1","floor":21},{"not_picked":["Shockwave","Battle Trance","Impervious"],"picked":"Ghostly Armor","floor":24},{"not_picked":["Sword Boomerang","Dark Embrace","Cleave"],"picked":"Shrug It Off","floor":27},{"not_picked":["Iron Wave","Hemokinesis","Twin Strike"],"picked":"Intimidate","floor":30},{"not_picked":["Wild Strike","Dropkick","Flex"],"picked":"Body Slam+1","floor":31},{"not_picked":["Demon Form","Brutality","Dark Embrace"],"picked":"Barricade","floor":33},{"not_picked":["Sword Boomerang+1","Fire Breathing","Burning Pact","Warcry"],"picked":"SKIP","floor":35},{"not_picked":["Headbutt+1","Twin Strike","Thunderclap","Sword Boomerang"],"picked":"SKIP","floor":37},{"not_picked":["Headbutt","True Grit","Sentinel","Pommel Strike"],"picked":"SKIP","floor":39},{"not_picked":["Entrench","Sentinel","Flex","Sword Boomerang"],"picked":"SKIP","floor":42}],"player_experience":644795,"relics_obtained":[{"floor":6,"key":"Ancient Tea Set"},{"floor":9,"key":"Question Card"},{"floor":10,"key":"Paper Frog"},{"floor":26,"key":"Pantograph"},{"floor":27,"key":"Nunchaku"},{"floor":28,"key":"Strawberry"},{"floor":30,"key":"Incense Burner"},{"floor":43,"key":"Red Skull"}],"event_choices":[{"damage_healed":0,"gold_gain":0,"player_choice":"Leave","damage_taken":0,"max_hp_gain":0,"max_hp_loss":0,"event_name":"The Cleric","floor":2,"gold_loss":0},{"damage_healed":0,"gold_gain":0,"player_choice":"Ignored","damage_taken":0,"max_hp_gain":0,"max_hp_loss":0,"event_name":"Golden Wing","floor":4,"gold_loss":0},{"damage_healed":0,"gold_gain":0,"player_choice":"Entered Light","damage_taken":23,"max_hp_gain":0,"max_hp_loss":0,"event_name":"Shining Light","floor":5,"gold_loss":0,"cards_upgraded":["Flash of Steel","Strike_R"]},{"damage_healed":0,"gold_gain":75,"player_choice":"Gather Gold","damage_taken":11,"max_hp_gain":0,"max_hp_loss":0,"event_name":"World of Goop","floor":13,"gold_loss":0},{"damage_healed":0,"gold_gain":0,"player_choice":"Bought 0 Potions","damage_taken":0,"max_hp_gain":0,"max_hp_loss":0,"event_name":"The Woman in Blue","floor":19,"gold_loss":0},{"damage_healed":0,"gold_gain":50,"player_choice":"Pray","damage_taken":0,"max_hp_gain":0,"max_hp_loss":0,"event_name":"Golden Shrine","floor":36,"gold_loss":0},{"damage_healed":16,"gold_gain":0,"player_choice":"Writhe","damage_taken":0,"max_hp_gain":0,"max_hp_loss":0,"event_name":"Winding Halls","floor":38,"gold_loss":0,"cards_obtained":["Writhe"]},{"damage_healed":0,"gold_gain":0,"player_choice":"Got Potions","damage_taken":0,"max_hp_gain":0,"max_hp_loss":0,"event_name":"Lab","floor":41,"gold_loss":0}],"is_beta":true,"boss_relics":[{"not_picked":["Runic Pyramid","White Beast Statue"],"picked":"Ectoplasm"},{"not_picked":["Orrery","Pandora\u0027s Box"],"picked":"Philosopher\u0027s Stone"}],"items_purged_floors":[20],"is_endless":false,"potions_floor_spawned":[1,10,14,24,27,30,42],"killed_by":"Reptomancer","ascension_level":18}