{"gold_per_floor":[364,364,377,35,35,35,61,61,61,92,92,104,120,146,146,217,217,230,241,241,516,56,56,88,88,88,98,115,131,143,193,193,267,267,286,286,17,32,0,25,25,41,86,86,102,102,102,152,152,152,152],"floor_reached":52,"playtime":2605,"items_purged":["Strike_R","Regret","Strike_R"],"score":2011,"play_id":"7de7d4d0-efec-4de6-acae-8c1f30c0c89e","local_time":"20181116225736","is_ascension_mode":true,"campfire_choices":[{"data":"Bash","floor":6,"key":"SMITH"},{"data":"Inflame","floor":8,"key":"SMITH"},{"data":"Whirlwind","floor":11,"key":"SMITH"},{"data":"Clothesline","floor":15,"key":"SMITH"},{"data":"Barricade","floor":23,"key":"SMITH"},{"floor":25,"key":"REST"},{"data":"Armaments","floor":32,"key":"SMITH"},{"floor":41,"key":"REST"},{"data":"Disarm","floor":44,"key":"SMITH"},{"data":"True Grit","floor":46,"key":"SMITH"},{"floor":49,"key":"REST"}],"neow_cost":"PERCENT_DAMAGE","seed_source_timestamp":78539119139245,"circlet_count":0,"master_deck":["AscendersBane","Strike_R","Strike_R","Defend_R","Defend_R+1","Defend_R","Defend_R+1","Bash+1","Anger","Iron Wave","Inflame+1","Whirlwind+1","Feed","Clothesline+1","Barricade+1","Headbutt","Disarm+1","Shrug It Off","True Grit+1","Power Through+1","Armaments+1","Offering","Armaments+1","Seeing Red"],"relics":["Burning Blood","Bag of Marbles","Thread and Needle","Orichalcum","Singing Bowl","Regal Pillow","War Paint","Velvet Choker","Letter Opener","Shuriken","Pear","Runic Pyramid","Red Mask","Kunai","Bag of Preparation"],"potions_floor_usage":[7,24,24,33,40,40,40,51,51],"damage_taken":[{"damage":9,"enemies":"Jaw Worm","floor":1,"turns":5},{"damage":5,"enemies":"Small Slimes","floor":3,"turns":3},{"damage":4,"enemies":"Gremlin Nob","floor":7,"turns":3},{"damage":21,"enemies":"Lagavulin","floor":10,"turns":4},{"damage":0,"enemies":"Cultist","floor":12,"turns":2},{"damage":0,"enemies":"2 Fungi Beasts","floor":13,"turns":3},{"damage":0,"enemies":"Gremlin Nob","floor":14,"turns":3},{"damage":21,"enemies":"The Guardian","floor":16,"turns":11},{"damage":0,"enemies":"Chosen","floor":18,"turns":3},{"damage":1,"enemies":"2 Thieves","floor":19,"turns":2},{"damage":68,"enemies":"Book of Stabbing","floor":24,"turns":6},{"damage":12,"enemies":"Cultist and Chosen","floor":27,"turns":6},{"damage":4,"enemies":"Chosen and Byrds","floor":28,"turns":6},{"damage":0,"enemies":"Snake Plant","floor":29,"turns":5},{"damage":4,"enemies":"Centurion and Healer","floor":30,"turns":9},{"damage":62,"enemies":"Automaton","floor":33,"turns":11},{"damage":6,"enemies":"3 Darklings","floor":35,"turns":2},{"damage":11,"enemies":"Orb Walker","floor":38,"turns":6},{"damage":68,"enemies":"Reptomancer","floor":40,"turns":8},{"damage":24,"enemies":"Transient","floor":42,"turns":6},{"damage":16,"enemies":"3 Darklings","floor":45,"turns":6},{"damage":6,"enemies":"Time Eater","floor":50,"turns":15},{"damage":75,"enemies":"Donu and Deca","floor":51,"turns":20}],"seed_played":"5459057992153181065","potions_obtained":[{"floor":1,"key":"Swift Potion"},{"floor":13,"key":"Regen Potion"},{"floor":16,"key":"AttackPotion"},{"floor":24,"key":"Fruit Juice"},{"floor":29,"key":"FearPotion"},{"floor":30,"key":"Swift Potion"},{"floor":38,"key":"EntropicBrew"},{"floor":42,"key":"SkillPotion"}],"is_trial":false,"path_per_floor":["M","?","M","$","?","R","E","R","T","E","R","M","M","E","R","B",null,"M","M","?","?","$","R","E","R","T","M","M","M","M","?","R","B",null,"M","?","$","M","?","E","R","M","T","R","M","R","?","?","R","B","B",null],"character_chosen":"IRONCLAD","items_purchased":["Bag of Marbles","Inflame","Anger","Shrug It Off","True Grit","Letter Opener","PowerPotion","Seeing Red"],"campfire_rested":3,"item_purchase_floors":[4,4,4,22,22,22,37,37],"current_hp_per_floor":[47,47,48,48,48,48,50,50,50,35,35,43,52,63,63,48,76,82,87,87,87,87,87,32,75,85,81,86,92,99,99,99,43,96,96,96,96,97,97,41,93,77,77,77,69,69,69,69,123,123,54],"gold":152,"neow_bonus":"TWO_FIFTY_GOLD","is_prod":false,"is_daily":false,"chose_seed":false,"campfire_upgraded":8,"win_rate":0,"timestamp":1542427056,"path_taken":["M","?","M","$","?","R","E","R","T","E","R","M","M","E","R","BOSS","M","M","?","?","$","R","E","R","T","M","?","M","M","?","R","BOSS","M","?","$","?","?","E","R","M","T","R","M","R","?","?","R","BOSS","BOSS"],"build_version":"2018-11-15","purchased_purges":3,"victory":true,"max_hp_per_floor":[75,75,75,75,75,75,75,75,75,75,75,77,80,85,85,85,85,85,87,87,87,87,87,94,94,104,106,109,109,114,114,114,114,114,114,114,114,120,120,126,126,128,128,128,130,130,130,130,130,130,130],"card_choices":[{"not_picked":["Hemokinesis","Havoc"],"picked":"Anger","floor":1},{"not_picked":["Wild Strike","Twin Strike"],"picked":"Iron Wave","floor":3},{"not_picked":["Body Slam","Carnage"],"picked":"Whirlwind","floor":7},{"not_picked":["Headbutt","Anger"],"picked":"Feed","floor":10},{"not_picked":["Havoc","Sword Boomerang","Corruption"],"picked":"Singing Bowl","floor":12},{"not_picked":["Headbutt","Anger"],"picked":"Clothesline","floor":13},{"not_picked":["Cleave","Feel No Pain","Evolve"],"picked":"Singing Bowl","floor":14},{"not_picked":["Reaper","Berserk"],"picked":"Barricade","floor":16},{"not_picked":["Havoc","Rupture"],"picked":"Headbutt","floor":18},{"not_picked":["Carnage","Dual Wield","Pommel Strike"],"picked":"Singing Bowl","floor":19},{"not_picked":["Twin Strike","Perfected Strike","Headbutt"],"picked":"Singing Bowl","floor":24},{"not_picked":["Armaments","Sentinel","Dropkick"],"picked":"Singing Bowl","floor":27},{"not_picked":["Thunderclap","Infernal Blade"],"picked":"Power Through","floor":28},{"not_picked":["Shrug It Off","Iron Wave"],"picked":"Armaments","floor":29},{"not_picked":["Exhume","Sever Soul+1","Clothesline"],"picked":"Singing Bowl","floor":30},{"not_picked":["Demon Form","Double Tap"],"picked":"Offering","floor":33},{"not_picked":["Clash","Body Slam"],"picked":"Armaments+1","floor":35},{"not_picked":["Second Wind","Iron Wave","Warcry"],"picked":"Singing Bowl","floor":38},{"not_picked":["Pommel Strike","Sword Boomerang","Perfected Strike"],"picked":"Singing Bowl","floor":40},{"not_picked":["Thunderclap","Armaments","Shrug It Off"],"picked":"Singing Bowl","floor":42},{"not_picked":["Wild Strike+1","Warcry+1","Blood for Blood+1"],"picked":"Singing Bowl","floor":45}],"player_experience":807157,"relics_obtained":[{"floor":7,"key":"Orichalcum"},{"floor":9,"key":"Singing Bowl"},{"floor":10,"key":"Regal Pillow"},{"floor":14,"key":"War Paint"},{"floor":24,"key":"Shuriken"},{"floor":26,"key":"Pear"},{"floor":40,"key":"Kunai"},{"floor":43,"key":"Bag of Preparation"}],"event_choices":[{"damage_healed":0,"gold_gain":0,"player_choice":"Ignored","damage_taken":0,"max_hp_gain":0,"max_hp_loss":0,"event_name":"Shining Light","floor":2,"gold_loss":0},{"cards_removed":["Anger"],"damage_healed":0,"gold_gain":0,"player_choice":"Gave Card","damage_taken":0,"relics_obtained":["Thread and Needle"],"max_hp_gain":0,"max_hp_loss":0,"event_name":"WeMeetAgain","floor":5,"gold_loss":0},{"damage_healed":0,"gold_gain":0,"player_choice":"Read","damage_taken":0,"max_hp_gain":0,"max_hp_loss":0,"event_name":"The Library","floor":20,"gold_loss":0,"cards_obtained":["Disarm"]},{"damage_healed":0,"gold_gain":275,"player_choice":"Desecrate","damage_taken":0,"max_hp_gain":0,"max_hp_loss":0,"event_name":"Golden Shrine","floor":21,"gold_loss":0,"cards_obtained":["Regret"]},{"damage_healed":0,"gold_gain":50,"player_choice":"Stole From Cult","damage_taken":0,"max_hp_gain":0,"max_hp_loss":0,"event_name":"Nest","floor":31,"gold_loss":0},{"damage_healed":0,"gold_gain":0,"player_choice":"Upgraded","damage_taken":0,"max_hp_gain":0,"max_hp_loss":0,"event_name":"Upgrade Shrine","floor":36,"gold_loss":0,"cards_upgraded":["Power Through"]},{"damage_healed":0,"gold_gain":0,"player_choice":"Paid","damage_taken":0,"relics_obtained":["Red Mask"],"max_hp_gain":0,"max_hp_loss":0,"event_name":"Tomb of Lord Red Mask","floor":39,"gold_loss":32},{"cards_removed":["Strike_R"],"damage_healed":0,"gold_gain":0,"player_choice":"Removed Attack","damage_taken":0,"max_hp_gain":0,"max_hp_loss":0,"event_name":"Falling","floor":47,"gold_loss":0},{"damage_healed":0,"gold_gain":50,"player_choice":"Pray","damage_taken":0,"max_hp_gain":0,"max_hp_loss":0,"event_name":"Golden Shrine","floor":48,"gold_loss":0}],"is_beta":true,"boss_relics":[{"not_picked":["Empty Cage","Runic Dome"],"picked":"Velvet Choker"},{"not_picked":["Black Blood","Runic Cube"],"picked":"Runic Pyramid"}],"items_purged_floors":[4,22,37],"is_endless":false,"potions_floor_spawned":[1,13,16,24,29,30,38,42],"ascension_level":20}