{"gold_per_floor":[17,33,33,33,53,86,103,103,129,162,162,193,21,21,21,93,143,157,24,24,24,40,40,40],"floor_reached":24,"playtime":820,"items_purged":["Strike_R"],"score":424,"play_id":"8950b75b-ab32-4097-8740-df1d38b3b660","local_time":"20190317004533","is_ascension_mode":true,"campfire_choices":[{"data":"Immolate","floor":8.0,"key":"SMITH"},{"data":"Bash","floor":11.0,"key":"SMITH"},{"data":"Clothesline","floor":15.0,"key":"SMITH"},{"data":"Combust","floor":23,"key":"SMITH"}],"neow_cost":"NO_GOLD","seed_source_timestamp":27231689234366,"circlet_count":0,"master_deck":["AscendersBane","Strike_R","Defend_R","Defend_R","Defend_R","Bash+1","Infernal Blade","Hemokinesis+1","Clothesline+1","Inflame","Immolate+1","Iron Wave","Flame Barrier","Flame Barrier","Demon Form","Armaments","Sword Boomerang","Combust+1"],"special_seed":0,"relics":["Burning Blood","Smiling Mask","Juzu Bracelet","Strawberry","Boot","Pen Nib","Tiny House"],"potions_floor_usage":[],"damage_taken":[{"damage":2.0,"enemies":"2 Louse","floor":1.0,"turns":2.0},{"damage":5.0,"enemies":"Small Slimes","floor":2.0,"turns":3.0},{"damage":7.0,"enemies":"Jaw Worm","floor":5.0,"turns":2.0},{"damage":23.0,"enemies":"Lagavulin","floor":6.0,"turns":7.0},{"damage":0.0,"enemies":"2 Fungi Beasts","floor":7.0,"turns":2.0},{"damage":15.0,"enemies":"3 Sentries","floor":10.0,"turns":5.0},{"damage":21.0,"enemies":"Lagavulin","floor":12.0,"turns":6.0},{"damage":35.0,"enemies":"Slime Boss","floor":16.0,"turns":10.0},{"damage":27.0,"enemies":"3 Byrds","floor":18.0,"turns":4.0},{"damage":21.0,"enemies":"Shell Parasite","floor":22.0,"turns":6.0},{"damage":89,"enemies":"Gremlin Leader","floor":24,"turns":6}],"seed_played":"-762418731317625929","potions_obtained":[{"floor":7.0,"key":"PowerPotion"},{"floor":10.0,"key":"Swift Potion"},{"floor":16.0,"key":"Regen Potion"},{"floor":17.0,"key":"SmokeBomb"}],"is_trial":false,"path_per_floor":["M","M","?","?","M","E","M","R","T","E","R","E","$","?","R","B",null,"M","$","?","?","M","R","E"],"character_chosen":"IRONCLAD","items_purchased":["Pen Nib","Regen Potion"],"campfire_rested":0,"item_purchase_floors":[13,19],"current_hp_per_floor":[72,73,66,71,70,53,59,59,59,57,57,42,42,42,42,13,74,53,53,53,53,72,72,0],"gold":40,"neow_bonus":"TRANSFORM_TWO_CARDS","is_prod":false,"is_daily":false,"chose_seed":false,"campfire_upgraded":4,"win_rate":0,"timestamp":1552797933,"path_taken":["M","M","?","?","?","E","M","R","T","E","R","E","$","?","R","BOSS","M","$","?","?","M","R","E"],"build_version":"2019-03-15","purchased_purges":1,"victory":false,"max_hp_per_floor":[75,75,75,80,80,80,80,80,80,87,87,87,87,87,87,87,92,92,92,92,92,92,92,92],"card_choices":[{"not_picked":["Sword Boomerang","Twin Strike"],"picked":"Clothesline","floor":1.0},{"not_picked":["Corruption","Iron Wave"],"picked":"Inflame","floor":2.0},{"not_picked":["Havoc","Uppercut"],"picked":"Immolate","floor":5.0},{"not_picked":["Sword Boomerang","Heavy Blade"],"picked":"Iron Wave","floor":6.0},{"not_picked":["Second Wind","Perfected Strike","Clash"],"picked":"SKIP","floor":7.0},{"not_picked":["Seeing Red","Ghostly Armor"],"picked":"Flame Barrier","floor":10.0},{"not_picked":["Headbutt","Whirlwind"],"picked":"Flame Barrier","floor":12.0},{"not_picked":["Bludgeon","Offering"],"picked":"Demon Form","floor":16.0},{"not_picked":["Reckless Charge","Perfected Strike"],"picked":"Armaments","floor":17.0},{"not_picked":["Pommel Strike","Inflame"],"picked":"Sword Boomerang","floor":18.0},{"not_picked":["Thunderclap","True Grit"],"picked":"Combust","floor":22}],"player_experience":911339,"relics_obtained":[{"floor":6.0,"key":"Smiling Mask"},{"floor":9.0,"key":"Juzu Bracelet"},{"floor":10.0,"key":"Strawberry"},{"floor":12.0,"key":"Boot"}],"event_choices":[{"cards_removed":["Strike_R"],"damage_healed":0.0,"max_hp_gain":0.0,"max_hp_loss":0.0,"gold_gain":0.0,"event_name":"Golden Wing","player_choice":"Card Removal","floor":3.0,"gold_loss":0.0,"damage_taken":7.0},{"damage_healed":0.0,"max_hp_gain":5.0,"max_hp_loss":0.0,"gold_gain":0.0,"event_name":"Big Fish","player_choice":"Donut","floor":4.0,"gold_loss":0.0,"damage_taken":0.0},{"cards_removed":["Strike_R"],"damage_healed":0.0,"max_hp_gain":0.0,"max_hp_loss":0.0,"gold_gain":0.0,"event_name":"Bonfire Elementals","player_choice":"Offered Basic","floor":14.0,"gold_loss":0.0,"damage_taken":0.0},{"damage_healed":0.0,"max_hp_gain":0.0,"max_hp_loss":0.0,"gold_gain":0.0,"event_name":"Match and Keep!","player_choice":"0 cards matched","floor":20.0,"gold_loss":0.0,"damage_taken":0.0,"cards_obtained":[]},{"damage_healed":0.0,"max_hp_gain":0.0,"max_hp_loss":0.0,"gold_gain":0.0,"event_name":"Vampires","player_choice":"Ignored","floor":21.0,"gold_loss":0.0,"damage_taken":0.0}],"is_beta":true,"boss_relics":[{"not_picked":["Lizard Tail","Calling Bell"],"picked":"Tiny House"}],"items_purged_floors":[19],"is_endless":false,"potions_floor_spawned":[7,10,16],"killed_by":"Gremlin Leader","ascension_level":20}