{"gold_per_floor":[11,11,25,25,25,25,55,74,100,114,139,158,47,66,66,166,166,177,177,177,161,161,190,190,202,227,260,280,280,300,28,28,28],"floor_reached":33,"playtime":1548,"items_purged":[],"score":476,"play_id":"9937023b-73a7-41d9-9eae-dd4607232a21","local_time":"20190319021352","is_ascension_mode":true,"campfire_choices":[{"data":"Carnage","floor":6.0,"key":"SMITH"},{"data":"Disarm","floor":15.0,"key":"SMITH"},{"floor":24,"key":"REST"},{"floor":29,"key":"REST"},{"data":"Brutality","floor":32,"key":"SMITH"}],"neow_cost":"NO_GOLD","seed_source_timestamp":0,"circlet_count":0,"master_deck":["Strike_R","Strike_R","Strike_R","Defend_R","Defend_R","Defend_R","Defend_R","Bash","Carnage+1","Brutality+1","Cleave+1","Disarm+1","Spot Weakness","Combust","Rupture","Ghostly Armor","Flame Barrier","Impervious","Disarm","Clothesline+1","Feed","Intimidate","Uppercut+1","Pummel+1","Metallicize"],"special_seed":0,"relics":["Burning Blood","Omamori","Red Skull","Smiling Mask","Sozu","The Courier","Magic Flower","Oddly Smooth Stone","Bronze Scales","PreservedInsect","Whetstone"],"potions_floor_usage":[27],"damage_taken":[{"damage":3.0,"enemies":"2 Louse","floor":1.0,"turns":2.0},{"damage":5.0,"enemies":"Small Slimes","floor":3.0,"turns":3.0},{"damage":19.0,"enemies":"3 Sentries","floor":7.0,"turns":5.0},{"damage":1.0,"enemies":"Cultist","floor":8.0,"turns":3.0},{"damage":10.0,"enemies":"Looter","floor":10.0,"turns":3.0},{"damage":37.0,"enemies":"Gremlin Nob","floor":11.0,"turns":4.0},{"damage":23.0,"enemies":"Exordium Thugs","floor":12.0,"turns":3.0},{"damage":0.0,"enemies":"3 Louse","floor":14.0,"turns":2.0},{"damage":12.0,"enemies":"The Guardian","floor":16.0,"turns":11.0},{"damage":0,"enemies":"3 Byrds","floor":18,"turns":6},{"damage":14,"enemies":"2 Thieves","floor":21,"turns":4},{"damage":33,"enemies":"Gremlin Leader","floor":23,"turns":7},{"damage":8,"enemies":"Snake Plant","floor":25,"turns":5},{"damage":39,"enemies":"Slavers","floor":27,"turns":6},{"damage":3,"enemies":"Cultist and Chosen","floor":28,"turns":5},{"damage":27,"enemies":"Centurion and Healer","floor":30,"turns":7},{"damage":53,"enemies":"Champ","floor":33,"turns":12}],"seed_played":"-2656560536434928627","potions_obtained":[{"floor":4.0,"key":"Weak Potion"},{"floor":4.0,"key":"FearPotion"},{"floor":4.0,"key":"Weak Potion"},{"floor":11.0,"key":"Fruit Juice"}],"is_trial":false,"path_per_floor":["M","?","M","?","$","R","E","M","T","M","E","M","$","M","R","B",null,"M","?","T","M","?","E","R","M","T","E","M","R","M","$","R","B"],"character_chosen":"IRONCLAD","items_purchased":["Rupture","Ghostly Armor","PreservedInsect","Whetstone","Metallicize"],"campfire_rested":2,"item_purchase_floors":[13,13,31,31,31],"current_hp_per_floor":[75,75,76,76,76,76,63,68,68,64,33,21,21,27,27,21,69,75,59,59,51,51,24,51,57,57,32,38,66,53,53,53,0],"gold":28,"neow_bonus":"TRANSFORM_TWO_CARDS","is_prod":false,"is_daily":false,"chose_seed":false,"campfire_upgraded":3,"win_rate":0,"timestamp":1552976032,"path_taken":["M","?","M","?","$","R","E","M","T","M","E","?","$","M","R","BOSS","M","?","?","M","?","E","R","M","T","E","M","R","M","$","R","BOSS"],"build_version":"2019-01-23","purchased_purges":0,"victory":false,"max_hp_per_floor":[80,80,80,80,80,80,80,80,80,80,80,85,85,85,85,85,85,85,90,90,90,90,90,90,93,93,96,96,96,99,99,99,99],"card_choices":[{"not_picked":["Armaments","True Grit"],"picked":"Cleave","floor":1.0},{"not_picked":["Armaments","Dropkick","Cleave"],"picked":"SKIP","floor":3.0},{"not_picked":["Havoc","Thunderclap"],"picked":"Disarm","floor":7.0},{"not_picked":["Perfected Strike","Power Through","Hemokinesis"],"picked":"SKIP","floor":8.0},{"not_picked":["Flex","Bloodletting"],"picked":"Spot Weakness","floor":10.0},{"not_picked":["Heavy Blade","Twin Strike","Dropkick"],"picked":"SKIP","floor":11.0},{"not_picked":["Fire Breathing","Twin Strike"],"picked":"Combust","floor":12.0},{"not_picked":["Carnage","Evolve"],"picked":"Flame Barrier","floor":14.0},{"not_picked":["Demon Form","Barricade"],"picked":"Impervious","floor":16.0},{"not_picked":["Iron Wave","Wild Strike"],"picked":"Disarm","floor":18},{"not_picked":["Body Slam","Wild Strike"],"picked":"Clothesline","floor":21},{"not_picked":["Flex","Spot Weakness"],"picked":"Intimidate","floor":23},{"not_picked":["Whirlwind","Clash"],"picked":"Uppercut+1","floor":25},{"not_picked":["Twin Strike+1","Dual Wield","Berserk"],"picked":"SKIP","floor":27},{"not_picked":["Pummel","Cleave","Wild Strike"],"picked":"SKIP","floor":28},{"not_picked":["Thunderclap","Blood for Blood"],"picked":"Pummel+1","floor":30}],"player_experience":308792,"relics_obtained":[{"floor":7.0,"key":"Omamori"},{"floor":9.0,"key":"Red Skull"},{"floor":11.0,"key":"Smiling Mask"},{"floor":20,"key":"The Courier"},{"floor":23,"key":"Magic Flower"},{"floor":26,"key":"Oddly Smooth Stone"},{"floor":27,"key":"Bronze Scales"}],"event_choices":[{"damage_healed":0.0,"max_hp_gain":0.0,"max_hp_loss":0.0,"gold_gain":0.0,"event_name":"Liars Game","player_choice":"Ignored","floor":2.0,"gold_loss":0.0,"damage_taken":0.0},{"damage_healed":0.0,"max_hp_gain":0.0,"max_hp_loss":0.0,"gold_gain":0.0,"event_name":"Lab","player_choice":"Got Potions","floor":4.0,"gold_loss":0.0,"damage_taken":0.0},{"damage_healed":0,"gold_gain":0,"player_choice":"Shed Blood","damage_taken":21,"max_hp_gain":5,"max_hp_loss":0,"event_name":"Forgotten Altar","floor":19,"gold_loss":0},{"damage_healed":0,"gold_gain":0,"player_choice":"Read","damage_taken":0,"max_hp_gain":0,"max_hp_loss":0,"event_name":"The Library","floor":22,"gold_loss":0,"cards_obtained":["Feed"]}],"is_beta":false,"boss_relics":[{"not_picked":["Empty Cage","Velvet Choker"],"picked":"Sozu"}],"items_purged_floors":[],"is_endless":false,"potions_floor_spawned":[8,10,11,23,25,27],"killed_by":"Champ","ascension_level":6}