{"gold_per_floor":[364,364,364,5,20,20,60,79,79,79,97,97,113,131,131,262,262,282,107,107,107,36,36,61,86,86,105,143,8,8,51,51,179,179,193,217,217,18,33,33,133,133,133,133,148,163,163,228,228,228],"floor_reached":51,"playtime":2008,"items_purged":["Parasite","Strike_R"],"score":860,"play_id":"92fc2a41-ffe6-432b-88a7-25d8393ce3fc","local_time":"20181030001305","is_ascension_mode":false,"campfire_choices":[{"data":"Carnage","floor":6.0,"key":"SMITH"},{"data":"Disarm","floor":12.0,"key":"SMITH"},{"data":"Inflame","floor":15.0,"key":"SMITH"},{"data":"Bloodletting","floor":23.0,"key":"SMITH"},{"data":"Limit Break","floor":32.0,"key":"SMITH"},{"data":"Disarm","floor":40.0,"key":"SMITH"},{"data":"Clothesline","floor":47.0,"key":"SMITH"},{"data":"Pummel","floor":49,"key":"SMITH"}],"neow_cost":"CURSE","seed_source_timestamp":424760689605418,"circlet_count":0,"master_deck":["Strike_R+1","Strike_R+1","Strike_R+1","Strike_R+1","Defend_R+1","Defend_R+1","Defend_R+1","Defend_R+1","Bash+1","Disarm+1","Shrug It Off","Carnage+1","Inflame+1","Inflame+1","Pummel+1","Fiend Fire","Clothesline+1","Bloodletting+1","Anger+1","Shrug It Off+1","Whirlwind+1","Limit Break+1","True Grit+1","Reaper","Headbutt+1","Madness","Madness","Disarm+1"],"special_seed":0,"relics":["Burning Blood","Golden Idol","Singing Bowl","Pantograph","Mummified Hand","Runic Pyramid","MutagenicStrength","Pear","Gremlin Horn","Juzu Bracelet","Dodecahedron","Cursed Key","Chemical X","StoneCalendar"],"potions_floor_usage":[48,50],"damage_taken":[{"damage":5.0,"enemies":"Jaw Worm","floor":1.0,"turns":4.0},{"damage":1.0,"enemies":"2 Louse","floor":5.0,"turns":4.0},{"damage":16.0,"enemies":"Gremlin Nob","floor":7.0,"turns":4.0},{"damage":0.0,"enemies":"Small Slimes","floor":8.0,"turns":3.0},{"damage":6.0,"enemies":"Exordium Wildlife","floor":11.0,"turns":4.0},{"damage":5.0,"enemies":"3 Louse","floor":13.0,"turns":3.0},{"damage":0.0,"enemies":"Blue Slaver","floor":14.0,"turns":3.0},{"damage":0.0,"enemies":"Slime Boss","floor":16.0,"turns":6.0},{"damage":6.0,"enemies":"2 Thieves","floor":18.0,"turns":3.0},{"damage":3.0,"enemies":"Spheric Guardian","floor":24.0,"turns":3.0},{"damage":5.0,"enemies":"Cultist and Chosen","floor":25.0,"turns":4.0},{"damage":0.0,"enemies":"Sentry and Sphere","floor":27.0,"turns":4.0},{"damage":9.0,"enemies":"Book of Stabbing","floor":28.0,"turns":5.0},{"damage":3.0,"enemies":"Gremlin Leader","floor":31.0,"turns":4.0},{"damage":0.0,"enemies":"Champ","floor":33.0,"turns":6.0},{"damage":0.0,"enemies":"3 Darklings","floor":35.0,"turns":1.0},{"damage":0.0,"enemies":"3 Shapes","floor":36.0,"turns":3.0},{"damage":2.0,"enemies":"Sphere and 2 Shapes","floor":39.0,"turns":3.0},{"damage":3.0,"enemies":"Maw","floor":45.0,"turns":8.0},{"damage":5.0,"enemies":"Spire Growth","floor":46.0,"turns":3.0},{"damage":0,"enemies":"2 Orb Walkers","floor":48,"turns":1},{"damage":29,"enemies":"Awakened One","floor":50,"turns":7}],"seed_played":"7735039792731720289","potions_obtained":[{"floor":8.0,"key":"GamblersBrew"},{"floor":11.0,"key":"Energy Potion"},{"floor":13.0,"key":"Weak Potion"},{"floor":18.0,"key":"Explosive Potion"},{"floor":27.0,"key":"AttackPotion"},{"floor":39.0,"key":"Strength Potion"}],"is_trial":false,"path_per_floor":["M","?","?","$","M","R","E","M","T","?","M","R","M","M","R","B",null,"M","$","?","?","$","R","M","M","T","M","E","$","?","E","R","B",null,"M","M","?","$","M","R","?","?","T","?","M","M","R","?","R","B"],"character_chosen":"IRONCLAD","items_purchased":["Singing Bowl","Shrug It Off","Second Wind","Bloodletting","Limit Break","Chemical X"],"campfire_rested":0,"item_purchase_floors":[4,4,19,22,29,38],"current_hp_per_floor":[80,60,60,60,65,65,55,61,61,46,46,46,49,57,57,81,81,81,81,81,81,81,81,81,81,91,93,90,90,90,93,93,93,93,95,95,83,83,87,87,87,83,83,83,103,105,105,107,107,94],"gold":228,"neow_bonus":"TWO_FIFTY_GOLD","is_prod":false,"is_daily":false,"chose_seed":false,"campfire_upgraded":8,"win_rate":0,"timestamp":1540872785,"path_taken":["M","?","?","$","M","R","E","M","T","?","M","R","M","M","R","BOSS","M","$","?","?","?","R","M","?","T","M","E","?","?","E","R","BOSS","M","M","?","$","M","R","?","?","T","?","M","M","R","?","R","BOSS"],"build_version":"2018-10-29v2","purchased_purges":2,"victory":true,"max_hp_per_floor":[80,80,80,77,77,77,77,77,77,77,77,77,79,81,81,81,81,81,81,81,81,81,81,81,81,91,93,93,93,93,93,93,93,93,95,95,95,95,95,95,95,101,101,101,103,105,105,107,107,107],"card_choices":[{"not_picked":["Warcry","Anger"],"picked":"Disarm","floor":1.0},{"not_picked":["Flame Barrier","Heavy Blade"],"picked":"Carnage","floor":5.0},{"not_picked":["Spot Weakness","Twin Strike"],"picked":"Inflame","floor":7.0},{"not_picked":["Infernal Blade","Thunderclap"],"picked":"Inflame","floor":8.0},{"not_picked":["Iron Wave","Disarm"],"picked":"Pummel","floor":11.0},{"not_picked":["Fire Breathing","Exhume","Warcry"],"picked":"Singing Bowl","floor":13.0},{"not_picked":["Reckless Charge","Body Slam","Anger"],"picked":"Singing Bowl","floor":14.0},{"not_picked":["Juggernaut","Berserk"],"picked":"Fiend Fire","floor":16.0},{"not_picked":["Warcry","Perfected Strike+1"],"picked":"Clothesline","floor":18.0},{"not_picked":["Evolve","Perfected Strike"],"picked":"Anger+1","floor":24.0},{"not_picked":["Combust","Spot Weakness"],"picked":"Shrug It Off+1","floor":25.0},{"not_picked":["Wild Strike","Flex","Intimidate"],"picked":"Singing Bowl","floor":27.0},{"not_picked":["Corruption","Flame Barrier"],"picked":"Whirlwind+1","floor":28.0},{"not_picked":["Iron Wave","Armaments+1"],"picked":"True Grit+1","floor":31.0},{"not_picked":["Brutality","Offering"],"picked":"Reaper","floor":33.0},{"not_picked":["Iron Wave","Power Through+1","Reckless Charge+1"],"picked":"Singing Bowl","floor":35.0},{"not_picked":["Heavy Blade+1","Ghostly Armor"],"picked":"Headbutt+1","floor":36.0},{"not_picked":["Dual Wield+1","Second Wind"],"picked":"Disarm","floor":39.0},{"not_picked":["Jack Of All Trades","Magnetism","Good Instincts"],"picked":"Singing Bowl","floor":42.0},{"not_picked":["Thinking Ahead","Chrysalis","Purity"],"picked":"Singing Bowl","floor":42.0},{"not_picked":["Thinking Ahead","Deep Breath","Discovery"],"picked":"Singing Bowl","floor":42.0},{"not_picked":["True Grit+1","Body Slam+1","Sentinel"],"picked":"Singing Bowl","floor":45.0},{"not_picked":["True Grit+1","Cleave","Hemokinesis+1"],"picked":"Singing Bowl","floor":46.0},{"not_picked":["Perfected Strike","Anger","Twin Strike"],"picked":"Singing Bowl","floor":48}],"player_experience":742409,"relics_obtained":[{"floor":7.0,"key":"Pantograph"},{"floor":9.0,"key":"Mummified Hand"},{"floor":26.0,"key":"Pear"},{"floor":28.0,"key":"Gremlin Horn"},{"floor":31.0,"key":"Dodecahedron"},{"floor":48,"key":"StoneCalendar"}],"event_choices":[{"damage_healed":0.0,"max_hp_gain":0.0,"max_hp_loss":0.0,"gold_gain":0.0,"event_name":"Golden Idol","player_choice":"Take Damage","floor":2.0,"gold_loss":0.0,"damage_taken":20.0,"relics_obtained":["Golden Idol"]},{"damage_healed":0.0,"max_hp_gain":0.0,"max_hp_loss":0.0,"gold_gain":0.0,"event_name":"Living Wall","player_choice":"Grow","floor":3.0,"gold_loss":0.0,"damage_taken":0.0,"cards_upgraded":["Bash"]},{"damage_healed":0.0,"max_hp_gain":0.0,"max_hp_loss":0.0,"gold_gain":0.0,"event_name":"Shining Light","player_choice":"Entered Light","floor":10.0,"gold_loss":0.0,"damage_taken":15.0,"cards_upgraded":["Strike_R","Inflame"]},{"damage_healed":0.0,"max_hp_gain":0.0,"max_hp_loss":0.0,"gold_gain":0.0,"event_name":"Drug Dealer","player_choice":"Inject Mutagens","floor":20.0,"gold_loss":0.0,"damage_taken":0.0,"relics_obtained":["MutagenicStrength"]},{"damage_healed":0.0,"max_hp_gain":0.0,"max_hp_loss":0.0,"gold_gain":0.0,"event_name":"Back to Basics","player_choice":"Simplicity","floor":21.0,"gold_loss":0.0,"damage_taken":0.0,"cards_upgraded":["Strike_R","Strike_R","Strike_R","Defend_R","Defend_R","Defend_R","Defend_R"]},{"cards_removed":["Second Wind"],"damage_healed":0.0,"max_hp_gain":0.0,"max_hp_loss":0.0,"gold_gain":0.0,"event_name":"WeMeetAgain","player_choice":"Gave Card","floor":30.0,"gold_loss":0.0,"damage_taken":0.0,"relics_obtained":["Juzu Bracelet"]},{"damage_healed":0.0,"max_hp_gain":0.0,"max_hp_loss":0.0,"gold_gain":0.0,"event_name":"Winding Halls","player_choice":"Embrace Madness","floor":37.0,"gold_loss":0.0,"damage_taken":12.0,"cards_obtained":["Madness","Madness"]},{"damage_healed":0.0,"max_hp_gain":0.0,"max_hp_loss":0.0,"gold_gain":100.0,"event_name":"Golden Shrine","player_choice":"Pray","floor":41.0,"gold_loss":0.0,"damage_taken":0.0},{"damage_healed":0.0,"max_hp_gain":0.0,"max_hp_loss":0.0,"gold_gain":0.0,"event_name":"SensoryStone","player_choice":"Memory 3","floor":42.0,"gold_loss":0.0,"damage_taken":10.0},{"damage_healed":0.0,"max_hp_gain":0.0,"max_hp_loss":0.0,"gold_gain":0.0,"event_name":"The Woman in Blue","player_choice":"Bought 0 Potions","floor":44.0,"gold_loss":0.0,"damage_taken":0.0},{"damage_healed":0,"gold_gain":0,"player_choice":"Fight","damage_taken":0,"max_hp_gain":0,"max_hp_loss":0,"event_name":"Mysterious Sphere","floor":48,"gold_loss":0}],"is_beta":true,"boss_relics":[{"not_picked":["Calling Bell","Black Star"],"picked":"Runic Pyramid"},{"not_picked":["Tiny House","Lizard Tail"],"picked":"Cursed Key"}],"items_purged_floors":[4,19],"is_endless":false,"potions_floor_spawned":[8,11,13,16,18,27,35,36,39],"ascension_level":0}