{"gold_per_floor":[110,110,35,35,35,73,85,97,109,156,168,195,207,235,247,348,360,397,409],"floor_reached":19,"playtime":399,"items_purged":[],"score":446,"play_id":"58ca2d02-53d5-47f8-933b-bb0c23cd5ed4","local_time":"20190318005417","is_ascension_mode":true,"campfire_choices":[{"data":"Spot Weakness","floor":7,"key":"SMITH"},{"data":"Bash","floor":11,"key":"SMITH"},{"data":"Sword Boomerang","floor":13,"key":"SMITH"},{"data":"Clothesline","floor":15,"key":"SMITH"}],"neow_cost":"NONE","seed_source_timestamp":173039604148200,"circlet_count":0,"master_deck":["AscendersBane","Strike_R+1","Strike_R","Defend_R+1","Defend_R","Defend_R","Defend_R","Bash+1","Twin Strike","Spot Weakness+1","Reckless Charge","Sword Boomerang+1","Clothesline+1","Demon Form","Warcry+1"],"relics":["Burning Blood","NeowsBlessing","Golden Idol","MawBank","Blue Candle","Art of War","Empty Cage"],"potions_floor_usage":[16],"damage_taken":[{"damage":0,"enemies":"2 Louse","floor":1,"turns":1},{"damage":0,"enemies":"Gremlin Nob","floor":6,"turns":1},{"damage":0,"enemies":"3 Sentries","floor":10,"turns":1},{"damage":7,"enemies":"Jaw Worm","floor":12,"turns":3},{"damage":0,"enemies":"Small Slimes","floor":14,"turns":3},{"damage":29,"enemies":"The Guardian","floor":16,"turns":9},{"damage":19,"enemies":"Spheric Guardian","floor":18,"turns":4},{"damage":49,"enemies":"3 Byrds","floor":19,"turns":5}],"seed_played":"-8995461298865437833","potions_obtained":[{"floor":10,"key":"Poison Potion"},{"floor":16,"key":"SteroidPotion"}],"is_trial":false,"path_per_floor":["M","?","?","?","$","E","R","$","T","E","R","M","R","M","R","B",null,"M","M"],"character_chosen":"IRONCLAD","items_purchased":[],"campfire_rested":0,"item_purchase_floors":[],"current_hp_per_floor":[74,51,51,25,25,31,31,31,31,37,37,36,36,42,42,19,61,48,0],"gold":409,"neow_bonus":"THREE_ENEMY_KILL","is_prod":false,"is_daily":false,"chose_seed":false,"campfire_upgraded":4,"win_rate":0,"timestamp":1552884857,"path_taken":["M","?","?","?","$","E","R","?","T","E","R","M","R","M","R","BOSS","M","M"],"build_version":"2019-03-15","purchased_purges":0,"victory":false,"max_hp_per_floor":[75,75,75,75,75,75,75,75,75,75,75,75,75,75,75,75,75,75,75],"card_choices":[{"not_picked":["Corruption","Carnage"],"picked":"Twin Strike","floor":1},{"not_picked":["Clash","Whirlwind"],"picked":"Spot Weakness","floor":6},{"not_picked":["Rampage","Entrench"],"picked":"Reckless Charge","floor":10},{"not_picked":["Clothesline","True Grit"],"picked":"Sword Boomerang","floor":12},{"not_picked":["Warcry","True Grit"],"picked":"Clothesline","floor":14},{"not_picked":["Double Tap","Bludgeon"],"picked":"Demon Form","floor":16},{"not_picked":["Sentinel","Twin Strike"],"picked":"Warcry+1","floor":18}],"player_experience":667574,"relics_obtained":[{"floor":6,"key":"MawBank"},{"floor":9,"key":"Blue Candle"},{"floor":10,"key":"Art of War"}],"event_choices":[{"damage_healed":0,"gold_gain":0,"player_choice":"Entered Light","damage_taken":23,"max_hp_gain":0,"max_hp_loss":0,"event_name":"Shining Light","floor":2,"gold_loss":0,"cards_upgraded":["Strike_R","Defend_R"]},{"cards_removed":["Strike_R"],"damage_healed":0,"gold_gain":0,"player_choice":"Card Removal","damage_taken":0,"max_hp_gain":0,"max_hp_loss":0,"event_name":"The Cleric","floor":3,"gold_loss":75},{"damage_healed":0,"gold_gain":0,"player_choice":"Take Damage","damage_taken":26,"relics_obtained":["Golden Idol"],"max_hp_gain":0,"max_hp_loss":0,"event_name":"Golden Idol","floor":4,"gold_loss":0}],"is_beta":true,"boss_relics":[{"not_picked":["Pandora\u0027s Box","Philosopher\u0027s Stone"],"picked":"Empty Cage"}],"items_purged_floors":[],"is_endless":false,"potions_floor_spawned":[10,16],"killed_by":"3 Byrds","ascension_level":20}