{"gold_per_floor":[111,121,139,157,232,232,263,263,309,336,355,355,367,402,402,477,477,477,477,417,417,417,417,417,417,417,31,31,31,31,31,31,31,31,31,31,31,31,31,31,31,31,31,31,31,31,31,31,31,31],"floor_reached":51,"playtime":2909,"items_purged":[],"score":1226,"play_id":"51a0698b-48aa-4f20-b499-1fecbbeb5433","local_time":"20180731013945","is_ascension_mode":true,"campfire_choices":[{"data":"Armaments","floor":6.0,"key":"SMITH"},{"data":"Bludgeon","floor":8.0,"key":"SMITH"},{"data":"Demon Form","floor":15.0,"key":"SMITH"},{"data":"Flame Barrier","floor":24.0,"key":"SMITH"},{"data":"True Grit","floor":28.0,"key":"SMITH"},{"data":"Offering","floor":30.0,"key":"SMITH"},{"floor":32.0,"key":"REST"},{"data":"Pommel Strike","floor":40.0,"key":"SMITH"},{"data":"Battle Trance","floor":44.0,"key":"SMITH"},{"data":"Whirlwind","floor":46.0,"key":"SMITH"},{"data":"Shrug It Off","floor":49.0,"key":"SMITH"}],"neow_cost":"NONE","seed_source_timestamp":114671135212422,"circlet_count":0,"master_deck":["Defend_R","Defend_R","Defend_R","Defend_R","Bash+1","AscendersBane","Pummel+1","Armaments+1","Flame Barrier+1","Bludgeon+1","Battle Trance+1","Shrug It Off+1","Demon Form+1","Offering+1","Twin Strike","Bite","Bite","Bite","Bite","Bite","Pommel Strike+1","Flash of Steel","True Grit+1","Reaper","Pommel Strike+1","Thunderclap","Whirlwind+1"],"special_seed":0,"relics":["Burning Blood","Blue Candle","Pen Nib","Regal Pillow","Self Forming Clay","Darkstone Periapt","Ectoplasm","Calipers","Bottled Tornado","Tiny House","Champion Belt","Nunchaku","Singing Bowl","Letter Opener"],"potions_floor_usage":[50,50],"damage_taken":[{"damage":1.0,"enemies":"Cultist","floor":1.0,"turns":4.0},{"damage":2.0,"enemies":"Jaw Worm","floor":2.0,"turns":5.0},{"damage":3.0,"enemies":"2 Louse","floor":3.0,"turns":4.0},{"damage":10.0,"enemies":"Gremlin Gang","floor":4.0,"turns":6.0},{"damage":14.0,"enemies":"3 Sentries","floor":7.0,"turns":10.0},{"damage":16.0,"enemies":"Gremlin Nob","floor":10.0,"turns":3.0},{"damage":0.0,"enemies":"Blue Slaver","floor":11.0,"turns":3.0},{"damage":0.0,"enemies":"3 Louse","floor":13.0,"turns":5.0},{"damage":11.0,"enemies":"3 Sentries","floor":14.0,"turns":7.0},{"damage":15.0,"enemies":"The Guardian","floor":16.0,"turns":10.0},{"damage":2.0,"enemies":"Chosen","floor":18.0,"turns":2.0},{"damage":14.0,"enemies":"2 Thieves","floor":20.0,"turns":4.0},{"damage":11.0,"enemies":"Centurion and Healer","floor":23.0,"turns":8.0},{"damage":24.0,"enemies":"Snake Plant","floor":29.0,"turns":4.0},{"damage":18.0,"enemies":"Snecko","floor":31.0,"turns":3.0},{"damage":42.0,"enemies":"Champ","floor":33.0,"turns":8.0},{"damage":8.0,"enemies":"Orb Walker","floor":35.0,"turns":4.0},{"damage":0.0,"floor":36.0,"turns":4.0},{"damage":43.0,"floor":37.0,"turns":5.0},{"damage":38.0,"enemies":"3 Darklings","floor":39.0,"turns":5.0},{"damage":11.0,"enemies":"Spire Growth","floor":41.0,"turns":4.0},{"damage":48.0,"enemies":"2 Orb Walkers","floor":42.0,"turns":5.0},{"damage":32.0,"enemies":"Maw","floor":45.0,"turns":9.0},{"damage":26.0,"enemies":"3 Darklings","floor":48.0,"turns":4.0},{"damage":66,"enemies":"Donu and Deca","floor":50,"turns":8}],"seed_played":"7265057305852350955","potions_obtained":[{"floor":2.0,"key":"Strength Potion"},{"floor":3.0,"key":"Fire Potion"},{"floor":13.0,"key":"LiquidBronze"},{"floor":14.0,"key":"GamblersBrew"},{"floor":34.0,"key":"Regen Potion"},{"floor":35.0,"key":"PowerPotion"},{"floor":38.0,"key":"SteroidPotion"},{"floor":41.0,"key":"Dexterity Potion"}],"is_trial":false,"path_per_floor":["M","M","M","M","?","R","E","R","T","E","M","T","M","E","R","B",null,"M","?","M","?","?","M","R","$","T","$","R","M","R","M","R","B",null,"M","?","?","?","M","R","M","E","T","R","M","R","$","M","R","B"],"character_chosen":"IRONCLAD","items_purchased":["Bottled Tornado","Flash of Steel","True Grit"],"campfire_rested":1,"item_purchase_floors":[27,27,27],"current_hp_per_floor":[73,75,75,71,60,60,52,52,52,42,48,48,54,49,49,40,66,70,52,44,44,44,52,52,52,52,52,52,39,39,33,52,33,52,57,57,57,57,57,57,57,38,38,38,50,50,50,61,61,36],"gold":31,"neow_bonus":"UPGRADE_CARD","is_prod":false,"is_daily":false,"chose_seed":false,"campfire_upgraded":10,"win_rate":0,"timestamp":1533015585,"path_taken":["M","M","M","?","?","R","E","R","T","E","M","?","M","E","R","BOSS","M","?","M","?","?","M","R","$","T","$","R","M","R","M","R","BOSS","M","?","?","?","M","R","M","E","T","R","M","R","$","M","R","BOSS"],"build_version":"2018-07-26","purchased_purges":0,"victory":true,"max_hp_per_floor":[75,75,75,75,75,75,75,75,75,75,75,75,75,75,75,75,75,75,52,52,52,52,52,52,52,52,52,52,52,52,52,52,52,57,57,57,57,57,57,57,57,59,59,59,59,59,59,61,61,61],"card_choices":[{"not_picked":["Warcry","Flex","Havoc"],"picked":"SKIP","floor":1.0},{"not_picked":["Perfected Strike","Thunderclap"],"picked":"Pummel","floor":2.0},{"not_picked":["Wild Strike","Cleave"],"picked":"Armaments","floor":3.0},{"not_picked":["Wild Strike","Iron Wave"],"picked":"Flame Barrier","floor":4.0},{"not_picked":["Iron Wave","Combust"],"picked":"Bludgeon","floor":7.0},{"not_picked":["Warcry","Ghostly Armor"],"picked":"Battle Trance","floor":10.0},{"not_picked":["Flex","Iron Wave","Searing Blow"],"picked":"SKIP","floor":11.0},{"not_picked":["Iron Wave","Armaments"],"picked":"Shrug It Off","floor":13.0},{"not_picked":["Sword Boomerang","Searing Blow"],"picked":"Demon Form","floor":14.0},{"not_picked":["Fiend Fire","Dark Embrace"],"picked":"Offering","floor":16.0},{"not_picked":["Clash","Heavy Blade"],"picked":"Twin Strike","floor":18.0},{"not_picked":["Rage","Warcry","Body Slam"],"picked":"SKIP","floor":20.0},{"not_picked":["Infernal Blade","Bludgeon"],"picked":"Pommel Strike+1","floor":23.0},{"not_picked":["Heavy Blade","Iron Wave+1","Anger"],"picked":"SKIP","floor":29.0},{"not_picked":["Sentinel","Headbutt","Twin Strike+1"],"picked":"SKIP","floor":31.0},{"not_picked":["Exhume","Offering"],"picked":"Reaper","floor":33.0},{"not_picked":["Anger","Heavy Blade"],"picked":"Pommel Strike","floor":34.0},{"not_picked":["Iron Wave+1","Sword Boomerang","Bloodletting"],"picked":"SKIP","floor":35.0},{"not_picked":["Searing Blow+1","Inflame+1"],"picked":"Thunderclap","floor":39.0},{"not_picked":["Headbutt+1","Cleave","Sever Soul"],"picked":"SKIP","floor":41.0},{"not_picked":["Iron Wave","Rupture","Clothesline"],"picked":"Singing Bowl","floor":42.0},{"not_picked":["Burning Pact","Second Wind"],"picked":"Whirlwind","floor":45.0},{"not_picked":["Immolate","Headbutt+1","Fire Breathing"],"picked":"Singing Bowl","floor":48.0}],"player_experience":397001,"relics_obtained":[{"floor":7.0,"key":"Blue Candle"},{"floor":9.0,"key":"Pen Nib"},{"floor":10.0,"key":"Regal Pillow"},{"floor":12.0,"key":"Self Forming Clay"},{"floor":14.0,"key":"Darkstone Periapt"},{"floor":26.0,"key":"Calipers"},{"floor":36.0,"key":"Champion Belt"},{"floor":37.0,"key":"Nunchaku"},{"floor":42.0,"key":"Singing Bowl"},{"floor":43.0,"key":"Letter Opener"}],"event_choices":[{"event_name":"World of Goop","player_choice":"Gather Gold","floor":5.0,"damage_taken":0.0},{"event_name":"Vampires","player_choice":"Became a vampire","floor":19.0,"damage_taken":0.0},{"event_name":"The Mausoleum","player_choice":"No","floor":21.0,"damage_taken":0.0},{"event_name":"Nest","player_choice":"Stole From Cult","floor":22.0,"damage_taken":0.0},{"event_name":"MindBloom","player_choice":"Fight","floor":36.0,"damage_taken":0.0},{"event_name":"Mysterious Sphere","player_choice":"Fight","floor":37.0,"damage_taken":0.0},{"event_name":"The Lab","player_choice":"Got Potions","floor":38.0,"damage_taken":0.0}],"is_beta":false,"boss_relics":[{"not_picked":["Mark of Pain","Runic Cube"],"picked":"Ectoplasm"},{"not_picked":["Runic Pyramid","Calling Bell"],"picked":"Tiny House"}],"items_purged_floors":[],"is_endless":false,"potions_floor_spawned":[2,3,13,14,29,31,33,35,39,41,42],"ascension_level":15}