{"path_per_floor":["M","?","$","?","M","M","R","M","T","R","M","M","M","M","R"],"character_chosen":"THE_SILENT","items_purchased":[],"gold_per_floor":[118,118,43,43,53,65,65,82,82,82,99,109,119,129,129],"floor_reached":16,"campfire_rested":0,"playtime":1241,"current_hp_per_floor":[70,70,70,56,56,55,55,54,54,54,54,54,54,54,54],"items_purged":["Strike_G"],"gold":129,"play_id":"9cc6e429-038a-453e-892b-3f471cc98198","is_prod":false,"is_daily":false,"is_ascension_mode":true,"campfire_upgraded":3,"path_taken":["M","?","$","?","?","M","R","M","T","R","M","M","M","M","R","BOSS"],"build_version":"2018-01-25-PROD2","purchased_purges":1,"victory":false,"master_deck":["Defend_G","Defend_G+1","Defend_G","Defend_G","Defend_G","Strike_G","Strike_G","Strike_G","Survivor+1","Neutralize+1","Acrobatics","Dagger Spray","Finisher+1","Escape Plan","Dodge and Roll","Bullet Time+1","Dagger Spray","Slice","Backflip"],"max_hp_per_floor":[70,70,70,70,70,70,70,70,70,70,70,70,70,70,70],"relics":["Ring of the Snake","Gambling Chip"],"card_choices":[{"not_picked":["Sucker Punch","Dagger Spray"],"picked":"Acrobatics"},{"not_picked":["Dash","Dagger Throw"],"picked":"Finisher"},{"not_picked":["Crippling Poison","Eviscerate"],"picked":"Escape Plan"},{"not_picked":["Bouncing Flask","Eviscerate"],"picked":"Dodge and Roll"},{"not_picked":["Deadly Poison","Noxious Fumes"],"picked":"Bullet Time"},{"not_picked":["Crippling Poison","Dodge and Roll"],"picked":"Dagger Spray"},{"not_picked":["Underhanded Strike","Dagger Throw"],"picked":"Slice"},{"not_picked":["Bane","Poisoned Stab"],"picked":"Backflip"}],"player_experience":58794,"potions_floor_usage":[12,16,16,16],"damage_taken":[{"damage":0,"enemies":"2 Louse","floor":1,"turns":4},{"damage":0,"enemies":"Small Slimes","floor":5,"turns":3},{"damage":1,"enemies":"Blue Slaver","floor":6,"turns":4},{"damage":1,"enemies":"3 Louse","floor":8,"turns":3},{"damage":0,"enemies":"Large Slime","floor":11,"turns":6},{"damage":0,"enemies":"Red Slaver","floor":12,"turns":3},{"damage":0,"enemies":"Looter","floor":13,"turns":4},{"damage":0,"enemies":"2 Fungi Beasts","floor":14,"turns":2},{"damage":59,"enemies":"Hexaghost","floor":16,"turns":15}],"event_choices":[{"event_name":"Living Wall","player_choice":"Change","floor":2,"damage_taken":0},{"event_name":"Shining Light","player_choice":"Entered Light","floor":4,"damage_taken":0}],"boss_relics":[],"potions_floor_spawned":[5,6,12,13],"seed_played":"-1809413507716873575","killed_by":"Hexaghost","ascension_level":3,"is_trial":false}