{"gold_per_floor":[209,226,226,245,258,258,289,289,314,314,327,342,342,377,377,377],"floor_reached":16,"playtime":555,"items_purged":[],"score":224,"play_id":"dc8f6270-cb40-488e-ad9a-fa93626af545","local_time":"20190111233424","is_ascension_mode":true,"campfire_choices":[{"data":"Neutralize","floor":6,"key":"SMITH"},{"floor":8,"key":"REST"},{"data":"Dagger Spray","floor":10,"key":"SMITH"},{"data":"Backstab","floor":15,"key":"SMITH"}],"neow_cost":"NONE","seed_source_timestamp":107134323709245,"circlet_count":0,"master_deck":["AscendersBane","Defend_G","Defend_G","Defend_G","Defend_G","Defend_G","Strike_G","Strike_G","Strike_G","Strike_G","Strike_G","Survivor","Neutralize+1","Dagger Spray+1","Backstab+1","Bane","Dash","Poisoned Stab","Poisoned Stab","All Out Attack","Leg Sweep","Backflip"],"relics":["Ring of the Snake","Happy Flower","Dream Catcher","Lantern"],"potions_floor_usage":[7,14,16],"damage_taken":[{"damage":4,"enemies":"Jaw Worm","floor":1,"turns":7},{"damage":1,"enemies":"Cultist","floor":2,"turns":4},{"damage":2,"enemies":"Small Slimes","floor":4,"turns":4},{"damage":3,"enemies":"Exordium Wildlife","floor":5,"turns":3},{"damage":29,"enemies":"3 Sentries","floor":7,"turns":9},{"damage":0,"enemies":"Looter","floor":11,"turns":2},{"damage":7,"enemies":"Gremlin Gang","floor":12,"turns":3},{"damage":5,"enemies":"Lagavulin","floor":14,"turns":5},{"damage":20,"enemies":"Slime Boss","floor":16,"turns":9}],"seed_played":"-194903420915186905","potions_obtained":[{"floor":5,"key":"AttackPotion"},{"floor":7,"key":"Ancient Potion"},{"floor":12,"key":"Swift Potion"}],"is_trial":false,"path_per_floor":["M","M","?","M","M","R","E","R","T","R","M","M","?","E","R","B"],"character_chosen":"THE_SILENT","items_purchased":[],"campfire_rested":1,"item_purchase_floors":[],"current_hp_per_floor":[55,54,54,52,49,49,20,39,39,39,39,32,32,27,27,7],"gold":377,"neow_bonus":"HUNDRED_GOLD","is_prod":false,"is_daily":false,"chose_seed":false,"campfire_upgraded":3,"win_rate":0,"timestamp":1547217264,"path_taken":["M","M","?","M","M","R","E","R","T","R","?","M","?","E","R","BOSS"],"build_version":"2019-01-10","purchased_purges":0,"victory":false,"max_hp_per_floor":[66,66,66,66,66,66,66,66,66,66,66,66,66,66,66,66],"card_choices":[{"not_picked":["Underhanded Strike","Concentrate"],"picked":"Dagger Spray","floor":1},{"not_picked":["Backflip","Blade Dance"],"picked":"Backstab","floor":2},{"not_picked":["Deadly Poison","Eviscerate"],"picked":"Dash","floor":4},{"not_picked":["Finisher","Slice"],"picked":"Poisoned Stab","floor":5},{"not_picked":["Riddle With Holes","Dagger Spray"],"picked":"Poisoned Stab","floor":7},{"not_picked":["Prepared","Storm of Steel"],"picked":"All Out Attack","floor":11},{"not_picked":["Slice","Quick Slash"],"picked":"Leg Sweep","floor":12},{"not_picked":["Leg Sweep","Night Terror"],"picked":"Backflip","floor":14}],"player_experience":4049732,"relics_obtained":[{"floor":7,"key":"Happy Flower"},{"floor":9,"key":"Dream Catcher"},{"floor":14,"key":"Lantern"}],"event_choices":[{"damage_healed":0,"gold_gain":0,"player_choice":"1 cards matched","damage_taken":0,"max_hp_gain":0,"max_hp_loss":0,"event_name":"Match and Keep!","floor":3,"gold_loss":0,"cards_obtained":["Bane"]},{"damage_healed":0,"gold_gain":0,"player_choice":"Ignored","damage_taken":0,"max_hp_gain":0,"max_hp_loss":0,"event_name":"Liars Game","floor":13,"gold_loss":0}],"is_beta":false,"boss_relics":[],"items_purged_floors":[],"is_endless":false,"potions_floor_spawned":[5,7,12],"killed_by":"Slime Boss","ascension_level":20}