{"gold_per_floor":[113,124,143,143,143,173,173,207,207,207,223,223,223,233,233,233],"floor_reached":16,"playtime":390,"items_purged":[],"score":220,"play_id":"68662dcb-418c-42df-ae73-4a59d5b5e400","local_time":"20190118002011","is_ascension_mode":true,"campfire_choices":[{"data":"Riddle With Holes","floor":10,"key":"SMITH"},{"data":"Dagger Spray","floor":12,"key":"SMITH"},{"data":"Blade Dance","floor":15,"key":"SMITH"}],"neow_cost":"NONE","seed_source_timestamp":628450562009386,"circlet_count":0,"master_deck":["AscendersBane","Defend_G","Defend_G","Defend_G","Defend_G","Defend_G","Strike_G","Strike_G","Strike_G","Strike_G","Survivor","Neutralize","Backstab","Flying Knee","Backflip","Riddle With Holes+1","Outmaneuver","Dagger Spray+1","Blade Dance+1"],"relics":["Ring of the Snake","Vajra","Blue Candle","Blood Vial","Anchor"],"potions_floor_usage":[8,16],"damage_taken":[{"damage":1,"enemies":"2 Louse","floor":1,"turns":4},{"damage":0,"enemies":"Small Slimes","floor":2,"turns":2},{"damage":0,"enemies":"Cultist","floor":3,"turns":3},{"damage":27,"enemies":"3 Sentries","floor":6,"turns":12},{"damage":6,"enemies":"Gremlin Nob","floor":8,"turns":3},{"damage":1,"enemies":"2 Fungi Beasts","floor":11,"turns":3},{"damage":0,"enemies":"Gremlin Gang","floor":14,"turns":2},{"damage":36,"enemies":"Slime Boss","floor":16,"turns":10}],"seed_played":"1887064343562102735","potions_obtained":[{"floor":1,"key":"SkillPotion"},{"floor":6,"key":"SteroidPotion"},{"floor":8,"key":"Swift Potion"},{"floor":14,"key":"Ancient Potion"}],"is_trial":false,"path_per_floor":["M","M","M","?","?","E","?","E","T","R","M","R","?","M","R","B"],"character_chosen":"THE_SILENT","items_purchased":[],"campfire_rested":0,"item_purchase_floors":[],"current_hp_per_floor":[64,64,64,64,64,37,37,31,31,31,32,32,32,34,34,0],"gold":233,"neow_bonus":"TEN_PERCENT_HP_BONUS","is_prod":false,"is_daily":false,"chose_seed":false,"campfire_upgraded":3,"win_rate":0,"timestamp":1547738411,"path_taken":["M","M","M","?","?","E","?","E","T","R","?","R","?","M","R","BOSS"],"build_version":"2019-01-10","purchased_purges":0,"victory":false,"max_hp_per_floor":[72,72,72,72,72,72,72,72,72,72,72,72,72,72,72,72],"card_choices":[{"not_picked":["Bane","Flying Knee"],"picked":"Backstab","floor":1},{"not_picked":["Footwork","Acrobatics"],"picked":"Flying Knee","floor":2},{"not_picked":["Flying Knee","Caltrops"],"picked":"Backflip","floor":3},{"not_picked":["Wraith Form v2","Outmaneuver"],"picked":"Riddle With Holes","floor":6},{"not_picked":["Leg Sweep","Distraction"],"picked":"Outmaneuver","floor":8},{"not_picked":["Predator","Poisoned Stab"],"picked":"Dagger Spray","floor":11},{"not_picked":["Poisoned Stab","Quick Slash"],"picked":"Blade Dance","floor":14}],"player_experience":4116073,"relics_obtained":[{"floor":6,"key":"Vajra"},{"floor":8,"key":"Blue Candle"},{"floor":9,"key":"Blood Vial"}],"event_choices":[{"damage_healed":0,"gold_gain":0,"player_choice":"Ignored","damage_taken":0,"max_hp_gain":0,"max_hp_loss":0,"event_name":"Golden Idol","floor":4,"gold_loss":0},{"damage_healed":0,"gold_gain":0,"player_choice":"Ignored","damage_taken":0,"max_hp_gain":0,"max_hp_loss":0,"event_name":"Liars Game","floor":5,"gold_loss":0},{"cards_removed":["Strike_G"],"damage_healed":0,"gold_gain":0,"player_choice":"Purged","damage_taken":0,"max_hp_gain":0,"max_hp_loss":0,"event_name":"Purifier","floor":7,"gold_loss":0},{"damage_healed":0,"gold_gain":0,"player_choice":"Gave Potion","damage_taken":0,"relics_obtained":["Anchor"],"max_hp_gain":0,"max_hp_loss":0,"event_name":"WeMeetAgain","floor":13,"gold_loss":0}],"is_beta":false,"boss_relics":[],"items_purged_floors":[],"is_endless":false,"potions_floor_spawned":[1,6,8,14],"killed_by":"Slime Boss","ascension_level":20}