{"gold_per_floor":[118,134,149,159,59,59,75,75,75,94,112,112,147,72,72,72],"floor_reached":16,"playtime":612,"items_purged":["Strike_R"],"score":208,"play_id":"58b60564-6c84-44ca-a938-ba4ff8f4ca5f","local_time":"20190320002417","is_ascension_mode":true,"campfire_choices":[{"data":"Armaments","floor":6,"key":"SMITH"},{"data":"Uppercut","floor":8,"key":"SMITH"},{"data":"Inflame","floor":12,"key":"SMITH"},{"data":"Cleave","floor":15,"key":"SMITH"}],"neow_cost":"PERCENT_DAMAGE","seed_source_timestamp":285352572619021,"circlet_count":0,"master_deck":["AscendersBane","Strike_R","Strike_R","Strike_R","Defend_R","Defend_R","Defend_R","Bash","Anger","Uppercut+1","Feel No Pain","Corruption","Armaments+1","Flame Barrier","Cleave+1","Inflame+1"],"special_seed":0,"relics":["Burning Blood","Nunchaku","Bottled Flame"],"potions_floor_usage":[10],"damage_taken":[{"damage":7,"enemies":"Cultist","floor":1,"turns":4},{"damage":7,"enemies":"Small Slimes","floor":2,"turns":4},{"damage":3,"enemies":"2 Louse","floor":3,"turns":3},{"damage":27,"enemies":"Gremlin Gang","floor":4,"turns":5},{"damage":10,"enemies":"Red Slaver","floor":7,"turns":4},{"damage":0,"enemies":"Lots of Slimes","floor":10,"turns":3},{"damage":6,"enemies":"Looter","floor":11,"turns":3},{"damage":17,"enemies":"3 Sentries","floor":13,"turns":7},{"damage":32,"enemies":"The Guardian","floor":16,"turns":9}],"seed_played":"5837013000647223449","potions_obtained":[{"floor":2,"key":"FairyPotion"},{"floor":4,"key":"AttackPotion"},{"floor":10,"key":"SpeedPotion"}],"is_trial":false,"path_per_floor":["M","M","M","M","$","R","M","R","T","M","M","R","E","$","R","B"],"character_chosen":"IRONCLAD","items_purchased":["Corruption","Armaments"],"campfire_rested":0,"item_purchase_floors":[5,5],"current_hp_per_floor":[49,48,51,30,30,30,26,26,26,32,32,32,21,21,21,0],"gold":72,"neow_bonus":"REMOVE_TWO","is_prod":false,"is_daily":false,"chose_seed":false,"campfire_upgraded":4,"win_rate":0,"timestamp":1553055857,"path_taken":["M","?","M","M","$","R","M","R","T","M","M","R","E","$","R","BOSS"],"build_version":"2019-03-15","purchased_purges":1,"victory":false,"max_hp_per_floor":[75,75,75,75,75,75,75,75,75,75,75,75,75,75,75,75],"card_choices":[{"not_picked":["Shrug It Off","Clothesline"],"picked":"Anger","floor":1},{"not_picked":["Headbutt","Exhume","Heavy Blade"],"picked":"SKIP","floor":2},{"not_picked":["Havoc","Sever Soul"],"picked":"Uppercut","floor":3},{"not_picked":["Cleave","Searing Blow"],"picked":"Feel No Pain","floor":4},{"not_picked":["Cleave","Havoc"],"picked":"Flame Barrier","floor":7},{"not_picked":["Pommel Strike","Rampage"],"picked":"Cleave","floor":10},{"not_picked":["Armaments","True Grit"],"picked":"Inflame","floor":11},{"not_picked":["Cleave","Wild Strike","Fiend Fire"],"picked":"SKIP","floor":13}],"player_experience":917124,"relics_obtained":[{"floor":9,"key":"Nunchaku"},{"floor":13,"key":"Bottled Flame"}],"event_choices":[],"is_beta":true,"boss_relics":[],"items_purged_floors":[14],"is_endless":false,"potions_floor_spawned":[2,4,10,13],"killed_by":"The Guardian","ascension_level":20}