{"gold_per_floor":[118,130,130,130,50,83,83,100,100,50,77,87,112,125,125,225,225,243,243,258,278,156,156,156],"floor_reached":24,"playtime":1197,"items_purged":[],"score":270,"play_id":"85f5a29a-4185-4bd6-9f54-8b75c566d7fe","local_time":"20190307191447","is_ascension_mode":true,"campfire_choices":[{"data":"Sunder","floor":7,"key":"SMITH"},{"data":"Hologram","floor":15,"key":"SMITH"},{"data":"Conserve Battery","floor":23,"key":"SMITH"}],"neow_cost":"NONE","seed_source_timestamp":1564629477294566,"circlet_count":0,"master_deck":["Strike_B+1","Strike_B+1","Strike_B+1","Defend_B+1","Defend_B+1","Defend_B+1","Defend_B+1","Zap","Dualcast","Go for the Eyes","Conserve Battery+1","Sunder+1","Coolheaded","Chaos","Stack","Hologram+1","Electrodynamics","Capacitor","Go for the Eyes","Consume","Conserve Battery"],"relics":["Cracked Core","Letter Opener","Blood Vial","Dream Catcher","Bag of Marbles","Philosopher\u0027s Stone"],"potions_floor_usage":[11,16,16,21],"damage_taken":[{"damage":0,"enemies":"2 Louse","floor":1,"turns":2},{"damage":0,"enemies":"Small Slimes","floor":2,"turns":2},{"damage":29,"enemies":"Gremlin Nob","floor":6,"turns":4},{"damage":0,"enemies":"Cultist","floor":8,"turns":2},{"damage":9,"enemies":"3 Sentries","floor":11,"turns":7},{"damage":0,"enemies":"Exordium Wildlife","floor":12,"turns":3},{"damage":17,"enemies":"Gremlin Nob","floor":13,"turns":4},{"damage":7,"enemies":"Blue Slaver","floor":14,"turns":3},{"damage":18,"enemies":"Hexaghost","floor":16,"turns":9},{"damage":0,"enemies":"3 Byrds","floor":18,"turns":3},{"damage":18,"enemies":"Chosen","floor":20,"turns":6},{"damage":26,"enemies":"Shelled Parasite and Fungi","floor":21,"turns":8},{"damage":34,"enemies":"Slavers","floor":24,"turns":3}],"seed_played":"2207714156814109718","potions_obtained":[{"floor":8,"key":"Fire Potion"},{"floor":11,"key":"SteroidPotion"},{"floor":14,"key":"Dexterity Potion"},{"floor":18,"key":"Swift Potion"}],"is_trial":false,"path_per_floor":["M","M","?","?","$","E","R","M","T","?","E","M","E","M","R","B",null,"M","?","M","M","$","R","E"],"character_chosen":"DEFECT","items_purchased":["Sunder","Consume","Conserve Battery"],"campfire_rested":0,"item_purchase_floors":[5,22,22],"current_hp_per_floor":[82,82,87,87,87,58,58,58,58,58,51,53,38,33,33,17,70,72,72,56,32,32,32,0],"gold":156,"neow_bonus":"TEN_PERCENT_HP_BONUS","is_prod":false,"is_daily":false,"chose_seed":false,"campfire_upgraded":3,"win_rate":0,"timestamp":1552004087,"path_taken":["M","M","?","?","$","E","R","?","T","?","E","M","E","M","R","BOSS","M","?","M","M","$","R","E"],"build_version":"2019-01-23","purchased_purges":0,"victory":false,"max_hp_per_floor":[82,82,87,87,87,87,87,87,87,87,87,87,87,87,87,87,87,87,87,87,87,87,87,87],"card_choices":[{"not_picked":["Sweeping Beam","Recycle"],"picked":"Go for the Eyes","floor":1},{"not_picked":["FTL","Compile Driver"],"picked":"Conserve Battery","floor":2},{"not_picked":["Force Field","Sweeping Beam"],"picked":"Coolheaded","floor":6},{"not_picked":["Compile Driver","Heatsinks","Rebound"],"picked":"SKIP","floor":8},{"not_picked":["Reprogram","Barrage"],"picked":"Chaos","floor":11},{"not_picked":["Steam Power","Doom and Gloom"],"picked":"Stack","floor":12},{"not_picked":["Steam Power","Stack"],"picked":"Hologram","floor":13},{"not_picked":["Recycle","Chaos","Gash"],"picked":"SKIP","floor":14},{"not_picked":["Meteor Strike","Core Surge"],"picked":"Electrodynamics","floor":16},{"not_picked":["Go for the Eyes","Cold Snap"],"picked":"Capacitor","floor":18},{"not_picked":["Melter","Turbo","Streamline"],"picked":"SKIP","floor":20},{"not_picked":["Streamline","Thunder Strike"],"picked":"Go for the Eyes","floor":21}],"player_experience":259767,"relics_obtained":[{"floor":6,"key":"Letter Opener"},{"floor":9,"key":"Blood Vial"},{"floor":11,"key":"Dream Catcher"},{"floor":13,"key":"Bag of Marbles"}],"event_choices":[{"damage_healed":0,"gold_gain":0,"player_choice":"Donut","damage_taken":0,"max_hp_gain":5,"max_hp_loss":0,"event_name":"Big Fish","floor":3,"gold_loss":0},{"damage_healed":0,"gold_gain":0,"player_choice":"0 cards matched","damage_taken":0,"max_hp_gain":0,"max_hp_loss":0,"event_name":"Match and Keep!","floor":4,"gold_loss":0,"cards_obtained":[]},{"cards_removed":["Strike_B"],"damage_healed":0,"gold_gain":0,"player_choice":"Card Removal","damage_taken":0,"max_hp_gain":0,"max_hp_loss":0,"event_name":"The Cleric","floor":10,"gold_loss":50},{"damage_healed":0,"gold_gain":0,"player_choice":"Simplicity","damage_taken":0,"max_hp_gain":0,"max_hp_loss":0,"event_name":"Back to Basics","floor":19,"gold_loss":0,"cards_upgraded":["Strike_B","Strike_B","Strike_B","Defend_B","Defend_B","Defend_B","Defend_B"]}],"is_beta":false,"boss_relics":[{"not_picked":["Calling Bell","Snecko Eye"],"picked":"Philosopher\u0027s Stone"}],"items_purged_floors":[],"is_endless":false,"potions_floor_spawned":[8,11,14,18],"killed_by":"Slavers","ascension_level":5}