{"gold_per_floor":[110,110,127,144,155,155,155,190,190,190,214,232,259,26,26,98,98,116,116,116,62,74,74,74,106,132,132,160,160],"floor_reached":29,"playtime":1153,"items_purged":["Strike_R"],"score":538,"play_id":"5d72126c-a463-4c94-9489-ad9a54167f5f","local_time":"20190319235226","is_ascension_mode":true,"campfire_choices":[{"data":"Bloodletting","floor":6.0,"key":"SMITH"},{"floor":10.0,"key":"REST"},{"floor":15.0,"key":"REST"},{"data":"Demon Form","floor":23.0,"key":"SMITH"},{"floor":27,"key":"REST"}],"neow_cost":"NONE","seed_source_timestamp":282811648213001,"circlet_count":0,"master_deck":["AscendersBane","Strike_R","Strike_R","Strike_R","Defend_R","Defend_R","Defend_R+1","Defend_R","Bash","Demon Form+1","Carnage+1","Clothesline","Bloodletting+1","Battle Trance","Armaments","Shrug It Off","Trip","Feed","Ghostly Armor","Decay","Power Through","Spot Weakness"],"special_seed":0,"relics":["Burning Blood","Bird Faced Urn","Paper Frog","Odd Mushroom","Darkstone Periapt","Busted Crown","Red Skull","Smiling Mask","Omamori"],"potions_floor_usage":[25,25,29],"damage_taken":[{"damage":9.0,"enemies":"Jaw Worm","floor":1.0,"turns":5.0},{"damage":2.0,"enemies":"Cultist","floor":3.0,"turns":4.0},{"damage":6.0,"enemies":"2 Louse","floor":4.0,"turns":3.0},{"damage":12.0,"enemies":"Large Slime","floor":5.0,"turns":5.0},{"damage":33.0,"enemies":"Lagavulin","floor":8.0,"turns":7.0},{"damage":13.0,"enemies":"The Mushroom Lair","floor":11.0,"turns":4.0},{"damage":5.0,"enemies":"Exordium Wildlife","floor":12.0,"turns":4.0},{"damage":16.0,"enemies":"Gremlin Nob","floor":13.0,"turns":3.0},{"damage":32.0,"enemies":"Slime Boss","floor":16.0,"turns":8.0},{"damage":23.0,"enemies":"2 Thieves","floor":18.0,"turns":3.0},{"damage":28.0,"enemies":"3 Byrds","floor":22.0,"turns":9.0},{"damage":17,"enemies":"Slavers","floor":25,"turns":6},{"damage":43,"enemies":"Book of Stabbing","floor":28,"turns":6},{"damage":6,"enemies":"Sentry and Sphere","floor":29,"turns":5}],"seed_played":"-568727008715604843","potions_obtained":[{"floor":3.0,"key":"FearPotion"},{"floor":8.0,"key":"Swift Potion"},{"floor":13.0,"key":"AttackPotion"},{"floor":16.0,"key":"AttackPotion"},{"floor":18.0,"key":"GamblersBrew"},{"floor":22.0,"key":"Energy Potion"},{"floor":28,"key":"Block Potion"}],"is_trial":false,"path_per_floor":["M","?","M","M","M","R","?","E","T","R","?","M","E","$","R","B",null,"M","?","?","$","M","R","?","E","T","R","E","M"],"character_chosen":"IRONCLAD","items_purchased":["Shrug It Off","Trip","Explosive Potion"],"campfire_rested":3,"item_purchase_floors":[14,14,21],"current_hp_per_floor":[65,65,69,69,63,63,40,13,13,35,28,29,21,21,43,17,61,46,52,52,52,32,32,32,23,23,47,12,6],"gold":160,"neow_bonus":"ONE_RANDOM_RARE_CARD","is_prod":false,"is_daily":false,"chose_seed":false,"campfire_upgraded":2,"win_rate":0,"timestamp":1553053946,"path_taken":["M","?","?","M","M","R","?","E","T","R","?","M","E","?","R","BOSS","M","?","?","?","M","R","?","E","T","R","E","M"],"build_version":"2019-03-15","purchased_purges":1,"victory":false,"max_hp_per_floor":[75,75,75,75,75,75,75,75,75,75,75,75,75,75,75,75,75,75,81,81,81,81,81,81,81,81,81,81,81],"card_choices":[{"not_picked":["Heavy Blade","Rupture","Perfected Strike"],"picked":"SKIP","floor":1.0},{"not_picked":["Heavy Blade","Shrug It Off"],"picked":"Carnage","floor":3.0},{"not_picked":["Clash","Body Slam"],"picked":"Clothesline","floor":4.0},{"not_picked":["Metallicize","Dropkick"],"picked":"Bloodletting","floor":5.0},{"not_picked":["Carnage","Metallicize"],"picked":"Battle Trance","floor":8.0},{"not_picked":["Iron Wave","Cleave"],"picked":"Armaments","floor":11.0},{"not_picked":["Body Slam","Spot Weakness","Dual Wield"],"picked":"SKIP","floor":12.0},{"not_picked":["Dark Embrace","Intimidate","Rampage"],"picked":"SKIP","floor":13.0},{"not_picked":["Fiend Fire","Double Tap"],"picked":"Feed","floor":16.0},{"not_picked":[],"picked":"Ghostly Armor","floor":18.0},{"not_picked":["Heavy Blade"],"picked":"SKIP","floor":22.0},{"not_picked":["Clash"],"picked":"SKIP","floor":25},{"not_picked":["Spot Weakness"],"picked":"SKIP","floor":28},{"not_picked":[],"picked":"Spot Weakness","floor":28}],"player_experience":915004,"relics_obtained":[{"floor":8.0,"key":"Bird Faced Urn"},{"floor":9.0,"key":"Paper Frog"},{"floor":11.0,"key":"Odd Mushroom"},{"floor":13.0,"key":"Darkstone Periapt"},{"floor":25,"key":"Red Skull"},{"floor":26,"key":"Smiling Mask"},{"floor":28,"key":"Omamori"}],"event_choices":[{"cards_removed":["Strike_R"],"damage_healed":0.0,"max_hp_gain":0.0,"max_hp_loss":0.0,"gold_gain":0.0,"event_name":"Purifier","player_choice":"Purged","floor":2.0,"gold_loss":0.0,"damage_taken":0.0},{"damage_healed":0.0,"max_hp_gain":0.0,"max_hp_loss":0.0,"gold_gain":0.0,"event_name":"Shining Light","player_choice":"Entered Light","floor":7.0,"gold_loss":0.0,"damage_taken":23.0,"cards_upgraded":["Defend_R","Carnage"]},{"damage_healed":0.0,"max_hp_gain":0.0,"max_hp_loss":0.0,"gold_gain":0.0,"event_name":"Mushrooms","player_choice":"Fought Mushrooms","floor":11.0,"gold_loss":0.0,"damage_taken":0.0},{"damage_healed":0.0,"max_hp_gain":0.0,"max_hp_loss":0.0,"gold_gain":0.0,"event_name":"Forgotten Altar","player_choice":"Smashed Altar","floor":19.0,"gold_loss":0.0,"damage_taken":0.0,"cards_obtained":["Decay"]},{"damage_healed":0.0,"max_hp_gain":0.0,"max_hp_loss":0.0,"gold_gain":0.0,"event_name":"The Library","player_choice":"Read","floor":20.0,"gold_loss":0.0,"damage_taken":0.0,"cards_obtained":["Power Through"]},{"damage_healed":0.0,"max_hp_gain":0.0,"max_hp_loss":0.0,"gold_gain":0.0,"event_name":"Beggar","player_choice":"Ignored","floor":24.0,"gold_loss":0.0,"damage_taken":0.0}],"is_beta":true,"boss_relics":[{"not_picked":["Philosopher\u0027s Stone","White Beast Statue"],"picked":"Busted Crown"}],"items_purged_floors":[14],"is_endless":false,"potions_floor_spawned":[3,8,13,16,18,22,28],"killed_by":"Sentry and Sphere","ascension_level":20}