{"gold_per_floor":[119,132,144,86,86,120,131,131,131,160,160,178,178,188,188,188],"floor_reached":16,"playtime":485,"items_purged":[],"score":213,"play_id":"208377b2-b553-4fc9-bbd3-ed07defebddf","local_time":"20190313150124","is_ascension_mode":true,"campfire_choices":[{"floor":13,"key":"REST"},{"data":"Rampage","floor":15,"key":"SMITH"}],"neow_cost":"NONE","seed_source_timestamp":52216367526400,"circlet_count":0,"master_deck":["AscendersBane","Strike_R","Strike_R","Strike_R","Strike_R","Strike_R","Defend_R","Defend_R","Defend_R","Defend_R","Bash","Spot Weakness","Rampage+1","Thunderclap","Shrug It Off","Limit Break","Carnage","True Grit","Iron Wave","Feed"],"relics":["Burning Blood","NeowsBlessing","PreservedInsect","Meat on the Bone","Gambling Chip","Bronze Scales"],"potions_floor_usage":[7,16,16],"damage_taken":[{"damage":0,"enemies":"Cultist","floor":1,"turns":1},{"damage":0,"enemies":"Jaw Worm","floor":2,"turns":1},{"damage":0,"enemies":"Small Slimes","floor":3,"turns":1},{"damage":72,"enemies":"Lagavulin","floor":6,"turns":7},{"damage":6,"enemies":"Blue Slaver","floor":7,"turns":4},{"damage":32,"enemies":"Gremlin Nob","floor":10,"turns":4},{"damage":6,"enemies":"Looter","floor":12,"turns":2},{"damage":10,"enemies":"3 Louse","floor":14,"turns":3},{"damage":64,"enemies":"Slime Boss","floor":16,"turns":8}],"seed_played":"4198022838192268793","potions_obtained":[{"floor":2,"key":"SteroidPotion"},{"floor":6,"key":"Swift Potion"},{"floor":14,"key":"SteroidPotion"}],"is_trial":false,"path_per_floor":["M","M","M","$","?","E","M","?","T","E","T","M","R","M","R","B"],"character_chosen":"IRONCLAD","items_purchased":["Shrug It Off"],"campfire_rested":1,"item_purchase_floors":[4],"current_hp_per_floor":[74,75,75,75,75,9,9,34,34,20,20,32,54,50,50,0],"gold":188,"neow_bonus":"THREE_ENEMY_KILL","is_prod":false,"is_daily":false,"chose_seed":false,"campfire_upgraded":1,"win_rate":0,"timestamp":1552503684,"path_taken":["M","?","M","$","?","E","?","?","T","E","?","M","R","M","R","BOSS"],"build_version":"2019-02-06","purchased_purges":0,"victory":false,"max_hp_per_floor":[75,75,75,75,75,75,75,75,75,75,75,75,75,75,75,75],"card_choices":[{"not_picked":["Clash","Twin Strike"],"picked":"Spot Weakness","floor":1},{"not_picked":["Clash","Reckless Charge"],"picked":"Rampage","floor":2},{"not_picked":["Spot Weakness","Searing Blow"],"picked":"Thunderclap","floor":3},{"not_picked":["True Grit","Havoc"],"picked":"Limit Break","floor":6},{"not_picked":["Entrench","Burning Pact"],"picked":"Carnage","floor":7},{"not_picked":["Headbutt","Clash"],"picked":"True Grit","floor":10},{"not_picked":["Uppercut","Wild Strike"],"picked":"Iron Wave","floor":12},{"not_picked":["Anger","Pommel Strike"],"picked":"Feed","floor":14}],"player_experience":651677,"relics_obtained":[{"floor":6,"key":"PreservedInsect"},{"floor":9,"key":"Meat on the Bone"},{"floor":10,"key":"Gambling Chip"},{"floor":11,"key":"Bronze Scales"}],"event_choices":[{"damage_healed":0,"gold_gain":0,"player_choice":"0 cards matched","damage_taken":0,"max_hp_gain":0,"max_hp_loss":0,"event_name":"Match and Keep!","floor":5,"gold_loss":0,"cards_obtained":[]},{"damage_healed":25,"gold_gain":0,"player_choice":"Banana","damage_taken":0,"max_hp_gain":0,"max_hp_loss":0,"event_name":"Big Fish","floor":8,"gold_loss":0}],"is_beta":true,"boss_relics":[],"items_purged_floors":[],"is_endless":false,"potions_floor_spawned":[2,6,14],"killed_by":"Slime Boss","ascension_level":18}