{"gold_per_floor":[117,117,134,154,154,154,209,219,246,265,115,132,132,145,145,248,248,264,164,182,182,202,202,214,230,230,230,242,259,284,300,300,300],"floor_reached":33,"playtime":2302,"items_purged":["Strike_R","Defend_R"],"score":275,"play_id":"b7804f08-1846-454e-b438-3cb81e308932","local_time":"20190323203906","is_ascension_mode":false,"campfire_choices":[{"data":"Bash","floor":6.0,"key":"SMITH"},{"floor":13.0,"key":"REST"},{"data":"Dropkick","floor":15.0,"key":"SMITH"},{"data":"Rage","floor":23.0,"key":"SMITH"},{"floor":27.0,"key":"REST"},{"floor":32.0,"key":"REST"}],"neow_cost":"PERCENT_DAMAGE","seed_source_timestamp":674190664896200,"circlet_count":0,"master_deck":["Strike_R","Strike_R+1","Defend_R+1","Defend_R","Bash+1","Dropkick+1","Rage+1","Thunderclap+1","Battle Trance"],"special_seed":0,"relics":["Burning Blood","Tiny Chest","Dream Catcher","Orrery","Question Card","Art of War"],"potions_floor_usage":[33,33,33,33,33,33],"damage_taken":[{"damage":8.0,"enemies":"Jaw Worm","floor":1.0,"turns":4.0},{"damage":7.0,"enemies":"2 Louse","floor":3.0,"turns":3.0},{"damage":0.0,"enemies":"Cultist","floor":4.0,"turns":4.0},{"damage":28.0,"enemies":"Lagavulin","floor":7.0,"turns":5.0},{"damage":8.0,"enemies":"Gremlin Gang","floor":8.0,"turns":4.0},{"damage":5.0,"enemies":"Lots of Slimes","floor":10.0,"turns":7.0},{"damage":17.0,"enemies":"3 Louse","floor":12.0,"turns":5.0},{"damage":0.0,"enemies":"2 Fungi Beasts","floor":14.0,"turns":2.0},{"damage":32.0,"enemies":"The Guardian","floor":16.0,"turns":12.0},{"damage":31.0,"enemies":"3 Byrds","floor":18.0,"turns":6.0},{"damage":4.0,"enemies":"Chosen","floor":20.0,"turns":4.0},{"damage":21.0,"enemies":"Snake Plant","floor":22.0,"turns":4.0},{"damage":16.0,"enemies":"Chosen and Byrds","floor":24.0,"turns":5.0},{"damage":16.0,"enemies":"Shelled Parasite and Fungi","floor":25.0,"turns":5.0},{"damage":17.0,"enemies":"Snecko","floor":28.0,"turns":5.0},{"damage":15.0,"enemies":"Sentry and Sphere","floor":29.0,"turns":6.0},{"damage":30.0,"enemies":"Slavers","floor":30.0,"turns":7.0},{"damage":9.0,"enemies":"Snake Plant","floor":31.0,"turns":4.0},{"damage":40,"enemies":"Automaton","floor":33,"turns":10}],"seed_played":"8768183159346027146","potions_obtained":[{"floor":4.0,"key":"Poison Potion"},{"floor":7.0,"key":"SteroidPotion"},{"floor":12.0,"key":"Swift Potion"},{"floor":16.0,"key":"Fire Potion"},{"floor":20.0,"key":"AttackPotion"},{"floor":21.0,"key":"EntropicBrew"},{"floor":24.0,"key":"Regen Potion"},{"floor":29.0,"key":"Swift Potion"},{"floor":31.0,"key":"Energy Potion"}],"is_trial":false,"path_per_floor":["M","?","M","M","?","R","E","M","T","M","$","M","R","M","R","B",null,"M","$","M","?","M","R","M","M","T","R","M","M","E","M","R","B"],"character_chosen":"IRONCLAD","items_purchased":["Dropkick"],"campfire_rested":3,"item_purchase_floors":[11],"current_hp_per_floor":[54,38,37,43,43,43,21,19,19,20,20,9,33,39,39,13,80,55,55,57,57,42,42,32,22,22,46,35,26,17,14,38,0],"gold":300,"neow_bonus":"REMOVE_TWO","is_prod":false,"is_daily":false,"chose_seed":false,"campfire_upgraded":3,"win_rate":0,"timestamp":1553387946,"path_taken":["M","?","M","M","?","R","E","M","T","M","$","M","R","M","R","BOSS","M","$","M","?","M","R","?","?","T","R","M","M","E","M","R","BOSS"],"build_version":"2019-03-15","purchased_purges":2,"victory":false,"max_hp_per_floor":[80,80,80,80,80,80,80,80,80,80,80,80,80,80,80,80,80,80,80,80,80,80,80,80,80,80,80,80,80,80,80,80,80],"card_choices":[{"not_picked":["Wild Strike","True Grit","Anger"],"picked":"SKIP","floor":1.0},{"not_picked":["Wild Strike","Searing Blow","Entrench"],"picked":"SKIP","floor":3.0},{"not_picked":["Wild Strike","Combust","Headbutt"],"picked":"SKIP","floor":4.0},{"not_picked":["Sword Boomerang","Burning Pact","Havoc"],"picked":"SKIP","floor":7.0},{"not_picked":["True Grit","Clash","Fire Breathing"],"picked":"SKIP","floor":8.0},{"not_picked":["Twin Strike","True Grit","Seeing Red"],"picked":"SKIP","floor":10.0},{"not_picked":["Rupture","Reckless Charge","Headbutt"],"picked":"SKIP","floor":12.0},{"not_picked":["Disarm","Iron Wave"],"picked":"Rage","floor":14.0},{"not_picked":["Armaments","Clothesline","Perfected Strike+1"],"picked":"SKIP","floor":18.0},{"not_picked":["Whirlwind+1","Sever Soul","Shrug It Off"],"picked":"SKIP","floor":20.0},{"not_picked":["Whirlwind+1","Cleave"],"picked":"Thunderclap+1","floor":22.0},{"not_picked":["Rage+1","Twin Strike","Headbutt+1"],"picked":"SKIP","floor":24.0},{"not_picked":["Armaments","Shockwave","Rampage+1"],"picked":"SKIP","floor":25.0},{"not_picked":["Second Wind","True Grit","Sentinel","Bloodletting"],"picked":"SKIP","floor":28.0},{"not_picked":["Intimidate","Havoc","Disarm","Twin Strike+1"],"picked":"SKIP","floor":29.0},{"not_picked":["Corruption+1","Sentinel","Power Through","Pommel Strike"],"picked":"SKIP","floor":30.0},{"not_picked":["Fire Breathing","Evolve","Warcry"],"picked":"Battle Trance","floor":31.0}],"player_experience":681864,"relics_obtained":[{"floor":7.0,"key":"Tiny Chest"},{"floor":9.0,"key":"Dream Catcher"},{"floor":26.0,"key":"Question Card"},{"floor":30.0,"key":"Art of War"}],"event_choices":[{"damage_healed":0.0,"max_hp_gain":0.0,"max_hp_loss":0.0,"gold_gain":0.0,"event_name":"Shining Light","player_choice":"Entered Light","floor":2.0,"gold_loss":0.0,"damage_taken":16.0,"cards_upgraded":["Strike_R","Defend_R"]},{"cards_removed":["Defend_R"],"damage_healed":0.0,"max_hp_gain":0.0,"max_hp_loss":0.0,"gold_gain":0.0,"event_name":"Living Wall","player_choice":"Forget","floor":5.0,"gold_loss":0.0,"damage_taken":0.0},{"damage_healed":0.0,"max_hp_gain":0.0,"max_hp_loss":0.0,"gold_gain":0.0,"event_name":"Lab","player_choice":"Got Potions","floor":21.0,"gold_loss":0.0,"damage_taken":0.0}],"is_beta":true,"boss_relics":[{"not_picked":["White Beast Statue","Eternal Feather"],"picked":"Orrery"}],"items_purged_floors":[11,19],"is_endless":false,"potions_floor_spawned":[4,7,12,16,20,24,29,31],"killed_by":"Automaton","ascension_level":0}