{"gold_per_floor":[112,33,33,33,33,58,80,98,149,177,187,202,202,212,212,289,289,306,306,320,245,256,256,276,276,276,276,29,29,63,73,73,73],"floor_reached":33,"playtime":1880,"items_purged":[],"score":600,"play_id":"e60cd70c-46ed-4259-859f-214c1df429eb","local_time":"20181112032119","is_ascension_mode":true,"campfire_choices":[{"data":"Bash","floor":13.0,"key":"SMITH"},{"data":"Carnage","floor":15.0,"key":"SMITH"},{"data":"Feel No Pain","floor":23,"key":"SMITH"},{"data":"Offering","floor":25,"key":"SMITH"},{"data":"Rampage","floor":27,"key":"SMITH"},{"floor":32,"key":"REST"}],"neow_cost":"NONE","seed_source_timestamp":1562939571900447,"circlet_count":0,"master_deck":["AscendersBane","Strike_R","Strike_R","Strike_R","Defend_R","Defend_R","Defend_R","Defend_R","Bash+1","Battle Trance","Combust+1","Feel No Pain+1","Anger","Flame Barrier","Shrug It Off","Carnage+1","Anger","True Grit","Offering+1","Corruption","Rampage+1","Rage","Body Slam","Clothesline+1","Armaments+1","Disarm+1","Headbutt","Sentinel+1"],"special_seed":0,"relics":["Burning Blood","NeowsBlessing","Anchor","Odd Mushroom","PreservedInsect","Torii","Mark of Pain","Toxic Egg 2","Regal Pillow"],"potions_floor_usage":[19,30,31],"damage_taken":[{"damage":0.0,"enemies":"Small Slimes","floor":1.0,"turns":1.0},{"damage":0.0,"enemies":"Gremlin Nob","floor":6.0,"turns":1.0},{"damage":0.0,"enemies":"The Mushroom Lair","floor":7.0,"turns":2.0},{"damage":0.0,"enemies":"2 Louse","floor":8.0,"turns":2.0},{"damage":8.0,"enemies":"3 Sentries","floor":10.0,"turns":4.0},{"damage":1.0,"enemies":"Jaw Worm","floor":11.0,"turns":2.0},{"damage":3.0,"enemies":"Looter","floor":12.0,"turns":3.0},{"damage":2.0,"enemies":"Blue Slaver","floor":14.0,"turns":4.0},{"damage":24.0,"enemies":"Slime Boss","floor":16.0,"turns":6.0},{"damage":11.0,"enemies":"Shell Parasite","floor":18.0,"turns":4.0},{"damage":3,"enemies":"Colosseum Slavers","floor":19,"turns":5},{"damage":8,"enemies":"Spheric Guardian","floor":20,"turns":5},{"damage":11,"enemies":"3 Cultists","floor":22,"turns":4},{"damage":9,"enemies":"Chosen and Byrds","floor":24,"turns":5},{"damage":11,"enemies":"Slavers","floor":30,"turns":5},{"damage":32,"enemies":"Shelled Parasite and Fungi","floor":31,"turns":5},{"damage":84,"enemies":"Champ","floor":33,"turns":16}],"seed_played":"-772355809576399918","potions_obtained":[{"floor":8.0,"key":"LiquidBronze"},{"floor":11.0,"key":"Block Potion"},{"floor":20,"key":"Block Potion"},{"floor":30,"key":"BloodPotion"}],"is_trial":false,"path_per_floor":["M","$","?","?","?","E","?","M","T","E","M","M","R","M","R","B",null,"M","?","M","?","M","R","M","R","T","R","$","?","E","M","R","B"],"character_chosen":"IRONCLAD","items_purchased":["Combust","Regal Pillow","Disarm+1"],"campfire_rested":1,"item_purchase_floors":[2,28,28],"current_hp_per_floor":[74,74,74,74,74,75,75,75,75,73,75,75,75,75,75,57,71,66,69,67,67,62,62,59,59,59,59,59,59,54,35,72,0],"gold":73,"neow_bonus":"THREE_ENEMY_KILL","is_prod":false,"is_daily":false,"chose_seed":false,"campfire_upgraded":5,"win_rate":0,"timestamp":1542010879,"path_taken":["M","$","?","?","?","E","?","M","T","E","M","?","R","M","R","BOSS","M","?","M","?","?","R","M","R","T","R","$","?","E","M","R","BOSS"],"build_version":"2018-11-08","purchased_purges":0,"victory":false,"max_hp_per_floor":[75,75,75,75,75,75,75,75,75,75,75,75,75,75,75,75,75,75,75,75,75,75,75,75,75,75,75,75,75,75,75,75,75],"card_choices":[{"not_picked":["Thunderclap","Bloodletting"],"picked":"Battle Trance","floor":1.0},{"not_picked":["Sword Boomerang","Headbutt"],"picked":"Feel No Pain","floor":6.0},{"not_picked":["Body Slam","Fire Breathing"],"picked":"Anger","floor":7.0},{"not_picked":["Warcry","Pommel Strike"],"picked":"Flame Barrier","floor":8.0},{"not_picked":["Anger","Fire Breathing"],"picked":"Shrug It Off","floor":10.0},{"not_picked":["Sever Soul","Searing Blow"],"picked":"Carnage","floor":11.0},{"not_picked":["Dropkick","Clash"],"picked":"Anger","floor":12.0},{"not_picked":["Cleave","Pommel Strike"],"picked":"True Grit","floor":14.0},{"not_picked":["Feed","Brutality"],"picked":"Offering","floor":16.0},{"not_picked":["Body Slam","Cleave"],"picked":"Corruption","floor":18.0},{"not_picked":["Hemokinesis","Shrug It Off"],"picked":"Rampage","floor":20},{"not_picked":["Blood for Blood","Clash"],"picked":"Clothesline+1","floor":22},{"not_picked":["Anger","Pummel"],"picked":"Armaments+1","floor":24},{"not_picked":["Flame Barrier+1","Cleave"],"picked":"Headbutt","floor":30},{"not_picked":["Iron Wave","Sever Soul"],"picked":"Sentinel+1","floor":31}],"player_experience":800392,"relics_obtained":[{"floor":6.0,"key":"Anchor"},{"floor":7.0,"key":"Odd Mushroom"},{"floor":9.0,"key":"PreservedInsect"},{"floor":10.0,"key":"Torii"},{"floor":26,"key":"Toxic Egg 2"}],"event_choices":[{"damage_healed":0.0,"max_hp_gain":0.0,"max_hp_loss":0.0,"gold_gain":0.0,"event_name":"Living Wall","player_choice":"Grow","floor":3.0,"gold_loss":0.0,"damage_taken":0.0,"cards_upgraded":["Combust"]},{"damage_healed":0.0,"max_hp_gain":0.0,"max_hp_loss":0.0,"gold_gain":0.0,"event_name":"Liars Game","player_choice":"Ignored","floor":4.0,"gold_loss":0.0,"damage_taken":0.0},{"damage_healed":0.0,"max_hp_gain":0.0,"max_hp_loss":0.0,"gold_gain":0.0,"event_name":"The Cleric","player_choice":"Leave","floor":5.0,"gold_loss":0.0,"damage_taken":0.0},{"damage_healed":0.0,"max_hp_gain":0.0,"max_hp_loss":0.0,"gold_gain":0.0,"event_name":"Mushrooms","player_choice":"Fought Mushrooms","floor":7.0,"gold_loss":0.0,"damage_taken":0.0},{"damage_healed":0,"gold_gain":0,"player_choice":"Fight","damage_taken":0,"max_hp_gain":0,"max_hp_loss":0,"event_name":"Colosseum","floor":19,"gold_loss":0},{"damage_healed":0,"gold_gain":0,"player_choice":"Fled From Nobs","damage_taken":0,"max_hp_gain":0,"max_hp_loss":0,"event_name":"Colosseum","floor":19,"gold_loss":0},{"damage_healed":0,"gold_gain":0,"cards_transformed":["Strike_R","Strike_R"],"player_choice":"Transformed Cards","damage_taken":0,"max_hp_gain":0,"max_hp_loss":0,"event_name":"Designer","floor":21,"gold_loss":75,"cards_obtained":["Rage","Body Slam"]},{"damage_healed":0,"gold_gain":0,"player_choice":"Ignored","damage_taken":0,"max_hp_gain":0,"max_hp_loss":0,"event_name":"The Mausoleum","floor":29,"gold_loss":0}],"is_beta":true,"boss_relics":[{"not_picked":["Empty Cage","Black Star"],"picked":"Mark of Pain"}],"items_purged_floors":[],"is_endless":false,"potions_floor_spawned":[8,11,18,20,30],"killed_by":"Champ","ascension_level":20}