{"gold_per_floor":[116,116,129,140,23,23,51,64,64,90,90,109,109,125,125,196,196,207,257,268,268,268,268,288,13,13,13],"floor_reached":27,"playtime":1253,"items_purged":[],"score":446,"play_id":"219e8bf4-bba8-480d-9ffb-068af55c77bf","local_time":"20190126194626","is_ascension_mode":true,"campfire_choices":[{"data":"Searing Blow","floor":6.0,"key":"SMITH"},{"floor":11.0,"key":"REST"},{"data":"Searing Blow+1","floor":13.0,"key":"SMITH"},{"data":"Searing Blow+2","floor":15.0,"key":"SMITH"},{"data":"Searing Blow+3","floor":23.0,"key":"SMITH"}],"neow_cost":"NONE","seed_source_timestamp":0,"circlet_count":0,"master_deck":["AscendersBane","Strike_R","Strike_R","Strike_R","Defend_R","Defend_R","Defend_R","Defend_R","Bash","Searing Blow+4","Iron Wave","Metallicize","Carnage","Power Through","Disarm","Battle Trance","Anger","Uppercut","Anger","Offering","Power Through+1","Headbutt+1","Intimidate","Metallicize","Battle Trance+1"],"special_seed":0,"relics":["Burning Blood","NeowsBlessing","Blood Vial","Bag of Preparation","Kunai","Eternal Feather","Toxic Egg 2","Letter Opener"],"potions_floor_usage":[24,24],"damage_taken":[{"damage":0.0,"enemies":"Jaw Worm","floor":1.0,"turns":1.0},{"damage":0.0,"enemies":"Cultist","floor":3.0,"turns":1.0},{"damage":0.0,"enemies":"Small Slimes","floor":4.0,"turns":1.0},{"damage":46.0,"enemies":"Gremlin Nob","floor":7.0,"turns":5.0},{"damage":20.0,"enemies":"Exordium Wildlife","floor":8.0,"turns":8.0},{"damage":22.0,"enemies":"3 Sentries","floor":10.0,"turns":14.0},{"damage":4.0,"enemies":"2 Fungi Beasts","floor":12.0,"turns":3.0},{"damage":1.0,"enemies":"Looter","floor":14.0,"turns":3.0},{"damage":42.0,"enemies":"Hexaghost","floor":16.0,"turns":12.0},{"damage":25.0,"enemies":"Shell Parasite","floor":18.0,"turns":6.0},{"damage":7.0,"enemies":"3 Byrds","floor":20.0,"turns":7.0},{"damage":35,"enemies":"Shelled Parasite and Fungi","floor":24,"turns":5},{"damage":39,"enemies":"Cultist and Chosen","floor":27,"turns":7}],"seed_played":"6685602837397774582","potions_obtained":[{"floor":4.0,"key":"SkillPotion"},{"floor":8.0,"key":"EssenceOfSteel"},{"floor":10.0,"key":"SkillPotion"},{"floor":12.0,"key":"PowerPotion"},{"floor":16.0,"key":"Explosive Potion"},{"floor":20.0,"key":"BloodPotion"}],"is_trial":false,"path_per_floor":["M","?","M","M","$","R","E","M","T","E","R","M","R","M","R","B",null,"M","?","M","?","?","R","M","$","T","M"],"character_chosen":"IRONCLAD","items_purchased":["Carnage","Power Through","Toxic Egg 2"],"campfire_rested":1,"item_purchase_floors":[5,5,25],"current_hp_per_floor":[74,74,75,75,75,75,35,23,23,9,31,35,35,42,42,8,58,41,41,42,42,42,54,34,34,34,0],"gold":13,"neow_bonus":"THREE_ENEMY_KILL","is_prod":false,"is_daily":false,"chose_seed":false,"campfire_upgraded":4,"win_rate":0,"timestamp":1548549986,"path_taken":["M","?","?","M","$","R","E","M","T","E","R","M","R","M","R","BOSS","M","?","M","?","?","R","?","$","T","M"],"build_version":"2019-01-23","purchased_purges":0,"victory":false,"max_hp_per_floor":[75,75,75,75,75,75,75,75,75,75,75,75,75,75,75,75,75,75,75,75,75,75,75,75,75,75,75],"card_choices":[{"not_picked":["Clash","Burning Pact","Reckless Charge"],"picked":"SKIP","floor":1.0},{"not_picked":["Sword Boomerang","Body Slam"],"picked":"Iron Wave","floor":3.0},{"not_picked":["Twin Strike","Evolve"],"picked":"Metallicize","floor":4.0},{"not_picked":["Blood for Blood","Reckless Charge"],"picked":"Disarm","floor":7.0},{"not_picked":["Wild Strike","True Grit"],"picked":"Battle Trance","floor":8.0},{"not_picked":["Brutality","Iron Wave"],"picked":"Anger","floor":10.0},{"not_picked":["Entrench","Twin Strike"],"picked":"Uppercut","floor":12.0},{"not_picked":["Intimidate","Ghostly Armor"],"picked":"Anger","floor":14.0},{"not_picked":["Exhume","Impervious"],"picked":"Offering","floor":16.0},{"not_picked":["Feel No Pain","Cleave"],"picked":"Power Through+1","floor":18.0},{"not_picked":["Clothesline","Warcry","Headbutt+1"],"picked":"SKIP","floor":20.0},{"not_picked":["Clothesline","Warcry"],"picked":"Headbutt+1","floor":20.0},{"not_picked":["Pommel Strike","Perfected Strike"],"picked":"Battle Trance+1","floor":24}],"player_experience":841678,"relics_obtained":[{"floor":7.0,"key":"Blood Vial"},{"floor":9.0,"key":"Bag of Preparation"},{"floor":10.0,"key":"Kunai"},{"floor":26,"key":"Letter Opener"}],"event_choices":[{"damage_healed":0.0,"max_hp_gain":0.0,"max_hp_loss":0.0,"gold_gain":0.0,"event_name":"Match and Keep!","player_choice":"1 cards matched","floor":2.0,"gold_loss":0.0,"damage_taken":0.0,"cards_obtained":["Searing Blow"]},{"damage_healed":0.0,"max_hp_gain":0.0,"max_hp_loss":0.0,"gold_gain":50.0,"event_name":"Nest","player_choice":"Stole From Cult","floor":19.0,"gold_loss":0.0,"damage_taken":0.0},{"damage_healed":0.0,"max_hp_gain":0.0,"max_hp_loss":0.0,"gold_gain":0.0,"cards_transformed":["Strike_R","Strike_R"],"event_name":"Drug Dealer","player_choice":"Became Test Subject","floor":21.0,"gold_loss":0.0,"damage_taken":0.0,"cards_obtained":["Intimidate","Metallicize"]},{"damage_healed":0.0,"max_hp_gain":0.0,"max_hp_loss":0.0,"gold_gain":0.0,"event_name":"The Mausoleum","player_choice":"Ignored","floor":22.0,"gold_loss":0.0,"damage_taken":0.0}],"is_beta":true,"boss_relics":[{"not_picked":["Velvet Choker","Fusion Hammer"],"picked":"Eternal Feather"}],"items_purged_floors":[],"is_endless":false,"potions_floor_spawned":[4,8,10,12,16,18,20],"killed_by":"Cultist and Chosen","ascension_level":20}