{"gold_per_floor":[113,133,145,145,164,164,177,177,204,233,243,243,243,257,257,329,329,348,348,382,399,415,415,173,173,173,199,33,33,49,78,78,155,155,170,70,70,83,83,83,98,133,168,214,239,261,273,40,40,40,40,40,40,40,65,65],"floor_reached":56,"playtime":2229,"items_purged":["Strike_G+1","Strike_G+1","Survivor"],"score":2069,"play_id":"21f385fa-0ba6-4a5c-8431-e7e4f96d9408","local_time":"20190120031452","is_ascension_mode":true,"campfire_choices":[{"data":"Deadly Poison","floor":6.0,"key":"SMITH"},{"floor":13.0,"key":"REST"},{"data":"Catalyst","floor":15.0,"key":"SMITH"},{"floor":23.0,"key":"REST"},{"data":"Catalyst","floor":29.0,"key":"SMITH"},{"floor":32.0,"key":"REST"},{"data":"Footwork","floor":40.0,"key":"SMITH"},{"floor":47.0,"key":"RECALL"},{"floor":49.0,"key":"REST"},{"floor":53.0,"key":"REST"}],"neow_cost":"PERCENT_DAMAGE","seed_source_timestamp":34598289500966,"circlet_count":0,"master_deck":["AscendersBane","Defend_G+1","Defend_G+1","Defend_G+1","Defend_G+1","Defend_G+1","Neutralize","Deadly Poison+1","PiercingWail","Poisoned Stab","Deadly Poison","Blur","Catalyst+1","Well Laid Plans","Malaise+1","Bouncing Flask","Backstab+1","Well Laid Plans+1","Catalyst+1","Footwork+1","Backflip","Concentrate","Corpse Explosion","Bandage Up","Dodge and Roll","Catalyst","Blur","Footwork","Calculated Gamble","Backflip"],"special_seed":0,"relics":["Ring of the Snake","Mango","Anchor","Dodecahedron","Empty Cage","Red Mask","Art of War","Meat on the Bone","Bag of Marbles","Bronze Scales","Busted Crown","MawBank","Vajra","Potion Belt","Snake Skull"],"potions_floor_usage":[],"damage_taken":[{"damage":11.0,"enemies":"Cultist","floor":1.0,"turns":5.0},{"damage":1.0,"enemies":"Jaw Worm","floor":2.0,"turns":5.0},{"damage":1.0,"enemies":"2 Louse","floor":3.0,"turns":4.0},{"damage":15.0,"enemies":"Red Slaver","floor":5.0,"turns":5.0},{"damage":1.0,"enemies":"Looter","floor":7.0,"turns":4.0},{"damage":8.0,"enemies":"Lagavulin","floor":10.0,"turns":8.0},{"damage":7.0,"enemies":"Exordium Thugs","floor":11.0,"turns":5.0},{"damage":0.0,"enemies":"3 Louse","floor":14.0,"turns":4.0},{"damage":0.0,"enemies":"The Guardian","floor":16.0,"turns":6.0},{"damage":3.0,"enemies":"Spheric Guardian","floor":18.0,"turns":3.0},{"damage":41.0,"enemies":"Masked Bandits","floor":20.0,"turns":9.0},{"damage":3.0,"enemies":"Shell Parasite","floor":21.0,"turns":6.0},{"damage":6.0,"enemies":"Centurion and Healer","floor":22.0,"turns":8.0},{"damage":9.0,"enemies":"Gremlin Leader","floor":27.0,"turns":5.0},{"damage":8.0,"enemies":"Snake Plant","floor":30.0,"turns":4.0},{"damage":42.0,"enemies":"Slavers","floor":31.0,"turns":10.0},{"damage":3.0,"enemies":"Automaton","floor":33.0,"turns":5.0},{"damage":0.0,"enemies":"3 Shapes","floor":35.0,"turns":3.0},{"damage":0.0,"enemies":"3 Darklings","floor":38.0,"turns":5.0},{"damage":0.0,"enemies":"Maw","floor":41.0,"turns":6.0},{"damage":73.0,"enemies":"Reptomancer","floor":42.0,"turns":4.0},{"damage":0.0,"enemies":"Giant Head","floor":44.0,"turns":6.0},{"damage":0.0,"enemies":"Transient","floor":45.0,"turns":6.0},{"damage":0.0,"enemies":"Sphere and 2 Shapes","floor":46.0,"turns":3.0},{"damage":30.0,"enemies":"Donu and Deca","floor":50.0,"turns":4.0},{"damage":34.0,"enemies":"Awakened One","floor":51.0,"turns":22.0},{"damage":20.0,"enemies":"Shield and Spear","floor":55.0,"turns":8.0},{"damage":74,"enemies":"The Heart","floor":56,"turns":6}],"seed_played":"-2315084410791599378","potions_obtained":[{"floor":2.0,"key":"EntropicBrew"},{"floor":5.0,"key":"FairyPotion"},{"floor":10.0,"key":"Dexterity Potion"},{"floor":11.0,"key":"PowerPotion"},{"floor":20.0,"key":"GamblersBrew"},{"floor":21.0,"key":"Dexterity Potion"},{"floor":27.0,"key":"Swift Potion"},{"floor":38.0,"key":"Fruit Juice"},{"floor":39.0,"key":"Swift Potion"},{"floor":39.0,"key":"Strength Potion"},{"floor":42.0,"key":"Strength Potion"},{"floor":45.0,"key":"Strength Potion"},{"floor":55.0,"key":"Fire Potion"}],"is_trial":false,"path_per_floor":["M","M","M","?","M","R","M","T","T","E","M","?","R","M","R","B",null,"M","?","?","M","M","R","$","?","T","E","$","R","M","E","R","B",null,"M","$","?","M","?","R","M","E","T","E","M","M","R","$","R","B","B",null,"R","$","E","B"],"character_chosen":"THE_SILENT","items_purchased":["Art of War","Catalyst","Footwork","Backflip","Footwork","Calculated Gamble"],"campfire_rested":5,"item_purchase_floors":[24,28,28,28,48,48],"current_hp_per_floor":[47,46,45,45,30,30,29,29,29,21,14,7,31,31,31,31,68,65,65,24,21,15,39,39,39,39,42,42,42,46,16,40,49,72,72,72,62,71,71,71,75,18,18,34,50,50,50,50,75,49,31,72,85,85,69,0],"gold":65,"neow_bonus":"ONE_RARE_RELIC","is_prod":false,"is_daily":false,"chose_seed":false,"campfire_upgraded":4,"win_rate":0,"timestamp":1547921692,"path_taken":["M","M","M","?","M","R","M","?","T","E","M","?","R","M","R","BOSS","M","?","?","M","M","R","$","?","T","E","$","R","M","E","R","BOSS","M","$","?","M","?","R","M","E","T","E","M","M","R","$","R","BOSS","BOSS","R","$","E","BOSS"],"build_version":"2019-01-17v2","purchased_purges":3,"victory":false,"max_hp_per_floor":[80,80,80,80,80,80,80,80,80,80,80,80,80,80,80,80,80,80,80,80,80,80,80,80,80,80,80,80,80,80,80,80,80,80,80,80,80,85,85,85,85,85,85,85,85,85,85,85,85,85,85,85,85,85,85,85],"card_choices":[{"not_picked":["Cloak And Dagger","PiercingWail"],"picked":"Deadly Poison","floor":1.0},{"not_picked":["Blade Dance","Sucker Punch"],"picked":"PiercingWail","floor":2.0},{"not_picked":["Terror","Well Laid Plans"],"picked":"Poisoned Stab","floor":3.0},{"not_picked":["Dodge and Roll","Dagger Spray"],"picked":"Deadly Poison","floor":5.0},{"not_picked":["Deflect","Expertise"],"picked":"Blur","floor":7.0},{"not_picked":["Envenom","Acrobatics","Glass Knife"],"picked":"SKIP","floor":10.0},{"not_picked":["Concentrate","Dagger Spray"],"picked":"Catalyst","floor":11.0},{"not_picked":["Blade Dance","Cloak And Dagger"],"picked":"Well Laid Plans","floor":14.0},{"not_picked":["Die Die Die","Venomology"],"picked":"Malaise","floor":16.0},{"not_picked":["Poisoned Stab","Caltrops"],"picked":"Bouncing Flask","floor":18.0},{"not_picked":["Predator","Poisoned Stab+1"],"picked":"Backstab+1","floor":20.0},{"not_picked":["Underhanded Strike","PiercingWail","Flying Knee"],"picked":"SKIP","floor":21.0},{"not_picked":["Underhanded Strike","PiercingWail","Flying Knee"],"picked":"SKIP","floor":21.0},{"not_picked":["Calculated Gamble","Backflip"],"picked":"Well Laid Plans+1","floor":22.0},{"not_picked":["Dagger Spray","Endless Agony","Backstab"],"picked":"SKIP","floor":27.0},{"not_picked":["Blade Dance","Dash"],"picked":"Concentrate","floor":30.0},{"not_picked":["Bane","Setup","Dash"],"picked":"SKIP","floor":31.0},{"not_picked":["Venomology","Glass Knife"],"picked":"Corpse Explosion","floor":33.0},{"not_picked":["Flying Knee+1"],"picked":"SKIP","floor":35.0},{"not_picked":[],"picked":"Bandage Up","floor":37.0},{"not_picked":[],"picked":"Dodge and Roll","floor":38.0},{"not_picked":[],"picked":"Catalyst","floor":41.0},{"not_picked":[],"picked":"Blur","floor":42.0},{"not_picked":["Flechettes+1"],"picked":"SKIP","floor":44.0},{"not_picked":["Accuracy+1"],"picked":"SKIP","floor":45.0},{"not_picked":["Accuracy+1"],"picked":"SKIP","floor":45.0},{"not_picked":["Blade Dance+1"],"picked":"SKIP","floor":46.0},{"not_picked":[],"picked":"Backflip","floor":55.0}],"player_experience":4166221,"relics_obtained":[{"floor":9.0,"key":"Anchor"},{"floor":10.0,"key":"Dodecahedron"},{"floor":20.0,"key":"Red Mask"},{"floor":26.0,"key":"Meat on the Bone"},{"floor":27.0,"key":"Bag of Marbles"},{"floor":31.0,"key":"Bronze Scales"},{"floor":42.0,"key":"MawBank"},{"floor":43.0,"key":"Vajra"},{"floor":44.0,"key":"Potion Belt"},{"floor":55.0,"key":"Snake Skull"}],"event_choices":[{"damage_healed":0.0,"max_hp_gain":0.0,"max_hp_loss":0.0,"gold_gain":0.0,"event_name":"Liars Game","player_choice":"Ignored","floor":4.0,"gold_loss":0.0,"damage_taken":0.0},{"cards_removed":["Strike_G"],"damage_healed":0.0,"max_hp_gain":0.0,"max_hp_loss":0.0,"gold_gain":0.0,"event_name":"Golden Wing","player_choice":"Card Removal","floor":12.0,"gold_loss":0.0,"damage_taken":7.0},{"damage_healed":0.0,"max_hp_gain":0.0,"max_hp_loss":0.0,"gold_gain":0.0,"event_name":"Back to Basics","player_choice":"Simplicity","floor":19.0,"gold_loss":0.0,"damage_taken":0.0,"cards_upgraded":["Defend_G","Defend_G","Defend_G","Defend_G","Defend_G","Strike_G","Strike_G"]},{"damage_healed":0.0,"max_hp_gain":0.0,"max_hp_loss":0.0,"gold_gain":0.0,"event_name":"Masked Bandits","player_choice":"Fought Bandits","floor":20.0,"gold_loss":0.0,"damage_taken":0.0},{"damage_healed":0.0,"max_hp_gain":0.0,"max_hp_loss":0.0,"gold_gain":0.0,"event_name":"Upgrade Shrine","player_choice":"Upgraded","floor":25.0,"gold_loss":0.0,"damage_taken":0.0,"cards_upgraded":["Malaise"]},{"damage_healed":0.0,"max_hp_gain":0.0,"max_hp_loss":0.0,"gold_gain":0.0,"event_name":"SensoryStone","player_choice":"Memory 3","floor":37.0,"gold_loss":0.0,"damage_taken":10.0},{"damage_healed":0.0,"max_hp_gain":0.0,"max_hp_loss":0.0,"gold_gain":0.0,"event_name":"Lab","player_choice":"Got Potions","floor":39.0,"gold_loss":0.0,"damage_taken":0.0}],"is_beta":false,"boss_relics":[{"not_picked":["Fusion Hammer","Ring of the Serpent"],"picked":"Empty Cage"},{"not_picked":["Runic Dome","White Beast Statue"],"picked":"Busted Crown"}],"items_purged_floors":[24,36,48],"is_endless":false,"potions_floor_spawned":[2,5,10,11,14,20,21,22,27,38,42,45,55],"killed_by":"The Heart","ascension_level":20}