{"gold_per_floor":[115,127,127,146,156,156,186,202,225,237,249,261,221,247,259,346,358,384,7,7,107,123,123,103,117,117,117,167,186,209,228,228,306,306,320,330,176,190,103,103,103],"floor_reached":41,"playtime":2612,"items_purged":[],"score":772,"play_id":"4972ff77-2fe2-449e-8000-d87003c2f30f","local_time":"20190312194756","is_ascension_mode":true,"campfire_choices":[{"floor":6.0,"key":"REST"},{"data":"Armaments","floor":10.0,"key":"SMITH"},{"floor":12.0,"key":"REST"},{"data":"Flame Barrier","floor":15.0,"key":"SMITH"},{"floor":27.0,"key":"REST"},{"floor":32.0,"key":"REST"},{"floor":40.0,"key":"REST"}],"neow_cost":"NONE","seed_source_timestamp":435342170671200,"circlet_count":0,"master_deck":["AscendersBane","Strike_R+1","Strike_R+1","Strike_R+1","Strike_R+1","Defend_R+1","Defend_R+1","Defend_R+1","Defend_R+1","Bash","Bludgeon","Flame Barrier+1","Iron Wave","Clothesline","Ghostly Armor","Dropkick","Armaments+1","Juggernaut","Perfected Strike","Demon Form","Body Slam+1","Heavy Blade+1","Limit Break","Uppercut"],"special_seed":0,"relics":["Burning Blood","Singing Bowl","MawBank","Snecko Eye","Regal Pillow","Red Skull","Girya","Bottled Lightning","Bag of Preparation","Bronze Scales","White Beast Statue"],"potions_floor_usage":[41,41],"damage_taken":[{"damage":1.0,"enemies":"Cultist","floor":1.0,"turns":3.0},{"damage":7.0,"enemies":"Jaw Worm","floor":2.0,"turns":3.0},{"damage":7.0,"enemies":"2 Louse","floor":4.0,"turns":3.0},{"damage":35.0,"enemies":"Exordium Wildlife","floor":5.0,"turns":6.0},{"damage":43.0,"enemies":"Gremlin Nob","floor":7.0,"turns":5.0},{"damage":5.0,"enemies":"Looter","floor":8.0,"turns":4.0},{"damage":8.0,"enemies":"3 Louse","floor":14.0,"turns":7.0},{"damage":47.0,"enemies":"Hexaghost","floor":16.0,"turns":14.0},{"damage":14.0,"enemies":"Spheric Guardian","floor":18.0,"turns":4.0},{"damage":12.0,"enemies":"Colosseum Slavers","floor":21.0,"turns":4.0},{"damage":7.0,"enemies":"Colosseum Nobs","floor":21.0,"turns":3.0},{"damage":17.0,"enemies":"Shell Parasite","floor":22.0,"turns":5.0},{"damage":0.0,"enemies":"Cultist and Chosen","floor":25.0,"turns":3.0},{"damage":12.0,"enemies":"Centurion and Healer","floor":29.0,"turns":6.0},{"damage":16.0,"enemies":"Chosen and Byrds","floor":31.0,"turns":4.0},{"damage":81.0,"enemies":"Automaton","floor":33.0,"turns":10.0},{"damage":0.0,"enemies":"3 Shapes","floor":35.0,"turns":5.0},{"damage":51.0,"enemies":"3 Darklings","floor":36.0,"turns":5.0},{"damage":0.0,"enemies":"4 Shapes","floor":38.0,"turns":2.0},{"damage":92,"enemies":"Reptomancer","floor":41,"turns":6}],"seed_played":"6081320922510989665","potions_obtained":[{"floor":2.0,"key":"Weak Potion"},{"floor":4.0,"key":"SpeedPotion"},{"floor":16.0,"key":"Poison Potion"},{"floor":18.0,"key":"Strength Potion"},{"floor":24.0,"key":"Swift Potion"},{"floor":29.0,"key":"Regen Potion"},{"floor":35.0,"key":"AttackPotion"},{"floor":36.0,"key":"Energy Potion"},{"floor":38.0,"key":"Swift Potion"}],"is_trial":false,"path_per_floor":["M","M","?","M","M","R","E","M","T","R","$","R","?","M","R","B",null,"M","$","?","?","M","?","?","M","T","R","?","M","T","M","R","B",null,"M","M","$","M","$","R","E"],"character_chosen":"IRONCLAD","items_purchased":["Regal Pillow","Perfected Strike","Red Skull","Limit Break","Uppercut"],"campfire_rested":5,"item_purchase_floors":[19,19,19,37,39],"current_hp_per_floor":[73,72,72,71,42,64,27,28,28,28,28,50,50,50,50,9,60,54,54,54,49,40,16,16,24,24,66,66,62,62,54,94,34,79,85,40,40,48,48,91,0],"gold":103,"neow_bonus":"ONE_RANDOM_RARE_CARD","is_prod":false,"is_daily":false,"chose_seed":false,"campfire_upgraded":2,"win_rate":0,"timestamp":1552434476,"path_taken":["M","M","?","M","?","R","E","M","T","R","$","R","?","M","R","BOSS","M","$","?","?","?","?","?","?","T","R","?","M","?","M","R","BOSS","M","M","$","M","$","R","E"],"build_version":"2019-02-06","purchased_purges":0,"victory":false,"max_hp_per_floor":[75,75,75,75,75,75,75,75,75,75,75,75,75,77,77,77,77,79,79,79,81,83,88,88,90,90,90,90,92,92,94,94,94,94,94,94,94,96,96,96,96],"card_choices":[{"not_picked":["Warcry","Reckless Charge"],"picked":"Flame Barrier","floor":1.0},{"not_picked":["Battle Trance","Clash"],"picked":"Iron Wave","floor":2.0},{"not_picked":["Warcry","Wild Strike"],"picked":"Clothesline","floor":4.0},{"not_picked":["Sentinel","Searing Blow"],"picked":"Ghostly Armor","floor":5.0},{"not_picked":["Pummel","Sentinel"],"picked":"Dropkick","floor":7.0},{"not_picked":["Headbutt","Pommel Strike"],"picked":"Armaments","floor":8.0},{"not_picked":["Perfected Strike","Power Through","Sword Boomerang"],"picked":"Singing Bowl","floor":14.0},{"not_picked":["Brutality","Fiend Fire"],"picked":"Juggernaut","floor":16.0},{"not_picked":["Headbutt","Warcry","Metallicize"],"picked":"Singing Bowl","floor":18.0},{"not_picked":["Wild Strike","Ghostly Armor","Havoc"],"picked":"Singing Bowl","floor":21.0},{"not_picked":["Havoc+1","Bloodletting+1","Body Slam"],"picked":"Singing Bowl","floor":22.0},{"not_picked":["Searing Blow","Iron Wave","Pummel"],"picked":"Singing Bowl","floor":25.0},{"not_picked":["Blood for Blood","Armaments+1","Fiend Fire"],"picked":"Singing Bowl","floor":29.0},{"not_picked":["Clash","Havoc","Hemokinesis"],"picked":"Singing Bowl","floor":31.0},{"not_picked":["Dark Embrace","Bludgeon"],"picked":"Demon Form","floor":33.0},{"not_picked":["Havoc","Iron Wave"],"picked":"Body Slam+1","floor":35.0},{"not_picked":["Metallicize","Headbutt"],"picked":"Heavy Blade+1","floor":36.0},{"not_picked":["Armaments","Burning Pact","Sword Boomerang+1"],"picked":"Singing Bowl","floor":38.0}],"player_experience":646272,"relics_obtained":[{"floor":7.0,"key":"Singing Bowl"},{"floor":9.0,"key":"MawBank"},{"floor":21.0,"key":"Girya"},{"floor":21.0,"key":"Bottled Lightning"},{"floor":26.0,"key":"Bag of Preparation"},{"floor":30.0,"key":"Bronze Scales"}],"event_choices":[{"cards_removed":["Strike_R"],"damage_healed":0.0,"max_hp_gain":0.0,"max_hp_loss":0.0,"gold_gain":0.0,"event_name":"Bonfire Elementals","player_choice":"Offered Basic","floor":3.0,"gold_loss":0.0,"damage_taken":0.0},{"damage_healed":0.0,"max_hp_gain":0.0,"max_hp_loss":0.0,"gold_gain":0.0,"event_name":"World of Goop","player_choice":"Left Gold","floor":13.0,"gold_loss":52.0,"damage_taken":0.0},{"damage_healed":0.0,"max_hp_gain":0.0,"max_hp_loss":0.0,"gold_gain":0.0,"event_name":"Back to Basics","player_choice":"Simplicity","floor":20.0,"gold_loss":0.0,"damage_taken":0.0,"cards_upgraded":["Strike_R","Strike_R","Strike_R","Strike_R","Defend_R","Defend_R","Defend_R","Defend_R"]},{"damage_healed":0.0,"max_hp_gain":0.0,"max_hp_loss":0.0,"gold_gain":0.0,"event_name":"Colosseum","player_choice":"Fight","floor":21.0,"gold_loss":0.0,"damage_taken":0.0},{"damage_healed":0.0,"max_hp_gain":0.0,"max_hp_loss":0.0,"gold_gain":0.0,"event_name":"Colosseum","player_choice":"Fought Nobs","floor":21.0,"gold_loss":0.0,"damage_taken":0.0},{"damage_healed":0.0,"max_hp_gain":5.0,"max_hp_loss":0.0,"gold_gain":0.0,"event_name":"Forgotten Altar","player_choice":"Shed Blood","floor":23.0,"gold_loss":0.0,"damage_taken":29.0},{"damage_healed":0.0,"max_hp_gain":0.0,"max_hp_loss":0.0,"gold_gain":0.0,"event_name":"The Woman in Blue","player_choice":"Bought 1 Potion","floor":24.0,"gold_loss":0.0,"damage_taken":0.0},{"damage_healed":0.0,"max_hp_gain":0.0,"max_hp_loss":0.0,"gold_gain":50.0,"event_name":"Nest","player_choice":"Stole From Cult","floor":28.0,"gold_loss":0.0,"damage_taken":0.0}],"is_beta":true,"boss_relics":[{"not_picked":["Ectoplasm","Black Star"],"picked":"Snecko Eye"},{"not_picked":["Eternal Feather","Empty Cage"],"picked":"White Beast Statue"}],"items_purged_floors":[],"is_endless":false,"potions_floor_spawned":[2,4,5,14,16,18,21,29,31,35,36,38],"killed_by":"Reptomancer","ascension_level":18}