{"gold_per_floor":[368,5,16,27,27,61,61,61,85,85,104,115,131,63,63,135,135,152,169,189,89,89,89,109,109,109,123,123,123,123,133,133,211,211,230,242,242,242,242,242,258,269,269,269,280,23,23,43,43,43],"floor_reached":51,"playtime":2599,"items_purged":["Pain","Strike_R"],"score":1102,"play_id":"f441f393-c4a3-41ce-9132-c31b06ffc30a","local_time":"20180809214607","is_ascension_mode":true,"campfire_choices":[{"data":"Inflame","floor":8.0,"key":"SMITH"},{"data":"Bash","floor":10.0,"key":"SMITH"},{"data":"Disarm","floor":15.0,"key":"SMITH"},{"data":"Shrug It Off","floor":23.0,"key":"SMITH"},{"data":"Defend_R","floor":25.0,"key":"SMITH"},{"data":"Defend_R","floor":28.0,"key":"SMITH"},{"data":"Defend_R","floor":32.0,"key":"SMITH"},{"data":"True Grit","floor":40,"key":"SMITH"},{"data":"1","floor":44,"key":"LIFT"},{"data":"2","floor":47,"key":"LIFT"},{"data":"3","floor":49,"key":"LIFT"}],"neow_cost":"CURSE","seed_source_timestamp":3808138473593,"circlet_count":0,"master_deck":["Strike_R","Strike_R","Strike_R","Defend_R+1","Defend_R+1","Defend_R","Bash+1","AscendersBane","Shrug It Off+1","Clothesline+1","Inflame+1","Carnage+1","Sword Boomerang+1","Iron Wave+1","Pommel Strike+1","Disarm+1","Reaper+1","Pommel Strike+1","Disarm+1","Battle Trance","Battle Trance","Offering","Headbutt+1","Exhume","Ghostly Armor","True Grit+1","True Grit+1","Master of Strategy"],"special_seed":0,"relics":["Burning Blood","Molten Egg 2","Bag of Marbles","Vajra","Coffee Dripper","Pantograph","Cursed Key","Girya"],"potions_floor_usage":[33,33,50,50],"damage_taken":[{"damage":14.0,"enemies":"2 Louse","floor":1.0,"turns":3.0},{"damage":0.0,"enemies":"Jaw Worm","floor":3.0,"turns":5.0},{"damage":0.0,"enemies":"Cultist","floor":4.0,"turns":4.0},{"damage":17.0,"enemies":"Lagavulin","floor":6.0,"turns":6.0},{"damage":7.0,"enemies":"3 Louse","floor":11.0,"turns":3.0},{"damage":0.0,"enemies":"Looter","floor":12.0,"turns":1.0},{"damage":0.0,"enemies":"Blue Slaver","floor":13.0,"turns":2.0},{"damage":24.0,"enemies":"Hexaghost","floor":16.0,"turns":10.0},{"damage":13.0,"enemies":"3 Byrds","floor":18.0,"turns":5.0},{"damage":9.0,"enemies":"2 Thieves","floor":19.0,"turns":3.0},{"damage":12.0,"enemies":"Cultist and Chosen","floor":20.0,"turns":3.0},{"damage":19.0,"enemies":"Snake Plant","floor":24.0,"turns":5.0},{"damage":26.0,"enemies":"3 Cultists","floor":27.0,"turns":6.0},{"damage":6.0,"enemies":"Centurion and Healer","floor":31.0,"turns":5.0},{"damage":77,"enemies":"Champ","floor":33,"turns":13},{"damage":6,"enemies":"Orb Walker","floor":35,"turns":2},{"damage":12,"enemies":"Flame Bruiser 1 Orb","floor":36,"turns":7},{"damage":0,"floor":38,"turns":6},{"damage":6,"enemies":"Sphere and 2 Shapes","floor":41,"turns":4},{"damage":12,"enemies":"Maw","floor":42,"turns":8},{"damage":6,"enemies":"Transient","floor":45,"turns":5},{"damage":6,"enemies":"Flame Bruiser 2 Orb","floor":48,"turns":5},{"damage":69,"enemies":"Time Eater","floor":50,"turns":11}],"seed_played":"2024351062684002127","potions_obtained":[{"floor":4.0,"key":"Regen Potion"},{"floor":11.0,"key":"Dexterity Potion"},{"floor":24.0,"key":"BloodPotion"},{"floor":36,"key":"SteroidPotion"},{"floor":41,"key":"Strength Potion"}],"is_trial":false,"path_per_floor":["M","$","M","M","?","E","?","R","T","R","M","M","M","$","R","B",null,"M","M","M","$","?","R","M","R","T","M","R","?","?","M","R","B",null,"M","M","?","?","?","R","M","M","T","R","M","$","R","M","R","B"],"character_chosen":"IRONCLAD","items_purchased":["Molten Egg 2","Fire Potion","Disarm","Dexterity Potion","Master of Strategy"],"campfire_rested":0,"item_purchase_floors":[2,2,14,46,46],"current_hp_per_floor":[60,60,66,72,72,61,66,66,66,66,65,71,77,77,77,59,75,76,79,73,73,73,73,60,60,60,60,60,60,60,78,78,17,64,64,64,64,80,80,80,80,80,80,80,80,80,80,80,80,38],"gold":43,"neow_bonus":"TWO_FIFTY_GOLD","is_prod":false,"is_daily":false,"chose_seed":false,"campfire_upgraded":8,"win_rate":0,"timestamp":1533865567,"path_taken":["M","$","M","M","?","E","?","R","T","R","M","M","M","$","R","BOSS","M","M","M","$","?","R","M","R","T","M","R","?","?","M","R","BOSS","M","M","?","?","?","R","M","M","T","R","M","$","R","M","R","BOSS"],"build_version":"2018-08-09","purchased_purges":2,"victory":true,"max_hp_per_floor":[75,75,75,75,75,75,80,80,80,80,80,80,80,80,80,80,80,80,80,80,80,80,80,80,80,80,80,80,80,80,80,80,80,80,80,80,80,80,80,80,80,80,80,80,80,80,80,80,80,80],"card_choices":[{"not_picked":["Infernal Blade","Corruption"],"picked":"Shrug It Off","floor":1.0},{"not_picked":["Dual Wield","Armaments"],"picked":"Clothesline+1","floor":3.0},{"not_picked":["Thunderclap+1","Anger+1"],"picked":"Inflame","floor":4.0},{"not_picked":["Feel No Pain","Clash+1"],"picked":"Carnage+1","floor":6.0},{"not_picked":["Flex","Rampage+1"],"picked":"Sword Boomerang+1","floor":11.0},{"not_picked":["Clothesline+1","Clash+1"],"picked":"Iron Wave+1","floor":12.0},{"not_picked":["Heavy Blade+1","Armaments"],"picked":"Pommel Strike+1","floor":13.0},{"not_picked":["Juggernaut","Dark Embrace"],"picked":"Reaper+1","floor":16.0},{"not_picked":["Heavy Blade+1","Sword Boomerang+1","Second Wind"],"picked":"SKIP","floor":18.0},{"not_picked":["Bloodletting+1","Sword Boomerang+1"],"picked":"Pommel Strike+1","floor":19.0},{"not_picked":["Reckless Charge+1","Wild Strike+1","Bludgeon+1"],"picked":"SKIP","floor":20.0},{"not_picked":["Body Slam+1","Warcry"],"picked":"Battle Trance","floor":24.0},{"not_picked":["Second Wind","Dropkick+1"],"picked":"Battle Trance","floor":27.0},{"not_picked":["Wild Strike+1","Fire Breathing","Headbutt+1"],"picked":"SKIP","floor":31.0},{"not_picked":["Wild Strike+1","Fire Breathing"],"picked":"Headbutt+1","floor":31.0},{"not_picked":["Barricade","Juggernaut"],"picked":"Exhume","floor":33},{"not_picked":["Perfected Strike+1","Headbutt+1"],"picked":"Ghostly Armor","floor":35},{"not_picked":["Havoc","Pummel+1","Perfected Strike+1"],"picked":"SKIP","floor":36},{"not_picked":["Combust","Thunderclap+1"],"picked":"True Grit","floor":38},{"not_picked":["Body Slam+1","Armaments+1","Thunderclap+1"],"picked":"SKIP","floor":41},{"not_picked":["Offering","Clash+1","Evolve+1"],"picked":"SKIP","floor":42},{"not_picked":["Havoc+1","Armaments+1"],"picked":"True Grit+1","floor":45},{"not_picked":["Armaments","Perfected Strike+1","Anger+1"],"picked":"SKIP","floor":48}],"player_experience":481040,"relics_obtained":[{"floor":6.0,"key":"Bag of Marbles"},{"floor":9.0,"key":"Vajra"},{"floor":26.0,"key":"Pantograph"},{"floor":38,"key":"Girya"}],"event_choices":[{"event_name":"The Cleric","player_choice":"Leave","floor":5.0,"damage_taken":0.0},{"event_name":"Big Fish","player_choice":"Donut","floor":7.0,"damage_taken":0.0},{"event_name":"Duplicator","player_choice":"One dupe","floor":22.0,"damage_taken":0.0},{"event_name":"Ghosts","player_choice":"Ignored","floor":29.0,"damage_taken":0.0},{"event_name":"Transmorgrifier","player_choice":"Transform","floor":30.0,"damage_taken":0.0},{"event_name":"Falling","player_choice":"Removed Skill","floor":37,"damage_taken":0},{"event_name":"MindBloom","player_choice":"Fight","floor":38,"damage_taken":0},{"event_name":"Mysterious Sphere","player_choice":"Ignore","floor":39,"damage_taken":0}],"is_beta":false,"boss_relics":[{"not_picked":["Busted Crown","Black Blood"],"picked":"Coffee Dripper"},{"not_picked":["Velvet Choker","Runic Pyramid"],"picked":"Cursed Key"}],"items_purged_floors":[2,21],"is_endless":false,"potions_floor_spawned":[4,11,12,19,20,24,36,41,45,48],"ascension_level":15}