{"gold_per_floor":[367,367,383,31,31,57,57,73,152,178,178,203,203,218,218,292,292,306,306,306,317,329,329,349,349,373,373,373,151,168,185,185,264,264,277,289,289,11,65,95,112,122,169,202,77,77,103,103,103,103,103,103,103,47,72,72],"floor_reached":56,"playtime":2189,"items_purged":["Strike_G","Defend_G","All Out Attack"],"score":2081,"play_id":"e9cc667d-c6db-47be-833a-c0958c5d5003","local_time":"20190118012504","is_ascension_mode":true,"campfire_choices":[{"data":"Bane","floor":7.0,"key":"SMITH"},{"data":"Cloak And Dagger","floor":13.0,"key":"SMITH"},{"floor":15.0,"key":"REST"},{"floor":23.0,"key":"REST"},{"data":"Burst","floor":25.0,"key":"SMITH"},{"floor":28.0,"key":"REST"},{"data":"Well Laid Plans","floor":32.0,"key":"SMITH"},{"data":"After Image","floor":46.0,"key":"SMITH"},{"floor":49.0,"key":"RECALL"},{"floor":53.0,"key":"REST"}],"neow_cost":"PERCENT_DAMAGE","seed_source_timestamp":0,"circlet_count":0,"master_deck":["AscendersBane","Defend_G","Defend_G","Defend_G","Defend_G+1","Survivor","Neutralize","Bane+1","Poisoned Stab","Flying Knee","Dodge and Roll+1","Well Laid Plans+1","Adrenaline","Cloak And Dagger+1","After Image+1","Burst+1","Catalyst+1","Slice+1","Noxious Fumes+1","Blade Dance+1","Acrobatics","Bouncing Flask","Catalyst+1","Calculated Gamble","Crippling Poison","Adrenaline","Backflip","Deflect+1","PiercingWail"],"special_seed":0,"relics":["Ring of the Snake","Vajra","Letter Opener","Ornamental Fan","Sundial","Astrolabe","War Paint","Runic Dome","Oddly Smooth Stone","Paper Crane","Bag of Marbles","Strawberry","Ginger","Question Card","Blue Candle"],"potions_floor_usage":[56],"damage_taken":[{"damage":1.0,"enemies":"Small Slimes","floor":1.0,"turns":4.0},{"damage":0.0,"enemies":"Cultist","floor":3.0,"turns":4.0},{"damage":17.0,"enemies":"3 Sentries","floor":6.0,"turns":10.0},{"damage":1.0,"enemies":"2 Louse","floor":8.0,"turns":2.0},{"damage":2.0,"enemies":"Gremlin Nob","floor":10.0,"turns":3.0},{"damage":0.0,"enemies":"3 Sentries","floor":12.0,"turns":3.0},{"damage":0.0,"enemies":"Blue Slaver","floor":14.0,"turns":4.0},{"damage":14.0,"enemies":"Slime Boss","floor":16.0,"turns":10.0},{"damage":15.0,"enemies":"Shell Parasite","floor":18.0,"turns":5.0},{"damage":0.0,"enemies":"Spheric Guardian","floor":21.0,"turns":4.0},{"damage":13.0,"enemies":"Snake Plant","floor":22.0,"turns":5.0},{"damage":16.0,"enemies":"Sentry and Sphere","floor":24.0,"turns":6.0},{"damage":10.0,"enemies":"Snecko","floor":30.0,"turns":4.0},{"damage":5.0,"enemies":"Centurion and Healer","floor":31.0,"turns":7.0},{"damage":11.0,"enemies":"Champ","floor":33.0,"turns":6.0},{"damage":0.0,"enemies":"3 Shapes","floor":35.0,"turns":4.0},{"damage":2.0,"enemies":"Orb Walker","floor":36.0,"turns":3.0},{"damage":9.0,"enemies":"Reptomancer","floor":40.0,"turns":4.0},{"damage":11.0,"enemies":"Jaw Worm Horde","floor":41.0,"turns":3.0},{"damage":0.0,"enemies":"Writhing Mass","floor":42.0,"turns":3.0},{"damage":0.0,"enemies":"Nemesis","floor":44.0,"turns":1.0},{"damage":0.0,"enemies":"Reptomancer","floor":47.0,"turns":4.0},{"damage":13.0,"enemies":"Time Eater","floor":50.0,"turns":4.0},{"damage":27.0,"enemies":"Awakened One","floor":51.0,"turns":12.0},{"damage":23.0,"enemies":"Shield and Spear","floor":55.0,"turns":7.0},{"damage":70,"enemies":"The Heart","floor":56,"turns":3}],"seed_played":"2663574221473229846","potions_obtained":[{"floor":10.0,"key":"AttackPotion"},{"floor":12.0,"key":"SpeedPotion"},{"floor":14.0,"key":"Dexterity Potion"},{"floor":16.0,"key":"GamblersBrew"},{"floor":18.0,"key":"Energy Potion"},{"floor":24.0,"key":"Block Potion"},{"floor":31.0,"key":"PowerPotion"},{"floor":33.0,"key":"GamblersBrew"},{"floor":35.0,"key":"SteroidPotion"},{"floor":55.0,"key":"SpeedPotion"}],"is_trial":false,"path_per_floor":["M","?","M","$","?","E","R","M","T","E","?","E","R","M","R","B",null,"M","?","?","M","M","R","M","R","T","?","R","$","M","M","R","B",null,"M","M","?","$","T","E","M","M","T","E","$","R","E","?","R","B","B",null,"R","$","E","B"],"character_chosen":"THE_SILENT","items_purchased":["Flying Knee","Finisher","Dodge and Roll","Well Laid Plans","Calculated Gamble","Crippling Poison","Paper Crane","Poison Potion"],"campfire_rested":4,"item_purchase_floors":[4,4,4,4,29,29,38,54],"current_hp_per_floor":[43,43,43,43,43,26,26,25,25,23,23,23,23,23,42,28,57,42,42,24,24,11,32,16,16,16,16,37,37,27,22,22,11,56,56,54,54,54,54,45,34,34,41,41,41,41,41,41,41,28,1,56,74,74,51,0],"gold":72,"neow_bonus":"TWO_FIFTY_GOLD","is_prod":false,"is_daily":false,"chose_seed":false,"campfire_upgraded":5,"win_rate":0,"timestamp":1547742304,"path_taken":["M","?","?","$","?","E","R","M","T","E","?","E","R","M","R","BOSS","M","?","?","M","M","R","M","R","T","?","R","$","M","?","R","BOSS","M","M","?","$","?","E","M","M","T","E","$","R","E","?","R","BOSS","BOSS","R","$","E","BOSS"],"build_version":"2019-01-10","purchased_purges":3,"victory":false,"max_hp_per_floor":[66,66,66,66,66,66,66,66,66,66,66,66,66,66,66,66,66,66,66,71,71,71,71,71,71,71,71,71,71,71,71,71,71,71,71,71,71,71,71,71,71,71,78,78,78,78,78,74,74,74,74,74,74,74,74,74],"card_choices":[{"not_picked":["Caltrops","Deadly Poison"],"picked":"Bane","floor":1.0},{"not_picked":["Quick Slash","Dagger Spray"],"picked":"Poisoned Stab","floor":3.0},{"not_picked":["Dash","Deflect"],"picked":"Adrenaline","floor":6.0},{"not_picked":["Blur","Sucker Punch"],"picked":"All Out Attack","floor":8.0},{"not_picked":["Caltrops","Infinite Blades"],"picked":"Cloak And Dagger","floor":10.0},{"not_picked":["Dagger Throw","Predator"],"picked":"After Image","floor":12.0},{"not_picked":["Quick Slash","Deadly Poison","Dagger Spray"],"picked":"SKIP","floor":14.0},{"not_picked":["Venomology","Die Die Die"],"picked":"Burst","floor":16.0},{"not_picked":["Eviscerate","Poisoned Stab"],"picked":"Blade Dance+1","floor":18.0},{"not_picked":["Setup","Heel Hook+1","Blade Dance"],"picked":"SKIP","floor":21.0},{"not_picked":["Deflect","Predator"],"picked":"Acrobatics","floor":22.0},{"not_picked":["Caltrops","Dodge and Roll"],"picked":"Bouncing Flask","floor":24.0},{"not_picked":["Underhanded Strike","Bane","Sucker Punch"],"picked":"SKIP","floor":30.0},{"not_picked":["Expertise","Finisher","Bane"],"picked":"SKIP","floor":31.0},{"not_picked":["Tools of the Trade","Die Die Die"],"picked":"Adrenaline","floor":33.0},{"not_picked":["Bane","Deadly Poison","Dagger Throw"],"picked":"SKIP","floor":35.0},{"not_picked":["Poisoned Stab","Eviscerate","Slice+1"],"picked":"SKIP","floor":36.0},{"not_picked":["Leg Sweep","Poisoned Stab"],"picked":"Backflip","floor":40.0},{"not_picked":["Setup+1","Deadly Poison"],"picked":"Deflect+1","floor":41.0},{"not_picked":["Poisoned Stab","Cloak And Dagger+1","Sucker Punch"],"picked":"SKIP","floor":42.0},{"not_picked":["Deflect","Die Die Die","Sucker Punch"],"picked":"SKIP","floor":44.0},{"not_picked":["Infinite Blades+1","Backstab","Sucker Punch"],"picked":"SKIP","floor":47.0},{"not_picked":["Blade Dance","Tactician","Backflip"],"picked":"PiercingWail","floor":55.0}],"player_experience":4117683,"relics_obtained":[{"floor":6.0,"key":"Vajra"},{"floor":9.0,"key":"Letter Opener"},{"floor":10.0,"key":"Ornamental Fan"},{"floor":12.0,"key":"Sundial"},{"floor":26.0,"key":"War Paint"},{"floor":40.0,"key":"Bag of Marbles"},{"floor":43.0,"key":"Strawberry"},{"floor":44.0,"key":"Ginger"},{"floor":47.0,"key":"Question Card"},{"floor":55.0,"key":"Blue Candle"}],"event_choices":[{"cards_removed":["Strike_G"],"damage_healed":0.0,"max_hp_gain":0.0,"max_hp_loss":0.0,"gold_gain":0.0,"event_name":"Bonfire Elementals","player_choice":"Offered Basic","floor":2.0,"gold_loss":0.0,"damage_taken":0.0},{"damage_healed":0.0,"max_hp_gain":0.0,"max_hp_loss":0.0,"gold_gain":0.0,"event_name":"Liars Game","player_choice":"Ignored","floor":5.0,"gold_loss":0.0,"damage_taken":0.0},{"damage_healed":0.0,"max_hp_gain":0.0,"max_hp_loss":0.0,"gold_gain":0.0,"event_name":"Dead Adventurer","player_choice":"Searched \u00270\u0027 times","floor":11.0,"gold_loss":0.0,"damage_taken":0.0},{"damage_healed":0.0,"max_hp_gain":0.0,"max_hp_loss":0.0,"gold_gain":0.0,"event_name":"The Mausoleum","player_choice":"Ignored","floor":19.0,"gold_loss":0.0,"damage_taken":0.0},{"damage_healed":0.0,"max_hp_gain":5.0,"max_hp_loss":0.0,"gold_gain":0.0,"event_name":"Forgotten Altar","player_choice":"Shed Blood","floor":20.0,"gold_loss":0.0,"damage_taken":23.0},{"damage_healed":0.0,"max_hp_gain":0.0,"max_hp_loss":0.0,"gold_gain":0.0,"event_name":"Duplicator","player_choice":"Copied","floor":27.0,"gold_loss":0.0,"damage_taken":0.0,"cards_obtained":["Catalyst"]},{"cards_removed":["Finisher"],"damage_healed":0.0,"max_hp_gain":0.0,"max_hp_loss":0.0,"gold_gain":0.0,"event_name":"WeMeetAgain","player_choice":"Gave Card","floor":37.0,"gold_loss":0.0,"damage_taken":0.0,"relics_obtained":["Oddly Smooth Stone"]},{"damage_healed":0.0,"max_hp_gain":0.0,"max_hp_loss":4.0,"gold_gain":0.0,"event_name":"Winding Halls","player_choice":"Max HP","floor":48.0,"gold_loss":0.0,"damage_taken":0.0}],"is_beta":false,"boss_relics":[{"not_picked":["Snecko Eye","Empty Cage"],"picked":"Astrolabe"},{"not_picked":["Lizard Tail","Orrery"],"picked":"Runic Dome"}],"items_purged_floors":[4,29,45],"is_endless":false,"potions_floor_spawned":[10,12,14,16,18,21,24,31,33,35,55],"killed_by":"The Heart","ascension_level":20}