{"gold_per_floor":[112,112,123,123,139,139,214,225,225,240,240,165,199,99,99,196,196,206,30,0,0,0,0,20,20,74,91,105,105,122,138,138,138],"floor_reached":33,"playtime":1806,"items_purged":["Strike_R","Strike_R","Dual Wield"],"score":247,"play_id":"8b3b5786-4a5f-42b6-bdf6-eb405a33e81e","local_time":"20190322191752","is_ascension_mode":false,"campfire_choices":[{"data":"Flex","floor":6.0,"key":"SMITH"},{"data":"Heavy Blade","floor":11.0,"key":"SMITH"},{"data":"Heavy Blade","floor":15.0,"key":"SMITH"},{"data":"Flex","floor":23.0,"key":"SMITH"},{"data":"Fiend Fire","floor":29.0,"key":"SMITH"},{"floor":32,"key":"REST"}],"neow_cost":"NONE","seed_source_timestamp":0,"circlet_count":0,"master_deck":["Strike_R","Strike_R","Defend_R","Defend_R","Defend_R","Defend_R","Bash","Pommel Strike","Flex+1","Twin Strike","Anger","Heavy Blade+1","Spot Weakness","Heavy Blade+1","Heavy Blade","Fiend Fire+1","Flex+1","Shrug It Off","Ghostly Armor","Whirlwind","Carnage+1","Shrug It Off+1","Burning Pact+1","Whirlwind"],"special_seed":0,"relics":["Burning Blood","Meat on the Bone","Charon\u0027s Ashes","Mark of Pain","PreservedInsect"],"potions_floor_usage":[33,33],"damage_taken":[{"damage":1.0,"enemies":"Jaw Worm","floor":1.0,"turns":3.0},{"damage":1.0,"enemies":"Cultist","floor":3.0,"turns":3.0},{"damage":1.0,"enemies":"2 Louse","floor":5.0,"turns":3.0},{"damage":15.0,"enemies":"Gremlin Gang","floor":8.0,"turns":5.0},{"damage":11.0,"enemies":"Exordium Wildlife","floor":10.0,"turns":4.0},{"damage":18.0,"enemies":"Lagavulin","floor":13.0,"turns":3.0},{"damage":7.0,"enemies":"Slime Boss","floor":16.0,"turns":7.0},{"damage":0.0,"enemies":"Chosen","floor":18.0,"turns":4.0},{"damage":5.0,"enemies":"3 Byrds","floor":24.0,"turns":5.0},{"damage":7.0,"enemies":"Snecko","floor":27.0,"turns":4.0},{"damage":0.0,"enemies":"Snake Plant","floor":28.0,"turns":1.0},{"damage":1.0,"enemies":"3 Cultists","floor":30.0,"turns":4.0},{"damage":22,"enemies":"Sentry and Sphere","floor":31,"turns":4},{"damage":91,"enemies":"Automaton","floor":33,"turns":6}],"seed_played":"777065558487763653","potions_obtained":[{"floor":5.0,"key":"Swift Potion"},{"floor":10.0,"key":"Fire Potion"},{"floor":16.0,"key":"Weak Potion"},{"floor":18.0,"key":"Block Potion"},{"floor":28.0,"key":"AttackPotion"}],"is_trial":false,"path_per_floor":["M","?","M","?","M","R","?","M","T","M","R","$","E","$","R","B",null,"M","$","?","?","?","R","M","?","T","M","M","R","M","M","R","B"],"character_chosen":"IRONCLAD","items_purchased":["Shrug It Off"],"campfire_rested":1,"item_purchase_floors":[19],"current_hp_per_floor":[80,80,80,80,80,80,69,60,60,55,55,55,55,55,55,54,80,80,80,80,65,65,65,66,66,66,65,71,71,76,60,85,0],"gold":138,"neow_bonus":"THREE_CARDS","is_prod":false,"is_daily":false,"chose_seed":false,"campfire_upgraded":5,"win_rate":0,"timestamp":1553300272,"path_taken":["M","?","?","?","?","R","?","M","T","M","R","$","E","$","R","BOSS","M","$","?","?","?","R","M","?","T","?","?","R","M","M","R","BOSS"],"build_version":"2019-01-23","purchased_purges":3,"victory":false,"max_hp_per_floor":[80,80,80,80,80,80,80,80,80,80,80,80,80,80,80,80,80,80,80,80,85,85,85,85,85,85,85,85,85,85,85,85,85],"card_choices":[{"not_picked":["Havoc","Perfected Strike"],"picked":"Pommel Strike","floor":0.0},{"not_picked":["Clothesline","Sword Boomerang"],"picked":"Flex","floor":1.0},{"not_picked":["True Grit","Havoc"],"picked":"Anger","floor":3.0},{"not_picked":["Warcry","Entrench"],"picked":"Heavy Blade","floor":5.0},{"not_picked":["Heavy Blade","Corruption"],"picked":"Spot Weakness","floor":8.0},{"not_picked":["Twin Strike","Headbutt"],"picked":"Heavy Blade","floor":10.0},{"not_picked":["Armaments","Searing Blow"],"picked":"Heavy Blade","floor":13.0},{"not_picked":["Dark Embrace","Offering"],"picked":"Fiend Fire","floor":16.0},{"not_picked":["Pommel Strike","Anger"],"picked":"Flex","floor":18.0},{"not_picked":["Pummel","Armaments"],"picked":"Ghostly Armor","floor":24.0},{"not_picked":["Hemokinesis","Uppercut+1"],"picked":"Carnage+1","floor":27.0},{"not_picked":["Entrench+1","Dark Embrace"],"picked":"Shrug It Off+1","floor":28.0},{"not_picked":["Havoc","Uppercut"],"picked":"Burning Pact+1","floor":30.0},{"not_picked":["Thunderclap","Searing Blow"],"picked":"Whirlwind","floor":31}],"player_experience":63834,"relics_obtained":[{"floor":9.0,"key":"Meat on the Bone"},{"floor":13.0,"key":"Charon\u0027s Ashes"},{"floor":26.0,"key":"PreservedInsect"}],"event_choices":[{"damage_healed":0.0,"max_hp_gain":0.0,"max_hp_loss":0.0,"gold_gain":0.0,"event_name":"Match and Keep!","player_choice":"1 cards matched","floor":2.0,"gold_loss":0.0,"damage_taken":0.0,"cards_obtained":["Twin Strike"]},{"damage_healed":0.0,"max_hp_gain":0.0,"max_hp_loss":0.0,"gold_gain":0.0,"cards_transformed":["Strike_R"],"event_name":"Transmorgrifier","player_choice":"Transformed","floor":4.0,"gold_loss":0.0,"damage_taken":0.0,"cards_obtained":["Dual Wield"]},{"damage_healed":0.0,"max_hp_gain":0.0,"max_hp_loss":0.0,"gold_gain":75.0,"event_name":"World of Goop","player_choice":"Gather Gold","floor":7.0,"gold_loss":0.0,"damage_taken":11.0},{"damage_healed":0.0,"max_hp_gain":0.0,"max_hp_loss":0.0,"gold_gain":0.0,"event_name":"Masked Bandits","player_choice":"Paid Fearfully","floor":20.0,"gold_loss":30.0,"damage_taken":0.0},{"damage_healed":0.0,"max_hp_gain":5.0,"max_hp_loss":0.0,"gold_gain":0.0,"event_name":"Forgotten Altar","player_choice":"Shed Blood","floor":21.0,"gold_loss":0.0,"damage_taken":20.0},{"damage_healed":0.0,"max_hp_gain":0.0,"max_hp_loss":0.0,"gold_gain":0.0,"event_name":"Vampires","player_choice":"Ignored","floor":22.0,"gold_loss":0.0,"damage_taken":0.0},{"damage_healed":0.0,"max_hp_gain":0.0,"max_hp_loss":0.0,"gold_gain":0.0,"event_name":"The Library","player_choice":"Read","floor":25.0,"gold_loss":0.0,"damage_taken":0.0,"cards_obtained":["Whirlwind"]}],"is_beta":false,"boss_relics":[{"not_picked":["Coffee Dripper","Black Star"],"picked":"Mark of Pain"}],"items_purged_floors":[12,14,19],"is_endless":false,"potions_floor_spawned":[5,10,16,18,27,28],"killed_by":"Automaton","ascension_level":0}