{"gold_per_floor":[99,99,99,99,99,99,99,99,99,99,99,72,72,72,72,72,72,72,16,0,0,0,0,0],"floor_reached":24,"playtime":2121,"items_purged":[],"score":192,"play_id":"a2da00bd-5156-4f8e-8303-97671a2bc3ff","local_time":"20190320001805","is_ascension_mode":false,"campfire_choices":[{"floor":6,"key":"REST"},{"data":"Armaments","floor":13,"key":"SMITH"},{"data":"Body Slam","floor":15,"key":"SMITH"}],"neow_cost":"NONE","seed_source_timestamp":424995362224813,"circlet_count":0,"master_deck":["Strike_R","Strike_R","Strike_R","Strike_R","Strike_R","Defend_R","Defend_R","Defend_R","Defend_R","Bash","Pommel Strike","True Grit","Rampage","Armaments+1","Rage","Flex","Double Tap","Infernal Blade","Infernal Blade","Anger","Ghostly Armor"],"relics":["Ectoplasm","Gremlin Horn","Pen Nib","Mark of Pain","Self Forming Clay"],"potions_floor_usage":[],"damage_taken":[{"damage":1,"enemies":"Jaw Worm","floor":1,"turns":3},{"damage":0,"enemies":"2 Louse","floor":2,"turns":2},{"damage":0,"enemies":"Cultist","floor":5,"turns":2},{"damage":0,"enemies":"3 Louse","floor":7,"turns":3},{"damage":0,"enemies":"Lots of Slimes","floor":10,"turns":4},{"damage":1,"enemies":"Gremlin Gang","floor":11,"turns":5},{"damage":0,"enemies":"Blue Slaver","floor":14,"turns":3},{"damage":53,"enemies":"Hexaghost","floor":16,"turns":10},{"damage":11,"enemies":"Spheric Guardian","floor":18,"turns":4},{"damage":7,"enemies":"2 Thieves","floor":20,"turns":4},{"damage":17,"enemies":"Centurion and Healer","floor":21,"turns":5},{"damage":28,"enemies":"Snake Plant","floor":22,"turns":6},{"damage":22,"enemies":"Shelled Parasite and Fungi","floor":24,"turns":2}],"seed_played":"2176613693824488459","potions_obtained":[{"floor":2,"key":"Strength Potion"},{"floor":11,"key":"Swift Potion"},{"floor":14,"key":"Strength Potion"}],"is_trial":false,"path_per_floor":["M","M","?","?","M","R","M","?","T","M","M","?","R","M","R","B",null,"M","?","M","M","M","?","M"],"character_chosen":"IRONCLAD","items_purchased":[],"campfire_rested":1,"item_purchase_floors":[],"current_hp_per_floor":[79,79,79,67,67,80,80,80,80,80,79,79,79,79,79,26,80,69,69,62,45,17,22,0],"gold":0,"neow_bonus":"BOSS_RELIC","is_prod":false,"is_daily":false,"chose_seed":false,"campfire_upgraded":2,"win_rate":0.0,"timestamp":1553059085,"path_taken":["M","M","?","?","M","R","M","?","T","M","M","?","R","M","R","BOSS","M","?","M","M","?","?","M"],"build_version":"2019-01-23","purchased_purges":0,"victory":false,"max_hp_per_floor":[80,80,80,80,80,80,80,80,80,80,80,80,80,80,80,80,80,80,80,80,80,80,80,80],"card_choices":[{"not_picked":["Bloodletting","Cleave"],"picked":"Pommel Strike","floor":1},{"not_picked":["Warcry","Clash"],"picked":"True Grit","floor":2},{"not_picked":["Pommel Strike","Blood for Blood"],"picked":"Rampage","floor":5},{"not_picked":["Clash","True Grit"],"picked":"Armaments","floor":7},{"not_picked":["Burning Pact","Clothesline"],"picked":"Rage","floor":10},{"not_picked":["Sever Soul","Rampage"],"picked":"Body Slam","floor":11},{"not_picked":["Clothesline","Shrug It Off"],"picked":"Flex","floor":14},{"not_picked":["Brutality","Bludgeon"],"picked":"Double Tap","floor":16},{"not_picked":["Sword Boomerang","Twin Strike"],"picked":"Infernal Blade","floor":18},{"not_picked":["Clash","Sword Boomerang"],"picked":"Infernal Blade","floor":20},{"not_picked":["Perfected Strike+1","Pommel Strike+1"],"picked":"Anger","floor":21},{"not_picked":["Clothesline","Clash"],"picked":"Ghostly Armor","floor":22}],"player_experience":3889,"relics_obtained":[{"floor":9,"key":"Pen Nib"}],"event_choices":[{"damage_healed":0,"gold_gain":0,"player_choice":"Ignored","damage_taken":0,"max_hp_gain":0,"max_hp_loss":0,"event_name":"Shining Light","floor":3,"gold_loss":0},{"damage_healed":0,"gold_gain":0,"player_choice":"Success","damage_taken":12,"relics_obtained":["Gremlin Horn"],"max_hp_gain":0,"max_hp_loss":0,"event_name":"Scrap Ooze","floor":4,"gold_loss":0},{"damage_healed":0,"gold_gain":0,"player_choice":"Leave","damage_taken":0,"max_hp_gain":0,"max_hp_loss":0,"event_name":"The Cleric","floor":8,"gold_loss":0},{"damage_healed":0,"gold_gain":0,"player_choice":"Left Gold","damage_taken":0,"max_hp_gain":0,"max_hp_loss":0,"event_name":"World of Goop","floor":12,"gold_loss":27},{"damage_healed":0,"gold_gain":0,"player_choice":"Paid Gold","damage_taken":0,"relics_obtained":["Self Forming Clay"],"max_hp_gain":0,"max_hp_loss":0,"event_name":"WeMeetAgain","floor":19,"gold_loss":56},{"cards_removed":["Body Slam"],"damage_healed":5,"gold_gain":0,"player_choice":"Offered Common","damage_taken":0,"max_hp_gain":0,"max_hp_loss":0,"event_name":"Bonfire Elementals","floor":23,"gold_loss":0},{"cards_removed":["Body Slam"],"damage_healed":5,"gold_gain":0,"player_choice":"Offered Special","damage_taken":0,"max_hp_gain":0,"max_hp_loss":0,"event_name":"Bonfire Elementals","floor":23,"gold_loss":0}],"is_beta":false,"boss_relics":[{"not_picked":["Runic Cube","Tiny House"],"picked":"Mark of Pain"}],"items_purged_floors":[],"is_endless":false,"potions_floor_spawned":[2,11,14,20],"killed_by":"Shelled Parasite and Fungi","ascension_level":0}