{"gold_per_floor":[367,14,33,33,48,48,68,68,116,143,143,143,171,221,221,295,295,310,329,349,349,77,77,91,91,91,126,26,52,52,72,72,149,149,163,38,12,30,44,44,78,78,78,112,112,128,138,138,138,138,138],"floor_reached":52,"playtime":1568,"items_purged":["Normality","Strike_R","Strike_R"],"score":1941,"play_id":"2a5a53b0-04c1-46a1-88c5-21f97ab0cf12","local_time":"20181023231918","is_ascension_mode":true,"campfire_choices":[{"data":"Heavy Blade","floor":6.0,"key":"SMITH"},{"data":"Sword Boomerang","floor":8.0,"key":"SMITH"},{"data":"Bash","floor":12.0,"key":"SMITH"},{"data":"Clothesline","floor":15.0,"key":"SMITH"},{"floor":23.0,"key":"REST"},{"data":"Limit Break","floor":25.0,"key":"SMITH"},{"data":"Sword Boomerang","floor":30.0,"key":"SMITH"},{"data":"Heavy Blade","floor":32.0,"key":"SMITH"},{"data":"Havoc","floor":40.0,"key":"SMITH"},{"data":"Offering","floor":45,"key":"SMITH"},{"floor":49,"key":"REST"}],"neow_cost":"CURSE","seed_source_timestamp":1124184133844504,"circlet_count":0,"master_deck":["Strike_R","Strike_R","Defend_R","Defend_R","Defend_R","Defend_R","Bash+1","AscendersBane","Carnage","Sword Boomerang+1","Clothesline+1","Heavy Blade+1","Limit Break+1","Sword Boomerang+1","Heavy Blade+1","Impervious","Power Through+1","Havoc+1","Offering+1","Headbutt"],"special_seed":0,"relics":["Black Blood","Brimstone","Omamori","Strawberry","Singing Bowl","Necronomicon","Meat on the Bone","Magic Flower","Ancient Tea Set","Regal Pillow","Cursed Key","Blue Candle","Matryoshka","Unceasing Top"],"potions_floor_usage":[44,48],"damage_taken":[{"damage":14.0,"enemies":"Jaw Worm","floor":1.0,"turns":4.0},{"damage":0.0,"enemies":"Cultist","floor":3.0,"turns":2.0},{"damage":0.0,"enemies":"2 Louse","floor":5.0,"turns":2.0},{"damage":16.0,"enemies":"Exordium Thugs","floor":7.0,"turns":3.0},{"damage":7.0,"enemies":"Gremlin Nob","floor":10.0,"turns":3.0},{"damage":23.0,"enemies":"Lagavulin","floor":13.0,"turns":4.0},{"damage":45.0,"enemies":"The Guardian","floor":16.0,"turns":6.0},{"damage":31.0,"enemies":"Shell Parasite","floor":18.0,"turns":3.0},{"damage":13.0,"enemies":"Spheric Guardian","floor":19.0,"turns":3.0},{"damage":30.0,"enemies":"Snake Plant","floor":20.0,"turns":3.0},{"damage":5.0,"enemies":"Centurion and Healer","floor":24.0,"turns":3.0},{"damage":53.0,"enemies":"Gremlin Leader","floor":27.0,"turns":3.0},{"damage":32.0,"enemies":"Slavers","floor":29.0,"turns":3.0},{"damage":6.0,"enemies":"Shelled Parasite and Fungi","floor":31.0,"turns":2.0},{"damage":71.0,"enemies":"Collector","floor":33.0,"turns":4.0},{"damage":11.0,"enemies":"3 Darklings","floor":35.0,"turns":3.0},{"damage":12.0,"enemies":"3 Shapes","floor":38.0,"turns":3.0},{"damage":29.0,"enemies":"Maw","floor":39.0,"turns":3.0},{"damage":4.0,"enemies":"Nemesis","floor":41.0,"turns":3.0},{"damage":37,"enemies":"Reptomancer","floor":44,"turns":3},{"damage":6,"enemies":"3 Darklings","floor":46,"turns":2},{"damage":8,"enemies":"Jaw Worm Horde","floor":47,"turns":3},{"damage":34,"enemies":"Donu and Deca","floor":50,"turns":5},{"damage":49,"enemies":"Time Eater","floor":51,"turns":5}],"seed_played":"6582589722498078450","potions_obtained":[{"floor":5.0,"key":"Strength Potion"},{"floor":7.0,"key":"Explosive Potion"},{"floor":19.0,"key":"Regen Potion"},{"floor":29.0,"key":"BloodPotion"},{"floor":33.0,"key":"GamblersBrew"},{"floor":38.0,"key":"Explosive Potion"},{"floor":46,"key":"Strength Potion"},{"floor":48,"key":"Fruit Juice"},{"floor":48,"key":"SpeedPotion"}],"is_trial":false,"path_per_floor":["M","$","M","?","M","R","M","R","T","E","?","R","E","?","R","B",null,"M","M","M","?","$","R","M","R","T","E","$","E","R","M","R","B",null,"M","$","$","M","M","R","E","?","T","E","R","M","M","?","R","B","B"],"character_chosen":"IRONCLAD","items_purchased":["Brimstone","Sword Boomerang","Meat on the Bone","Havoc"],"campfire_rested":2,"item_purchase_floors":[2,2,22,37],"current_hp_per_floor":[60,60,66,66,72,72,62,62,62,68,61,61,46,46,46,7,65,46,43,25,4,4,30,49,49,49,45,45,48,48,75,75,51,83,87,87,87,92,80,80,93,93,93,71,71,80,89,94,102,83,67],"gold":138,"neow_bonus":"TWO_FIFTY_GOLD","is_prod":false,"is_daily":false,"chose_seed":false,"campfire_upgraded":9,"win_rate":0,"timestamp":1540351158,"path_taken":["M","$","M","?","M","R","?","R","T","E","?","R","E","?","R","BOSS","M","M","M","?","$","R","M","R","T","E","?","E","R","M","R","BOSS","M","?","$","?","M","R","E","?","T","E","R","M","?","?","R","BOSS","BOSS"],"build_version":"2018-10-22","purchased_purges":3,"victory":true,"max_hp_per_floor":[75,75,75,75,75,75,75,75,75,82,82,82,84,84,84,84,84,86,86,88,88,88,88,90,90,90,92,92,94,94,94,94,94,94,94,94,94,96,98,98,100,95,95,95,95,95,97,102,102,102,102],"card_choices":[{"not_picked":["Rampage","Reckless Charge"],"picked":"Carnage","floor":1.0},{"not_picked":["Power Through","Spot Weakness"],"picked":"Clothesline","floor":3.0},{"not_picked":["Cleave","Headbutt"],"picked":"Heavy Blade","floor":5.0},{"not_picked":["Flex","Clash","Spot Weakness"],"picked":"SKIP","floor":7.0},{"not_picked":["Infernal Blade","Iron Wave","Sever Soul"],"picked":"SKIP","floor":10.0},{"not_picked":["Sword Boomerang","Fire Breathing","Dual Wield"],"picked":"Singing Bowl","floor":13.0},{"not_picked":["Offering","Barricade"],"picked":"Limit Break","floor":16.0},{"not_picked":["Shrug It Off","Carnage","Wild Strike"],"picked":"Singing Bowl","floor":18.0},{"not_picked":["Rampage","Shockwave"],"picked":"Sword Boomerang","floor":19.0},{"not_picked":["Headbutt","Twin Strike","Perfected Strike"],"picked":"Singing Bowl","floor":20.0},{"not_picked":["Flex","Metallicize","Rage"],"picked":"Singing Bowl","floor":24.0},{"not_picked":["Twin Strike","Body Slam","True Grit"],"picked":"Singing Bowl","floor":27.0},{"not_picked":["Cleave","Burning Pact","Perfected Strike"],"picked":"Singing Bowl","floor":29.0},{"not_picked":["Rupture","Rampage"],"picked":"Heavy Blade","floor":31.0},{"not_picked":["Demon Form","Berserk"],"picked":"Impervious","floor":33.0},{"not_picked":["Perfected Strike","Flex+1"],"picked":"Power Through+1","floor":35.0},{"not_picked":["Sword Boomerang","Reckless Charge+1","Twin Strike"],"picked":"Singing Bowl","floor":38.0},{"not_picked":["Entrench+1","Anger","Intimidate"],"picked":"Singing Bowl","floor":39.0},{"not_picked":["Cleave","True Grit","Flex"],"picked":"Singing Bowl","floor":41.0},{"not_picked":["Body Slam","Second Wind"],"picked":"Offering","floor":44},{"not_picked":["Wild Strike","Rage"],"picked":"Headbutt","floor":46},{"not_picked":["Iron Wave+1","Perfected Strike","Warcry+1"],"picked":"Singing Bowl","floor":47}],"player_experience":720079,"relics_obtained":[{"floor":9.0,"key":"Omamori"},{"floor":10.0,"key":"Strawberry"},{"floor":13.0,"key":"Singing Bowl"},{"floor":21.0,"key":"Necronomicon"},{"floor":26.0,"key":"Magic Flower"},{"floor":27.0,"key":"Ancient Tea Set"},{"floor":29.0,"key":"Regal Pillow"},{"floor":41.0,"key":"Blue Candle"},{"floor":43,"key":"Matryoshka"},{"floor":44,"key":"Unceasing Top"}],"event_choices":[{"damage_healed":0.0,"max_hp_gain":0.0,"max_hp_loss":0.0,"gold_gain":0.0,"event_name":"Liars Game","player_choice":"Ignored","floor":4.0,"gold_loss":0.0,"damage_taken":0.0},{"cards_removed":["Strike_R"],"damage_healed":0.0,"max_hp_gain":0.0,"max_hp_loss":0.0,"gold_gain":0.0,"event_name":"Golden Wing","player_choice":"Card Removal","floor":11.0,"gold_loss":0.0,"damage_taken":7.0},{"damage_healed":0.0,"max_hp_gain":0.0,"max_hp_loss":0.0,"gold_gain":100.0,"event_name":"Golden Shrine","player_choice":"Pray","floor":14.0,"gold_loss":0.0,"damage_taken":0.0},{"damage_healed":0.0,"max_hp_gain":0.0,"max_hp_loss":0.0,"gold_gain":0.0,"event_name":"Cursed Tome","player_choice":"Obtained Book","floor":21.0,"gold_loss":0.0,"damage_taken":21.0},{"damage_healed":0,"gold_gain":0,"player_choice":"Max HP","damage_taken":0,"max_hp_gain":0,"max_hp_loss":5,"event_name":"Winding Halls","floor":42,"gold_loss":0},{"damage_healed":0,"gold_gain":0,"player_choice":"Got Potions","damage_taken":0,"max_hp_gain":0,"max_hp_loss":0,"event_name":"The Lab","floor":48,"gold_loss":0}],"is_beta":true,"boss_relics":[{"not_picked":["Empty Cage","Philosopher\u0027s Stone"],"picked":"Black Blood"},{"not_picked":["Velvet Choker","Astrolabe"],"picked":"Cursed Key"}],"items_purged_floors":[2,28,36],"is_endless":false,"potions_floor_spawned":[5,7,10,19,20,29,33,38,41,46],"ascension_level":20}