{"gold_per_floor":[115,115,61,61,61,94,94,114,114,114,22,36,66,78,78,152,152,167,167,192,192,192,192,202,202,202,202,213,6,16,36,36,36],"floor_reached":33,"playtime":866,"items_purged":[],"score":581,"play_id":"4807fc97-9d6f-45de-803d-8cf06c2ce6e3","local_time":"20190318011309","is_ascension_mode":true,"campfire_choices":[{"data":"Feed","floor":7,"key":"SMITH"},{"data":"Bash","floor":10,"key":"SMITH"},{"data":"Uppercut","floor":15,"key":"SMITH"},{"data":"Armaments","floor":23,"key":"SMITH"},{"data":"Metallicize","floor":25,"key":"SMITH"},{"floor":32,"key":"REST"}],"neow_cost":"NONE","seed_source_timestamp":173702225268700,"circlet_count":0,"master_deck":["AscendersBane","Defend_R","Defend_R+1","Defend_R","Defend_R","Bash+1","Perfected Strike+1","Shrug It Off","Feed+1","Metallicize+1","Finesse+1","Twin Strike","Uppercut+1","Twin Strike","Twin Strike","Bite","Bite","Bite","Bite","Bite","Armaments+1","Shrug It Off","Trip"],"relics":["Burning Blood","NeowsBlessing","Regal Pillow","Whetstone","Anchor","Velvet Choker","Ancient Tea Set","Singing Bowl"],"potions_floor_usage":[13,28,29,31],"damage_taken":[{"damage":0,"enemies":"Small Slimes","floor":1,"turns":1},{"damage":0,"enemies":"Lagavulin","floor":6,"turns":1},{"damage":0,"enemies":"Jaw Worm","floor":8,"turns":1},{"damage":3,"enemies":"2 Louse","floor":12,"turns":3},{"damage":18,"enemies":"3 Sentries","floor":13,"turns":8},{"damage":6,"enemies":"Exordium Wildlife","floor":14,"turns":3},{"damage":51,"enemies":"Hexaghost","floor":16,"turns":11},{"damage":15,"enemies":"Spheric Guardian","floor":18,"turns":4},{"damage":0,"enemies":"Chosen","floor":24,"turns":3},{"damage":48,"enemies":"3 Cultists","floor":28,"turns":7},{"damage":24,"enemies":"Snake Plant","floor":30,"turns":4},{"damage":35,"enemies":"Cultist and Chosen","floor":31,"turns":6},{"damage":67,"enemies":"Collector","floor":33,"turns":5}],"seed_played":"7555144212290821842","potions_obtained":[{"floor":8,"key":"SneckoOil"},{"floor":12,"key":"Explosive Potion"},{"floor":14,"key":"Swift Potion"},{"floor":28,"key":"Regen Potion"}],"is_trial":false,"path_per_floor":["M","?","$","?","?","E","R","M","T","R","$","M","E","M","R","B",null,"M","?","T","?","?","R","M","R","T","?","M","$","M","M","R","B"],"character_chosen":"IRONCLAD","items_purchased":["Shrug It Off","Finesse","Trip","Fruit Juice"],"campfire_rested":1,"item_purchase_floors":[3,11,29,29],"current_hp_per_floor":[74,74,74,51,51,57,57,63,63,63,63,70,62,62,62,17,67,62,62,62,60,60,60,60,60,60,60,32,37,27,15,51,0],"gold":36,"neow_bonus":"THREE_ENEMY_KILL","is_prod":false,"is_daily":false,"chose_seed":false,"campfire_upgraded":5,"win_rate":0,"timestamp":1552885989,"path_taken":["M","?","$","?","?","E","R","M","T","R","?","M","E","M","R","BOSS","M","?","?","?","?","R","M","R","T","?","?","$","M","M","R","BOSS"],"build_version":"2019-03-15","purchased_purges":0,"victory":false,"max_hp_per_floor":[75,75,75,75,75,75,75,75,75,75,75,79,83,83,83,83,83,87,87,87,60,60,60,60,60,60,60,62,67,69,71,71,71],"card_choices":[{"not_picked":["Warcry","Headbutt"],"picked":"Perfected Strike","floor":1},{"not_picked":["True Grit","Perfected Strike"],"picked":"Feed","floor":6},{"not_picked":["True Grit","Rampage"],"picked":"Metallicize","floor":8},{"not_picked":["Evolve","Perfected Strike"],"picked":"Twin Strike","floor":12},{"not_picked":["Shrug It Off","Burning Pact"],"picked":"Uppercut","floor":13},{"not_picked":["Fire Breathing","Infernal Blade"],"picked":"Twin Strike","floor":14},{"not_picked":["Dual Wield","Seeing Red"],"picked":"Twin Strike","floor":18},{"not_picked":["Uppercut","Body Slam"],"picked":"Shrug It Off","floor":24},{"not_picked":["Ghostly Armor","Pommel Strike","Warcry"],"picked":"Singing Bowl","floor":28},{"not_picked":["Metallicize","Havoc","Rampage"],"picked":"Singing Bowl","floor":30},{"not_picked":["True Grit","Twin Strike","Shrug It Off"],"picked":"Singing Bowl","floor":31}],"player_experience":668215,"relics_obtained":[{"floor":6,"key":"Regal Pillow"},{"floor":9,"key":"Whetstone"},{"floor":13,"key":"Anchor"},{"floor":20,"key":"Ancient Tea Set"},{"floor":26,"key":"Singing Bowl"}],"event_choices":[{"damage_healed":0,"gold_gain":0,"player_choice":"Ignored","damage_taken":0,"max_hp_gain":0,"max_hp_loss":0,"event_name":"Golden Wing","floor":2,"gold_loss":0},{"damage_healed":0,"gold_gain":0,"player_choice":"Entered Light","damage_taken":23,"max_hp_gain":0,"max_hp_loss":0,"event_name":"Shining Light","floor":4,"gold_loss":0,"cards_upgraded":["Strike_R","Defend_R"]},{"damage_healed":0,"gold_gain":0,"player_choice":"Grow","damage_taken":0,"max_hp_gain":0,"max_hp_loss":0,"event_name":"Living Wall","floor":5,"gold_loss":0,"cards_upgraded":["Perfected Strike"]},{"damage_healed":0,"gold_gain":0,"player_choice":"Ignored","damage_taken":0,"max_hp_gain":0,"max_hp_loss":0,"event_name":"Ghosts","floor":19,"gold_loss":0},{"damage_healed":0,"gold_gain":0,"player_choice":"Became a vampire","damage_taken":0,"max_hp_gain":0,"max_hp_loss":27,"event_name":"Vampires","floor":21,"gold_loss":0,"cards_obtained":["Bite","Bite","Bite","Bite","Bite"]},{"damage_healed":0,"gold_gain":0,"player_choice":"Read","damage_taken":0,"max_hp_gain":0,"max_hp_loss":0,"event_name":"The Library","floor":22,"gold_loss":0,"cards_obtained":["Armaments"]},{"damage_healed":0,"gold_gain":0,"player_choice":"Upgraded","damage_taken":0,"max_hp_gain":0,"max_hp_loss":0,"event_name":"Upgrade Shrine","floor":27,"gold_loss":0,"cards_upgraded":["Finesse"]}],"is_beta":true,"boss_relics":[{"not_picked":["Snecko Eye","Sozu"],"picked":"Velvet Choker"}],"items_purged_floors":[],"is_endless":false,"potions_floor_spawned":[8,12,14,16,18,28],"killed_by":"Collector","ascension_level":20}