{"gold_per_floor":[115,133,21,21,21,21,21,21,21,21,44,44,88,107,107,205,205,223,267,35,35,60,60,84,105,179,214,214,34,84,101,101,177,177,197,216,12,25,25,25,55,155,224,49,49,82,82,108,108,108,108,108,108,12,40,40],"floor_reached":57,"playtime":3979,"items_purged":["Strike_G","Defend_G","Strike_G","Defend_G","Parasite"],"score":2958,"play_id":"f50e9e7c-92b2-4d0f-a885-fec1d91e3c2a","local_time":"20190209010033","is_ascension_mode":true,"campfire_choices":[{"data":"Choke","floor":6,"key":"SMITH"},{"data":"Tools of the Trade","floor":8,"key":"SMITH"},{"data":"Masterful Stab","floor":10,"key":"SMITH"},{"data":"Cloak And Dagger","floor":15,"key":"SMITH"},{"data":"Venomology","floor":23,"key":"SMITH"},{"data":"Neutralize","floor":32,"key":"SMITH"},{"data":"Deadly Poison","floor":40,"key":"SMITH"},{"data":"Reflex","floor":47,"key":"SMITH"},{"floor":49,"key":"RECALL"},{"data":"Backflip","floor":53,"key":"SMITH"}],"neow_cost":"PERCENT_DAMAGE","seed_source_timestamp":796242602739300,"circlet_count":0,"master_deck":["AscendersBane","Defend_G","Defend_G","Strike_G+1","Survivor","Neutralize+1","Masterful Stab+1","Choke+1","Cloak And Dagger+1","Outmaneuver","Venomology+1","Escape Plan","Acrobatics+1","Backstab+1","Concentrate+1","Backflip+1","Backflip","After Image","Calculated Gamble+1","Deadly Poison+1","Tools of the Trade","Reflex+1","Backflip","Finesse"],"relics":["Ring of the Snake","Bloody Idol","Bronze Scales","Potion Belt","Centennial Puzzle","Coffee Dripper","Red Mask","Sundial","Gremlin Horn","Cursed Key","Kunai","Gambling Chip","Art of War","Whetstone","Nunchaku"],"potions_floor_usage":[16,19,19,22,22,24,27,27,27,33,33,35,38,41,41,42,42,51,51,51,51,56,56,56],"damage_taken":[{"damage":0,"enemies":"Cultist","floor":1,"turns":5},{"damage":0,"enemies":"2 Louse","floor":2,"turns":3},{"damage":1,"enemies":"Jaw Worm","floor":11,"turns":2},{"damage":8,"enemies":"Gremlin Nob","floor":13,"turns":3},{"damage":0,"enemies":"Looter","floor":14,"turns":3},{"damage":24,"enemies":"Slime Boss","floor":16,"turns":10},{"damage":14,"enemies":"Spheric Guardian","floor":18,"turns":4},{"damage":20,"enemies":"Masked Bandits","floor":19,"turns":3},{"damage":9,"enemies":"Shell Parasite","floor":22,"turns":8},{"damage":3,"enemies":"Cultist and Chosen","floor":24,"turns":3},{"damage":13,"enemies":"Snake Plant","floor":25,"turns":2},{"damage":4,"enemies":"Book of Stabbing","floor":27,"turns":3},{"damage":0,"enemies":"Sentry and Sphere","floor":31,"turns":4},{"damage":30,"enemies":"Automaton","floor":33,"turns":8},{"damage":0,"enemies":"Orb Walker","floor":35,"turns":2},{"damage":0,"enemies":"3 Darklings","floor":36,"turns":5},{"damage":1,"enemies":"Jaw Worm Horde","floor":38,"turns":2},{"damage":0,"enemies":"Reptomancer","floor":41,"turns":4},{"damage":2,"enemies":"Mind Bloom Boss Battle","floor":42,"turns":4},{"damage":0,"enemies":"Giant Head","floor":46,"turns":5},{"damage":0,"enemies":"Reptomancer","floor":48,"turns":4},{"damage":0,"enemies":"Donu and Deca","floor":50,"turns":6},{"damage":43,"enemies":"Time Eater","floor":51,"turns":15},{"damage":0,"enemies":"Shield and Spear","floor":55,"turns":7},{"damage":48,"enemies":"The Heart","floor":56,"turns":10}],"seed_played":"1302482600394848214","potions_obtained":[{"floor":1,"key":"Strength Potion"},{"floor":2,"key":"LiquidBronze"},{"floor":19,"key":"Fire Potion"},{"floor":25,"key":"Explosive Potion"},{"floor":33,"key":"Ancient Potion"},{"floor":41,"key":"Fire Potion"},{"floor":42,"key":"PowerPotion"},{"floor":55,"key":"Strength Potion"}],"is_trial":false,"path_per_floor":["M","M","$","?","?","R","?","R","T","R","M","$","E","M","R","B",null,"M","?","$","?","M","R","M","M","T","E","?","$","?","M","R","B",null,"M","M","$","M","?","R","E","?","T","$","?","E","R","E","R","B","B",null,"R","$","E","B",null],"character_chosen":"THE_SILENT","items_purchased":["Choke","Acrobatics","Regen Potion","Backflip","Deadly Poison","Finesse"],"campfire_rested":0,"item_purchase_floors":[3,20,20,29,37,54],"current_hp_per_floor":[44,44,44,49,49,49,49,49,49,49,48,48,40,40,40,16,52,38,18,18,18,53,53,50,37,37,33,33,33,38,43,43,18,53,58,63,63,64,64,64,64,64,64,61,61,61,61,61,61,61,18,50,50,50,55,7],"gold":40,"neow_bonus":"REMOVE_TWO","is_prod":false,"is_daily":false,"chose_seed":false,"campfire_upgraded":9,"win_rate":0,"timestamp":1549641633,"path_taken":["M","?","$","?","?","R","?","R","T","R","M","?","E","M","R","BOSS","M","?","$","?","?","R","M","?","T","E","?","$","?","M","R","BOSS","M","M","$","M","?","R","E","?","T","$","?","E","R","E","R","BOSS","BOSS","R","$","E","BOSS"],"build_version":"2019-01-23","purchased_purges":5,"victory":true,"max_hp_per_floor":[66,66,66,71,64,64,64,64,64,64,64,64,64,64,64,64,64,64,64,64,64,64,64,64,64,64,64,64,64,64,64,64,64,64,64,64,64,64,64,64,64,64,64,61,61,61,61,61,61,61,61,61,61,61,61,61],"card_choices":[{"not_picked":["Backflip","Flying Knee"],"picked":"Masterful Stab","floor":1},{"not_picked":["Blur","Prepared"],"picked":"Tools of the Trade","floor":2},{"not_picked":["Accuracy","Sucker Punch"],"picked":"Cloak And Dagger","floor":11},{"not_picked":["Bane","Sucker Punch"],"picked":"Outmaneuver","floor":13},{"not_picked":["Heel Hook","Sucker Punch","Flying Knee"],"picked":"SKIP","floor":14},{"not_picked":["Corpse Explosion","Unload"],"picked":"Venomology","floor":16},{"not_picked":["Outmaneuver","Caltrops","Accuracy"],"picked":"SKIP","floor":18},{"not_picked":["Deadly Poison","Cloak And Dagger"],"picked":"Escape Plan","floor":19},{"not_picked":["Finisher","Outmaneuver","Bane"],"picked":"SKIP","floor":22},{"not_picked":["Poisoned Stab","Deflect"],"picked":"Backstab","floor":24},{"not_picked":["Crippling Poison","Dodge and Roll"],"picked":"Concentrate+1","floor":25},{"not_picked":["Heel Hook","Storm of Steel"],"picked":"Backflip","floor":27},{"not_picked":["Dagger Throw","Catalyst","Poisoned Stab"],"picked":"SKIP","floor":31},{"not_picked":["Bullet Time","Adrenaline"],"picked":"After Image","floor":33},{"not_picked":["Outmaneuver","Noxious Fumes"],"picked":"Calculated Gamble+1","floor":35},{"not_picked":["Dagger Throw+1","All Out Attack+1","Poisoned Stab"],"picked":"SKIP","floor":36},{"not_picked":["Dagger Throw+1","All Out Attack+1","Poisoned Stab"],"picked":"SKIP","floor":36},{"not_picked":["Deflect","Cloak And Dagger","Concentrate"],"picked":"SKIP","floor":38},{"not_picked":["Underhanded Strike+1","Leg Sweep+1"],"picked":"Tools of the Trade","floor":41},{"not_picked":["Flying Knee+1","Bouncing Flask"],"picked":"Reflex","floor":42},{"not_picked":["Outmaneuver+1","Unload"],"picked":"Backflip","floor":46},{"not_picked":["Catalyst","Blade Dance+1","Dagger Throw"],"picked":"SKIP","floor":48},{"not_picked":["Bullet Time","Catalyst","Dodge and Roll+1"],"picked":"SKIP","floor":55}],"player_experience":4226670,"relics_obtained":[{"floor":9,"key":"Potion Belt"},{"floor":13,"key":"Centennial Puzzle"},{"floor":19,"key":"Red Mask"},{"floor":26,"key":"Sundial"},{"floor":27,"key":"Gremlin Horn"},{"floor":41,"key":"Kunai"},{"floor":42,"key":"Gambling Chip"},{"floor":46,"key":"Art of War"},{"floor":48,"key":"Whetstone"},{"floor":55,"key":"Nunchaku"}],"event_choices":[{"damage_healed":0,"gold_gain":0,"player_choice":"Donut","damage_taken":0,"max_hp_gain":5,"max_hp_loss":0,"event_name":"Big Fish","floor":4,"gold_loss":0},{"damage_healed":0,"gold_gain":0,"player_choice":"Lose Max HP","damage_taken":0,"relics_obtained":["Golden Idol"],"max_hp_gain":0,"max_hp_loss":7,"event_name":"Golden Idol","floor":5,"gold_loss":0},{"damage_healed":0,"gold_gain":0,"player_choice":"Searched \u00271\u0027 times","damage_taken":0,"relics_obtained":["Bronze Scales"],"max_hp_gain":0,"max_hp_loss":0,"event_name":"Dead Adventurer","floor":7,"gold_loss":0},{"damage_healed":0,"gold_gain":0,"player_choice":"Fought Bandits","damage_taken":0,"max_hp_gain":0,"max_hp_loss":0,"event_name":"Masked Bandits","floor":19,"gold_loss":0},{"damage_healed":0,"gold_gain":0,"player_choice":"Upgraded","damage_taken":0,"max_hp_gain":0,"max_hp_loss":0,"event_name":"Upgrade Shrine","floor":21,"gold_loss":0,"cards_upgraded":["Acrobatics"]},{"damage_healed":0,"gold_gain":0,"player_choice":"Gave Idol","damage_taken":0,"relics_obtained":["Bloody Idol"],"max_hp_gain":0,"max_hp_loss":0,"event_name":"Forgotten Altar","floor":28,"relics_lost":["Golden Idol"],"gold_loss":0},{"damage_healed":0,"gold_gain":50,"player_choice":"Stole From Cult","damage_taken":0,"max_hp_gain":0,"max_hp_loss":0,"event_name":"Nest","floor":30,"gold_loss":0},{"cards_removed":["Tools of the Trade"],"damage_healed":0,"gold_gain":0,"player_choice":"Removed Power","damage_taken":0,"max_hp_gain":0,"max_hp_loss":0,"event_name":"Falling","floor":39,"gold_loss":0},{"damage_healed":0,"gold_gain":0,"player_choice":"Fight","damage_taken":0,"max_hp_gain":0,"max_hp_loss":0,"event_name":"MindBloom","floor":42,"gold_loss":0},{"cards_removed":["Strike_G"],"damage_healed":0,"gold_gain":0,"player_choice":"Purged","damage_taken":0,"max_hp_gain":0,"max_hp_loss":0,"event_name":"Purifier","floor":45,"gold_loss":0}],"is_beta":false,"boss_relics":[{"not_picked":["Lizard Tail","HoveringKite"],"picked":"Coffee Dripper"},{"not_picked":["Runic Dome","Calling Bell"],"picked":"Cursed Key"}],"items_purged_floors":[3,20,29,37,44],"is_endless":false,"potions_floor_spawned":[1,2,19,25,33,41,42,55],"ascension_level":20}