{"gold_per_floor":[118,132,152,152,164,199,213,183,238,238,238,268,268,14,14,14],"floor_reached":16,"playtime":753,"items_purged":[],"score":149,"play_id":"1c2c80a7-143f-4305-93be-a96b6808e687","local_time":"20190322211504","is_ascension_mode":true,"campfire_choices":[{"floor":10,"key":"REST"},{"floor":13,"key":"REST"},{"data":"After Image","floor":15,"key":"SMITH"}],"neow_cost":"PERCENT_DAMAGE","seed_source_timestamp":1138893977782121,"circlet_count":0,"master_deck":["Defend_G","Defend_G","Defend_G","Defend_G","Defend_G","Strike_G","Strike_G","Strike_G","Survivor","Neutralize","Backflip","A Thousand Cuts+1","Deflect","Dodge and Roll","Caltrops","After Image+1","PiercingWail"],"relics":["Ring of the Snake","Strawberry","Tiny Chest","Pen Nib","Frozen Egg 2"],"potions_floor_usage":[6,6,7],"damage_taken":[{"damage":0,"enemies":"Cultist","floor":1,"turns":5},{"damage":1,"enemies":"Jaw Worm","floor":2,"turns":5},{"damage":0,"enemies":"Small Slimes","floor":3,"turns":4},{"damage":7,"enemies":"Exordium Wildlife","floor":5,"turns":6},{"damage":23,"enemies":"Gremlin Nob","floor":6,"turns":5},{"damage":10,"enemies":"Lots of Slimes","floor":7,"turns":4},{"damage":2,"enemies":"Looter","floor":8,"turns":4},{"damage":14,"enemies":"3 Sentries","floor":12,"turns":6},{"damage":44,"enemies":"Hexaghost","floor":16,"turns":16}],"seed_played":"1361552532827652783","potions_obtained":[{"floor":1,"key":"GamblersBrew"},{"floor":5,"key":"Strength Potion"},{"floor":6,"key":"Block Potion"}],"is_trial":false,"path_per_floor":["M","M","M","?","M","E","M","M","T","R","?","E","R","$","R","B"],"character_chosen":"THE_SILENT","items_purchased":["Frozen Egg 2"],"campfire_rested":2,"item_purchase_floors":[14],"current_hp_per_floor":[45,44,44,44,37,21,11,9,9,32,32,18,41,41,41,0],"gold":14,"neow_bonus":"TRANSFORM_TWO_CARDS","is_prod":false,"is_daily":false,"chose_seed":false,"campfire_upgraded":1,"win_rate":0,"timestamp":1553303704,"path_taken":["M","?","M","?","M","E","M","M","T","R","?","E","R","$","R","BOSS"],"build_version":"2019-01-23","purchased_purges":0,"victory":false,"max_hp_per_floor":[70,70,70,70,70,77,77,77,77,77,77,77,77,77,77,77],"card_choices":[{"not_picked":["Flechettes","Bouncing Flask","Expertise"],"picked":"SKIP","floor":1},{"not_picked":["Underhanded Strike","Finisher","Dagger Throw"],"picked":"SKIP","floor":2},{"not_picked":["Caltrops","Dagger Spray"],"picked":"Deflect","floor":3},{"not_picked":["Backflip","Poisoned Stab"],"picked":"Dodge and Roll","floor":5},{"not_picked":["Acrobatics","Flechettes"],"picked":"Caltrops","floor":6},{"not_picked":["Flying Knee","Terror"],"picked":"After Image","floor":7},{"not_picked":["Slice","Quick Slash"],"picked":"PiercingWail","floor":8},{"not_picked":["Deadly Poison","Slice","Bouncing Flask"],"picked":"SKIP","floor":12}],"player_experience":321690,"relics_obtained":[{"floor":6,"key":"Strawberry"},{"floor":9,"key":"Tiny Chest"},{"floor":12,"key":"Pen Nib"}],"event_choices":[{"damage_healed":0,"gold_gain":0,"player_choice":"Grow","damage_taken":0,"max_hp_gain":0,"max_hp_loss":0,"event_name":"Living Wall","floor":4,"gold_loss":0,"cards_upgraded":["A Thousand Cuts"]},{"damage_healed":0,"gold_gain":0,"player_choice":"Ignored","damage_taken":0,"max_hp_gain":0,"max_hp_loss":0,"event_name":"Liars Game","floor":11,"gold_loss":0}],"is_beta":false,"boss_relics":[],"items_purged_floors":[],"is_endless":false,"potions_floor_spawned":[1,5,6],"killed_by":"Hexaghost","ascension_level":7}