{"gold_per_floor":[111,111,81,99,117,117,150,179,203,203,41,41,41,57,57,133,183,199,107,107,127,127],"floor_reached":22,"playtime":548,"items_purged":[],"score":346,"play_id":"df8a7b9f-ccb8-4702-87f9-5382687b7b4d","local_time":"20190312205918","is_ascension_mode":true,"campfire_choices":[{"data":"Body Slam","floor":6,"key":"SMITH"},{"floor":13,"key":"REST"},{"data":"Perfected Strike","floor":15,"key":"SMITH"}],"neow_cost":"NONE","seed_source_timestamp":442122035329100,"circlet_count":0,"master_deck":["AscendersBane","Strike_R","Strike_R","Strike_R","Strike_R","Strike_R","Defend_R","Defend_R","Defend_R+1","Defend_R","Bash","Deep Breath","Sword Boomerang+1","Body Slam+1","Shrug It Off","Perfected Strike","Perfected Strike+1","Spot Weakness","Limit Break","Pain","Perfected Strike","Inflame","Flame Barrier","Jack Of All Trades","Disarm"],"relics":["Burning Blood","Centennial Puzzle","Odd Mushroom","Lantern","WarpedTongs","Tiny House"],"potions_floor_usage":[7,16,20,21,21],"damage_taken":[{"damage":19,"enemies":"Jaw Worm","floor":1,"turns":4},{"damage":1,"enemies":"Cultist","floor":4,"turns":3},{"damage":11,"enemies":"2 Louse","floor":5,"turns":2},{"damage":32,"enemies":"Gremlin Nob","floor":7,"turns":4},{"damage":13,"enemies":"The Mushroom Lair","floor":8,"turns":4},{"damage":0,"enemies":"Looter","floor":14,"turns":2},{"damage":29,"enemies":"The Guardian","floor":16,"turns":7},{"damage":42,"enemies":"Shell Parasite","floor":18,"turns":5},{"damage":20,"enemies":"3 Byrds","floor":21,"turns":3},{"damage":26,"enemies":"Snake Plant","floor":22,"turns":2}],"seed_played":"7861189909362295867","potions_obtained":[{"floor":3,"key":"SpeedPotion"},{"floor":3,"key":"FearPotion"},{"floor":7,"key":"Block Potion"},{"floor":17,"key":"Weak Potion"},{"floor":20,"key":"Fruit Juice"},{"floor":20,"key":"LiquidBronze"}],"is_trial":false,"path_per_floor":["M","?","?","M","M","R","E","?","T","?","$","?","R","M","R","B",null,"M","$","?","M","M"],"character_chosen":"IRONCLAD","items_purchased":["Spot Weakness","Limit Break","Jack Of All Trades"],"campfire_rested":1,"item_purchase_floors":[11,11,19],"current_hp_per_floor":[55,55,55,60,55,55,29,22,22,22,22,22,44,50,50,27,68,32,32,37,23,0],"gold":127,"neow_bonus":"RANDOM_COLORLESS","is_prod":false,"is_daily":false,"chose_seed":false,"campfire_upgraded":2,"win_rate":0,"timestamp":1552438758,"path_taken":["M","?","?","M","?","R","E","?","T","?","$","?","R","M","R","BOSS","M","$","?","?","M"],"build_version":"2019-02-06","purchased_purges":0,"victory":false,"max_hp_per_floor":[75,75,75,75,75,75,75,75,75,75,75,75,75,75,75,75,80,80,80,85,85,85],"card_choices":[{"not_picked":["Second Wind","Clash"],"picked":"Sword Boomerang","floor":1},{"not_picked":["Anger","Flex"],"picked":"Body Slam","floor":4},{"not_picked":["Pommel Strike","Sever Soul"],"picked":"Shrug It Off","floor":5},{"not_picked":["Flex","Shockwave"],"picked":"Perfected Strike","floor":7},{"not_picked":["Iron Wave","Anger"],"picked":"Perfected Strike","floor":8},{"not_picked":["Clash","Hemokinesis"],"picked":"Perfected Strike","floor":14},{"not_picked":["Seeing Red","Warcry"],"picked":"Inflame","floor":17},{"not_picked":["Pommel Strike","Thunderclap"],"picked":"Flame Barrier","floor":18},{"not_picked":["Anger","Twin Strike"],"picked":"Disarm","floor":21}],"player_experience":650562,"relics_obtained":[{"floor":7,"key":"Centennial Puzzle"},{"floor":8,"key":"Odd Mushroom"},{"floor":9,"key":"Lantern"}],"event_choices":[{"damage_healed":0,"gold_gain":0,"player_choice":"Grow","damage_taken":0,"max_hp_gain":0,"max_hp_loss":0,"event_name":"Living Wall","floor":2,"gold_loss":0,"cards_upgraded":["Sword Boomerang"]},{"damage_healed":0,"gold_gain":0,"player_choice":"Bought 2 Potions","damage_taken":0,"max_hp_gain":0,"max_hp_loss":0,"event_name":"The Woman in Blue","floor":3,"gold_loss":0},{"damage_healed":0,"gold_gain":0,"player_choice":"Fought Mushrooms","damage_taken":0,"max_hp_gain":0,"max_hp_loss":0,"event_name":"Mushrooms","floor":8,"gold_loss":0},{"damage_healed":0,"gold_gain":0,"player_choice":"Leave","damage_taken":0,"max_hp_gain":0,"max_hp_loss":0,"event_name":"The Cleric","floor":10,"gold_loss":0},{"damage_healed":0,"gold_gain":0,"player_choice":"Rummage","damage_taken":0,"relics_obtained":["WarpedTongs"],"max_hp_gain":0,"max_hp_loss":0,"event_name":"Accursed Blacksmith","floor":12,"gold_loss":0,"cards_obtained":["Pain"]},{"damage_healed":0,"gold_gain":0,"player_choice":"Got Potions","damage_taken":0,"max_hp_gain":0,"max_hp_loss":0,"event_name":"Lab","floor":20,"gold_loss":0}],"is_beta":true,"boss_relics":[{"not_picked":["Coffee Dripper","Mark of Pain"],"picked":"Tiny House"}],"items_purged_floors":[],"is_endless":false,"potions_floor_spawned":[4,7],"killed_by":"Snake Plant","ascension_level":18}