{"gold_per_floor":[15,15,25,42,56,56,56,83,83,108,108,125,125,125,125,221,221,239,164,164,11,29,29,45,83,83,119,139,159,159,159,159,255,255,280,280,303,89,104,104,137,150,173,208,233,158,173,194,194,194,194,194,194,44,77,77],"floor_reached":57,"playtime":2897,"items_purged":["Strike_G","Strike_G","All Out Attack+1","Finisher"],"score":2858,"play_id":"adcd1449-46f2-4663-8b58-5042e98cc2bf","local_time":"20190119005905","is_ascension_mode":true,"campfire_choices":[{"floor":7.0,"key":"REST"},{"data":"Crippling Poison","floor":11.0,"key":"SMITH"},{"data":"Acrobatics","floor":15.0,"key":"SMITH"},{"data":"Purity","floor":23.0,"key":"SMITH"},{"data":"Tactician","floor":30,"key":"SMITH"},{"data":"Neutralize","floor":32,"key":"SMITH"},{"data":"Adrenaline","floor":40,"key":"SMITH"},{"floor":49,"key":"RECALL"},{"data":"Purity","floor":53,"key":"SMITH"}],"neow_cost":"NO_GOLD","seed_source_timestamp":714598716630912,"circlet_count":0,"master_deck":["AscendersBane","Defend_G","Defend_G+1","Defend_G","Defend_G+1","Survivor","Neutralize+1","Purity+1","Trip+1","Calculated Gamble+1","After Image+1","Crippling Poison+1","Acrobatics+1","Grand Finale","Backflip","Backflip+1","Prepared","Escape Plan","Tactician+1","Adrenaline+1","Deflect+1","Glass Knife+1","Purity+1","Footwork","Acrobatics","Tactician","Acrobatics"],"special_seed":0,"relics":["Ring of the Snake","Orichalcum","Mercury Hourglass","Centennial Puzzle","Golden Idol","Potion Belt","Orrery","Question Card","Pen Nib","Meat on the Bone","Astrolabe","War Paint","Art of War","Blood Vial"],"potions_floor_usage":[25,27,33,41,42,56,56,56],"damage_taken":[{"damage":3.0,"enemies":"Small Slimes","floor":1.0,"turns":4.0},{"damage":0.0,"enemies":"Cultist","floor":3.0,"turns":2.0},{"damage":0.0,"enemies":"Jaw Worm","floor":4.0,"turns":2.0},{"damage":8.0,"enemies":"Blue Slaver","floor":5.0,"turns":3.0},{"damage":20.0,"enemies":"3 Sentries","floor":10.0,"turns":7.0},{"damage":0.0,"enemies":"Gremlin Gang","floor":12.0,"turns":2.0},{"damage":2.0,"enemies":"Slime Boss","floor":16.0,"turns":6.0},{"damage":15.0,"enemies":"2 Thieves","floor":18.0,"turns":4.0},{"damage":3.0,"enemies":"Spheric Guardian","floor":22.0,"turns":3.0},{"damage":12.0,"enemies":"Chosen and Byrds","floor":24.0,"turns":4.0},{"damage":15,"enemies":"Slavers","floor":25,"turns":2},{"damage":0,"enemies":"Book of Stabbing","floor":27,"turns":5},{"damage":1,"enemies":"Shelled Parasite and Fungi","floor":28,"turns":2},{"damage":2,"enemies":"Centurion and Healer","floor":29,"turns":6},{"damage":1,"enemies":"Automaton","floor":33,"turns":5},{"damage":11,"enemies":"Orb Walker","floor":35,"turns":4},{"damage":0,"enemies":"3 Shapes","floor":37,"turns":7},{"damage":9,"enemies":"3 Darklings","floor":39,"turns":3},{"damage":3,"enemies":"Nemesis","floor":41,"turns":3},{"damage":2,"enemies":"Sphere and 2 Shapes","floor":42,"turns":4},{"damage":0,"enemies":"Giant Head","floor":44,"turns":3},{"damage":0,"enemies":"Writhing Mass","floor":45,"turns":2},{"damage":15,"enemies":"4 Shapes","floor":47,"turns":2},{"damage":0,"enemies":"Maw","floor":48,"turns":4},{"damage":7,"enemies":"Awakened One","floor":50,"turns":3},{"damage":3,"enemies":"Donu and Deca","floor":51,"turns":3},{"damage":23,"enemies":"Shield and Spear","floor":55,"turns":2},{"damage":54,"enemies":"The Heart","floor":56,"turns":6}],"seed_played":"6238957362285817513","potions_obtained":[{"floor":3.0,"key":"SkillPotion"},{"floor":4.0,"key":"Strength Potion"},{"floor":16.0,"key":"AttackPotion"},{"floor":18.0,"key":"Strength Potion"},{"floor":22.0,"key":"EssenceOfSteel"},{"floor":27,"key":"FearPotion"},{"floor":29,"key":"EssenceOfSteel"},{"floor":31,"key":"GamblersBrew"},{"floor":31,"key":"Fire Potion"},{"floor":33,"key":"Regen Potion"},{"floor":44,"key":"AttackPotion"},{"floor":45,"key":"Regen Potion"},{"floor":47,"key":"Regen Potion"}],"is_trial":false,"path_per_floor":["M","?","M","M","M","?","R","T","T","E","R","M","?","?","R","B",null,"M","$","?","$","M","R","M","E","T","E","M","M","R","?","R","B",null,"M","?","M","$","M","R","E","M","T","E","M","?","M","M","R","B","B",null,"R","$","E","B",null],"character_chosen":"THE_SILENT","items_purchased":["Swift Potion","Footwork"],"campfire_rested":1,"item_purchase_floors":[21,38],"current_hp_per_floor":[56,56,56,56,48,28,47,47,47,27,27,27,27,27,27,25,51,36,36,36,36,33,33,21,6,6,6,17,27,27,27,27,38,55,44,34,34,34,37,37,34,32,32,32,32,32,29,41,41,34,31,53,53,53,42,49],"gold":77,"neow_bonus":"RANDOM_COLORLESS_2","is_prod":false,"is_daily":false,"chose_seed":false,"campfire_upgraded":7,"win_rate":0,"timestamp":1547827145,"path_taken":["M","?","?","M","M","?","R","?","T","E","R","?","?","?","R","BOSS","M","$","?","$","M","R","M","E","T","E","?","M","R","?","R","BOSS","M","?","M","?","?","R","E","M","T","E","?","?","M","M","R","BOSS","BOSS","R","$","E","BOSS"],"build_version":"2019-01-17v2","purchased_purges":4,"victory":true,"max_hp_per_floor":[66,66,66,66,66,66,66,66,66,66,66,66,60,60,60,60,60,60,60,60,60,60,60,60,60,60,60,60,60,60,60,60,60,60,60,60,60,60,60,60,60,60,60,60,60,60,60,60,60,60,60,60,60,60,60,60],"card_choices":[{"not_picked":["Flying Knee","Quick Slash"],"picked":"Finisher","floor":1.0},{"not_picked":["Caltrops","Poisoned Stab"],"picked":"Slice","floor":3.0},{"not_picked":["Flying Knee","Choke"],"picked":"Calculated Gamble","floor":4.0},{"not_picked":["Underhanded Strike","Backflip"],"picked":"After Image","floor":5.0},{"not_picked":["All Out Attack","Deflect"],"picked":"Crippling Poison","floor":10.0},{"not_picked":["Eviscerate","Cloak And Dagger"],"picked":"Acrobatics","floor":12.0},{"not_picked":["Burst","Venomology"],"picked":"Grand Finale","floor":16.0},{"not_picked":["Deadly Poison","Dagger Throw"],"picked":"Backflip","floor":17.0},{"not_picked":["Deadly Poison","Quick Slash","Backstab"],"picked":"SKIP","floor":18.0},{"not_picked":["Blade Dance","Deflect"],"picked":"Backflip+1","floor":22.0},{"not_picked":["Acrobatics","Deadly Poison"],"picked":"Prepared","floor":24.0},{"not_picked":["Deadly Poison+1","Leg Sweep+1"],"picked":"Escape Plan","floor":25},{"not_picked":["Slice","Backflip+1","Die Die Die","Outmaneuver+1"],"picked":"SKIP","floor":27},{"not_picked":["Eviscerate","Deflect","Calculated Gamble","Caltrops"],"picked":"SKIP","floor":28},{"not_picked":["Dagger Spray","Eviscerate","Predator"],"picked":"Tactician","floor":29},{"not_picked":["Phantasmal Killer","A Thousand Cuts","Night Terror"],"picked":"Adrenaline","floor":33},{"not_picked":["Cloak And Dagger","Prepared","Dodge and Roll","Burst"],"picked":"SKIP","floor":35},{"not_picked":["Mind Blast","Forethought","Enlightenment"],"picked":"Purity","floor":36},{"not_picked":["Cloak And Dagger","PiercingWail","Dagger Spray","Deadly Poison"],"picked":"SKIP","floor":37},{"not_picked":["Quick Slash","Blade Dance","PiercingWail+1"],"picked":"Acrobatics","floor":39},{"not_picked":["Deflect","Masterful Stab","Cloak And Dagger+1"],"picked":"Tactician","floor":41},{"not_picked":["Slice+1","Dodge and Roll","Catalyst"],"picked":"Acrobatics","floor":42},{"not_picked":["Cloak And Dagger","Slice","Skewer","Dagger Throw"],"picked":"SKIP","floor":44},{"not_picked":["Corpse Explosion","Slice","Dodge and Roll+1","All Out Attack"],"picked":"SKIP","floor":45},{"not_picked":["Corpse Explosion","Slice","Dodge and Roll+1","All Out Attack"],"picked":"SKIP","floor":45},{"not_picked":["Cloak And Dagger","Deflect","Endless Agony","Backflip"],"picked":"SKIP","floor":47},{"not_picked":["Cloak And Dagger","Deflect","Endless Agony","Backflip"],"picked":"SKIP","floor":47},{"not_picked":["Slice+1","Acrobatics","Choke","Crippling Poison"],"picked":"SKIP","floor":48},{"not_picked":["Finisher+1","Catalyst+1","Eviscerate","Dash"],"picked":"SKIP","floor":55}],"player_experience":4125993,"relics_obtained":[{"floor":8.0,"key":"Orichalcum"},{"floor":9.0,"key":"Mercury Hourglass"},{"floor":10.0,"key":"Centennial Puzzle"},{"floor":25,"key":"Question Card"},{"floor":26,"key":"Pen Nib"},{"floor":27,"key":"Meat on the Bone"},{"floor":41,"key":"War Paint"},{"floor":44,"key":"Art of War"},{"floor":55,"key":"Blood Vial"}],"event_choices":[{"cards_removed":["Defend_G"],"damage_healed":0.0,"max_hp_gain":0.0,"max_hp_loss":0.0,"gold_gain":0.0,"event_name":"Bonfire Elementals","player_choice":"Offered Basic","floor":2.0,"gold_loss":0.0,"damage_taken":0.0},{"damage_healed":0.0,"max_hp_gain":0.0,"max_hp_loss":0.0,"gold_gain":0.0,"event_name":"Shining Light","player_choice":"Entered Light","floor":6.0,"gold_loss":0.0,"damage_taken":20.0,"cards_upgraded":["After Image","Defend_G"]},{"damage_healed":0.0,"max_hp_gain":0.0,"max_hp_loss":6.0,"gold_gain":0.0,"event_name":"Golden Idol","player_choice":"Lose Max HP","floor":13.0,"gold_loss":0.0,"damage_taken":0.0,"relics_obtained":["Golden Idol"]},{"damage_healed":0.0,"max_hp_gain":0.0,"max_hp_loss":0.0,"gold_gain":0.0,"event_name":"Dead Adventurer","player_choice":"Searched \u00272\u0027 times","floor":14.0,"gold_loss":0.0,"damage_taken":0.0,"relics_obtained":["Potion Belt"]},{"damage_healed":0.0,"max_hp_gain":0.0,"max_hp_loss":0.0,"gold_gain":0.0,"event_name":"Upgrade Shrine","player_choice":"Upgraded","floor":20.0,"gold_loss":0.0,"damage_taken":0.0,"cards_upgraded":["Calculated Gamble"]},{"damage_healed":0,"gold_gain":0,"player_choice":"Got Potions","damage_taken":0,"max_hp_gain":0,"max_hp_loss":0,"event_name":"Lab","floor":31,"gold_loss":0},{"damage_healed":0,"gold_gain":0,"player_choice":"Memory 3","damage_taken":10,"max_hp_gain":0,"max_hp_loss":0,"event_name":"SensoryStone","floor":36,"gold_loss":0},{"cards_removed":["Slice"],"damage_healed":0,"gold_gain":0,"player_choice":"Single Remove","damage_taken":0,"max_hp_gain":0,"max_hp_loss":0,"event_name":"Designer","floor":46,"gold_loss":75}],"is_beta":false,"boss_relics":[{"not_picked":["Tiny House","Coffee Dripper"],"picked":"Orrery"},{"not_picked":["Fusion Hammer","WristBlade"],"picked":"Astrolabe"}],"items_purged_floors":[19,21,38,54],"is_endless":false,"potions_floor_spawned":[3,4,12,16,18,22,27,29,33,35,44,45,47],"ascension_level":20}