{"gold_per_floor":[112,126,126,139,157,187,187,48,71,71,86,118,133,151,151,151],"floor_reached":16,"playtime":464,"items_purged":[],"score":228,"play_id":"91838678-59df-439c-a11e-1ebb4dc68c9c","local_time":"20190130010849","is_ascension_mode":true,"campfire_choices":[{"floor":7.0,"key":"REST"},{"data":"Well Laid Plans","floor":10.0,"key":"SMITH"},{"data":"Tactician","floor":15.0,"key":"SMITH"}],"neow_cost":"TEN_PERCENT_HP_LOSS","seed_source_timestamp":165611520891400,"circlet_count":0,"master_deck":["AscendersBane","Defend_G","Defend_G","Defend_G","Defend_G","Strike_G","Strike_G","Strike_G","Strike_G","Survivor","Neutralize","Backflip","Skewer","Terror","Crippling Poison","Leg Sweep","Well Laid Plans+1","Outmaneuver","Tactician+1","Prepared","Bouncing Flask","Backflip","Dagger Throw"],"special_seed":0,"relics":["Ring of the Snake","SsserpentHead","Vajra","Smiling Mask","Dream Catcher"],"potions_floor_usage":[],"damage_taken":[{"damage":0.0,"enemies":"Jaw Worm","floor":1.0,"turns":6.0},{"damage":8.0,"enemies":"Cultist","floor":2.0,"turns":5.0},{"damage":0.0,"enemies":"Small Slimes","floor":4.0,"turns":4.0},{"damage":4.0,"enemies":"2 Fungi Beasts","floor":5.0,"turns":4.0},{"damage":27.0,"enemies":"Gremlin Nob","floor":6.0,"turns":4.0},{"damage":6.0,"enemies":"Large Slime","floor":11.0,"turns":4.0},{"damage":16.0,"enemies":"3 Sentries","floor":12.0,"turns":14.0},{"damage":5.0,"enemies":"3 Louse","floor":13.0,"turns":4.0},{"damage":0.0,"enemies":"Lots of Slimes","floor":14.0,"turns":4.0},{"damage":11,"enemies":"The Guardian","floor":16,"turns":2}],"seed_played":"2897775836379722787","potions_obtained":[{"floor":2.0,"key":"FearPotion"},{"floor":4.0,"key":"Energy Potion"},{"floor":12.0,"key":"GhostInAJar"},{"floor":13.0,"key":"Weak Potion"}],"is_trial":false,"path_per_floor":["M","M","?","M","M","E","R","$","T","R","M","E","M","M","R","B"],"character_chosen":"THE_SILENT","items_purchased":["Well Laid Plans","Outmaneuver","Tactician"],"campfire_rested":1,"item_purchase_floors":[8,8,8],"current_hp_per_floor":[59,51,51,51,47,20,38,38,38,38,32,16,11,11,11,0],"gold":151,"neow_bonus":"REMOVE_TWO","is_prod":false,"is_daily":false,"chose_seed":false,"campfire_upgraded":2,"win_rate":0,"timestamp":1548778129,"path_taken":["M","M","?","M","M","E","R","?","T","R","M","E","M","M","R","BOSS"],"build_version":"2019-01-23","purchased_purges":0,"victory":false,"max_hp_per_floor":[60,60,60,60,60,60,60,60,60,60,60,60,60,60,60,60],"card_choices":[{"not_picked":["Acrobatics","Accuracy"],"picked":"Backflip","floor":1.0},{"not_picked":["Sucker Punch","Dagger Throw"],"picked":"Skewer","floor":2.0},{"not_picked":["Sucker Punch","Slice"],"picked":"Terror","floor":4.0},{"not_picked":["Deflect","Blur"],"picked":"Crippling Poison","floor":5.0},{"not_picked":["Dagger Spray","Expertise"],"picked":"Leg Sweep","floor":6.0},{"not_picked":["Dagger Throw","Catalyst"],"picked":"Prepared","floor":11.0},{"not_picked":["Dagger Throw","Blur"],"picked":"Bouncing Flask","floor":12.0},{"not_picked":["Slice","Finisher"],"picked":"Backflip","floor":13.0},{"not_picked":["Bane","Prepared"],"picked":"Dagger Throw","floor":14.0}],"player_experience":4165779,"relics_obtained":[{"floor":6.0,"key":"Vajra"},{"floor":9.0,"key":"Smiling Mask"},{"floor":12.0,"key":"Dream Catcher"}],"event_choices":[{"damage_healed":0.0,"max_hp_gain":0.0,"max_hp_loss":0.0,"gold_gain":0.0,"event_name":"FaceTrader","player_choice":"Trade","floor":3.0,"gold_loss":0.0,"damage_taken":0.0,"relics_obtained":["SsserpentHead"]}],"is_beta":false,"boss_relics":[],"items_purged_floors":[],"is_endless":false,"potions_floor_spawned":[2,4,5,12,13],"killed_by":"The Guardian","ascension_level":20}