{"gold_per_floor":[111,125,125,125,139,169,189,189,189,189,189,189,208,218,218,297,297,269,288,55,55],"floor_reached":21,"playtime":761,"items_purged":["Normality"],"score":326,"play_id":"1ceca733-cea0-422c-976f-64c675713eda","local_time":"20190310140926","is_ascension_mode":true,"campfire_choices":[{"data":"Rampage","floor":8,"key":"SMITH"},{"floor":10,"key":"REST"},{"data":"Juggernaut","floor":12,"key":"SMITH"},{"floor":15,"key":"REST"}],"neow_cost":"NONE","seed_source_timestamp":244508513414500,"circlet_count":0,"master_deck":["AscendersBane","Strike_R","Strike_R","Strike_R","Strike_R+1","Defend_R","Defend_R","Defend_R","Defend_R+1","Bash","Havoc","Rampage+1","Shrug It Off","Disarm","Juggernaut+1","Shrug It Off","Offering","Double Tap","Injury","Normality","Iron Wave","Armaments+1"],"relics":["Burning Blood","NeowsBlessing","Bottled Flame","Dodecahedron","Mummified Hand","Calling Bell","Bag of Preparation","Letter Opener","StoneCalendar","Juzu Bracelet"],"potions_floor_usage":[6,13,16,21],"damage_taken":[{"damage":0,"enemies":"Cultist","floor":1,"turns":1},{"damage":0,"enemies":"2 Louse","floor":2,"turns":1},{"damage":0,"enemies":"Jaw Worm","floor":5,"turns":1},{"damage":27,"enemies":"Lagavulin","floor":6,"turns":7},{"damage":7,"enemies":"Blue Slaver","floor":7,"turns":5},{"damage":14,"enemies":"Exordium Thugs","floor":13,"turns":5},{"damage":27,"enemies":"Lots of Slimes","floor":14,"turns":5},{"damage":23,"enemies":"Slime Boss","floor":16,"turns":10},{"damage":42,"enemies":"2 Thieves","floor":18,"turns":5},{"damage":13,"enemies":"Chosen","floor":19,"turns":6},{"damage":24,"enemies":"Shelled Parasite and Fungi","floor":21,"turns":2}],"seed_played":"-4221669664811829470","potions_obtained":[{"floor":2,"key":"EntropicBrew"},{"floor":7,"key":"Block Potion"},{"floor":16,"key":"Swift Potion"},{"floor":18,"key":"Swift Potion"}],"is_trial":false,"path_per_floor":["M","M","?","?","M","E","M","R","T","R","T","R","M","M","R","B",null,"M","M","$","M"],"character_chosen":"IRONCLAD","items_purchased":["Juzu Bracelet"],"campfire_rested":2,"item_purchase_floors":[20],"current_hp_per_floor":[74,75,68,45,51,30,29,29,29,51,51,51,43,22,44,27,63,27,20,20,0],"gold":55,"neow_bonus":"THREE_ENEMY_KILL","is_prod":false,"is_daily":false,"chose_seed":false,"campfire_upgraded":2,"win_rate":0,"timestamp":1552241366,"path_taken":["M","?","?","?","M","E","M","R","T","R","?","R","M","?","R","BOSS","M","M","$","M"],"build_version":"2019-02-06","purchased_purges":1,"victory":false,"max_hp_per_floor":[75,75,75,75,75,75,75,75,75,75,75,75,75,75,75,75,75,75,75,75,75],"card_choices":[{"not_picked":["Thunderclap","Sword Boomerang"],"picked":"Havoc","floor":1},{"not_picked":["Intimidate","Shockwave"],"picked":"Rampage","floor":2},{"not_picked":["Clash","Feel No Pain"],"picked":"Shrug It Off","floor":5},{"not_picked":["Shrug It Off","Iron Wave"],"picked":"Disarm","floor":6},{"not_picked":["Rupture","Shrug It Off"],"picked":"Juggernaut","floor":7},{"not_picked":["Perfected Strike","Clothesline"],"picked":"Shrug It Off","floor":13},{"not_picked":["Whirlwind","Flex"],"picked":"Offering","floor":14},{"not_picked":["Dark Embrace","Bludgeon"],"picked":"Double Tap","floor":16},{"not_picked":["Shrug It Off","Havoc"],"picked":"Iron Wave","floor":18},{"not_picked":["Sword Boomerang+1","Spot Weakness"],"picked":"Armaments+1","floor":19}],"player_experience":631913,"relics_obtained":[{"floor":6,"key":"Bottled Flame"},{"floor":9,"key":"Dodecahedron"},{"floor":11,"key":"Mummified Hand"},{"floor":17,"key":"Bag of Preparation"},{"floor":17,"key":"Letter Opener"},{"floor":17,"key":"StoneCalendar"}],"event_choices":[{"cards_removed":["Strike_R"],"damage_healed":0,"gold_gain":0,"player_choice":"Card Removal","damage_taken":7,"max_hp_gain":0,"max_hp_loss":0,"event_name":"Golden Wing","floor":3,"gold_loss":0},{"damage_healed":0,"gold_gain":0,"player_choice":"Entered Light","damage_taken":23,"max_hp_gain":0,"max_hp_loss":0,"event_name":"Shining Light","floor":4,"gold_loss":0,"cards_upgraded":["Strike_R","Defend_R"]}],"is_beta":true,"boss_relics":[{"not_picked":["Runic Cube","Runic Dome"],"picked":"Calling Bell"}],"items_purged_floors":[20],"is_endless":false,"potions_floor_spawned":[2,7,16,18],"killed_by":"Shelled Parasite and Fungi","ascension_level":16}