{"gold_per_floor":[218,218,218,218,16,44,44,62,62,62,27,27,27,38,38,112,112,131,145,223,233,246,146,158,33,58,68,68,82,82,98,98,175,175,186,201,51,66,0,32,32,67,67,81,99,116,116,128,128,128,128,128,128,128,158,158],"floor_reached":56,"playtime":2494,"items_purged":["Strike_G","Strike_G+1","Defend_G","Infinite Blades"],"score":1897,"play_id":"d799551f-377d-492d-86aa-4ecacac9ab1b","local_time":"20190113034238","is_ascension_mode":true,"campfire_choices":[{"floor":7.0,"key":"REST"},{"data":"Neutralize","floor":12.0,"key":"SMITH"},{"data":"Bouncing Flask","floor":15.0,"key":"SMITH"},{"data":"Calculated Gamble","floor":28.0,"key":"SMITH"},{"data":"Catalyst","floor":32.0,"key":"SMITH"},{"data":"Reflex","floor":41.0,"key":"SMITH"},{"floor":47.0,"key":"REST"},{"floor":49.0,"key":"RECALL"},{"data":"Footwork","floor":53.0,"key":"SMITH"}],"neow_cost":"NONE","seed_source_timestamp":206193438269055,"circlet_count":0,"master_deck":["AscendersBane","Defend_G","Defend_G","Defend_G+1","Survivor","Neutralize+1","Deadly Poison","Heel Hook+1","Deadly Poison","Bouncing Flask+1","Die Die Die+1","After Image+1","Catalyst+1","Calculated Gamble+1","Concentrate+1","Catalyst+1","Expertise","Escape Plan","Leg Sweep","Caltrops","Adrenaline","Prepared+1","Backflip","Reflex+1","Footwork+1","Malaise","Backflip"],"special_seed":0,"relics":["Ring of the Snake","Blood Vial","Mercury Hourglass","Astrolabe","Singing Bowl","Whetstone","Runic Pyramid","Red Mask","Juzu Bracelet","Anchor","Mango"],"potions_floor_usage":[56,56],"damage_taken":[{"damage":0.0,"enemies":"2 Louse","floor":1.0,"turns":3.0},{"damage":34.0,"enemies":"Lagavulin","floor":6.0,"turns":10.0},{"damage":3.0,"enemies":"Jaw Worm","floor":8.0,"turns":4.0},{"damage":0.0,"enemies":"Small Slimes","floor":14.0,"turns":2.0},{"damage":18.0,"enemies":"Hexaghost","floor":16.0,"turns":8.0},{"damage":23.0,"enemies":"Shell Parasite","floor":18.0,"turns":4.0},{"damage":0.0,"enemies":"Spheric Guardian","floor":19.0,"turns":2.0},{"damage":4.0,"enemies":"Snecko","floor":21.0,"turns":3.0},{"damage":6.0,"enemies":"3 Cultists","floor":22.0,"turns":5.0},{"damage":21.0,"enemies":"Centurion and Healer","floor":24.0,"turns":8.0},{"damage":0.0,"enemies":"Snake Plant","floor":27.0,"turns":2.0},{"damage":1.0,"enemies":"Chosen and Byrds","floor":29.0,"turns":3.0},{"damage":2.0,"enemies":"Shelled Parasite and Fungi","floor":31.0,"turns":4.0},{"damage":18.0,"enemies":"Champ","floor":33.0,"turns":8.0},{"damage":2.0,"enemies":"Orb Walker","floor":35.0,"turns":3.0},{"damage":4.0,"enemies":"3 Shapes","floor":36.0,"turns":5.0},{"damage":0.0,"enemies":"Sphere and 2 Shapes","floor":38.0,"turns":6.0},{"damage":3.0,"enemies":"Nemesis","floor":40.0,"turns":5.0},{"damage":25.0,"enemies":"Reptomancer","floor":42.0,"turns":5.0},{"damage":3.0,"enemies":"Spire Growth","floor":44.0,"turns":3.0},{"damage":11.0,"enemies":"Maw","floor":45.0,"turns":3.0},{"damage":9.0,"enemies":"Jaw Worm Horde","floor":46.0,"turns":4.0},{"damage":0.0,"enemies":"Writhing Mass","floor":48.0,"turns":5.0},{"damage":39.0,"enemies":"Awakened One","floor":50.0,"turns":15.0},{"damage":10.0,"enemies":"Time Eater","floor":51.0,"turns":8.0},{"damage":33.0,"enemies":"Shield and Spear","floor":55.0,"turns":9.0},{"damage":64,"enemies":"The Heart","floor":56,"turns":8}],"seed_played":"-7913800274320970735","potions_obtained":[{"floor":8.0,"key":"Strength Potion"},{"floor":13.0,"key":"SpeedPotion"},{"floor":13.0,"key":"EntropicBrew"},{"floor":18.0,"key":"Regen Potion"},{"floor":27.0,"key":"EssenceOfSteel"},{"floor":31.0,"key":"Swift Potion"},{"floor":33.0,"key":"Dexterity Potion"},{"floor":36.0,"key":"Block Potion"},{"floor":44.0,"key":"FearPotion"},{"floor":45.0,"key":"Ancient Potion"}],"is_trial":false,"path_per_floor":["M","?","?","?","$","E","R","M","T","$","?","R","?","M","R","B",null,"M","M","T","M","M","$","M","$","T","M","R","M","?","M","R","B",null,"M","M","$","M","?","E","R","E","T","M","M","M","R","M","R","B","B",null,"R","$","E","B"],"character_chosen":"THE_SILENT","items_purchased":["Infinite Blades","Heel Hook"],"campfire_rested":2,"item_purchase_floors":[5,5],"current_hp_per_floor":[59,59,64,43,43,9,30,29,29,29,46,46,46,48,48,32,61,40,42,42,40,51,51,34,34,34,36,36,39,39,41,41,25,64,64,64,64,66,66,65,65,42,42,43,34,29,53,55,55,18,10,65,65,65,50,0],"gold":158,"neow_bonus":"HUNDRED_GOLD","is_prod":false,"is_daily":false,"chose_seed":false,"campfire_upgraded":6,"win_rate":0,"timestamp":1547318558,"path_taken":["M","?","?","?","$","E","R","M","T","$","?","R","?","M","R","BOSS","M","M","?","M","M","?","?","$","T","M","R","M","?","M","R","BOSS","M","M","$","M","?","E","R","E","T","M","M","M","R","M","R","BOSS","BOSS","R","$","E","BOSS"],"build_version":"2019-01-10","purchased_purges":4,"victory":false,"max_hp_per_floor":[66,66,71,71,71,71,71,71,71,71,71,71,71,71,71,71,71,71,71,71,71,71,71,73,73,73,73,73,75,75,77,77,77,77,77,79,79,79,79,79,79,79,79,81,81,83,83,83,83,83,83,83,83,83,99,99],"card_choices":[{"not_picked":["Flying Knee","Bane"],"picked":"Deadly Poison","floor":1.0},{"not_picked":["Prepared","Bullet Time"],"picked":"Deadly Poison","floor":6.0},{"not_picked":["Dagger Throw","Poisoned Stab"],"picked":"Bouncing Flask","floor":8.0},{"not_picked":["Reflex","Outmaneuver","Distraction"],"picked":"SKIP","floor":14.0},{"not_picked":["Storm of Steel","Phantasmal Killer"],"picked":"Die Die Die","floor":16.0},{"not_picked":["Skewer","Slice"],"picked":"Calculated Gamble","floor":18.0},{"not_picked":["Cloak And Dagger+1","Blade Dance"],"picked":"Concentrate+1","floor":19.0},{"not_picked":["Distraction","Poisoned Stab"],"picked":"Catalyst","floor":21.0},{"not_picked":["Deadly Poison","PiercingWail"],"picked":"Expertise","floor":22.0},{"not_picked":["Setup","Riddle With Holes","Dagger Spray"],"picked":"Singing Bowl","floor":24.0},{"not_picked":["Crippling Poison","Blur"],"picked":"Escape Plan","floor":27.0},{"not_picked":["Blur","Deflect+1","Choke"],"picked":"Singing Bowl","floor":29.0},{"not_picked":["Slice","Blade Dance","Outmaneuver"],"picked":"Singing Bowl","floor":31.0},{"not_picked":["Die Die Die","Grand Finale"],"picked":"Adrenaline","floor":33.0},{"not_picked":["Dagger Spray","Outmaneuver+1"],"picked":"Prepared+1","floor":35.0},{"not_picked":["Noxious Fumes+1","Prepared","Poisoned Stab+1"],"picked":"Singing Bowl","floor":36.0},{"not_picked":["Flying Knee+1","Choke"],"picked":"Backflip","floor":38.0},{"not_picked":["Blade Dance","Envenom"],"picked":"Reflex","floor":40.0},{"not_picked":["Dagger Throw","Prepared"],"picked":"Footwork","floor":42.0},{"not_picked":["Caltrops","Sucker Punch","Dodge and Roll+1"],"picked":"Singing Bowl","floor":44.0},{"not_picked":["Dodge and Roll","Calculated Gamble"],"picked":"Malaise","floor":45.0},{"not_picked":["Dash","Cloak And Dagger","Deadly Poison"],"picked":"Singing Bowl","floor":46.0},{"not_picked":["Crippling Poison","Deadly Poison"],"picked":"Backflip","floor":48.0},{"not_picked":["Masterful Stab","Choke","Acrobatics"],"picked":"Singing Bowl","floor":55.0}],"player_experience":4065303,"relics_obtained":[{"floor":6.0,"key":"Blood Vial"},{"floor":9.0,"key":"Mercury Hourglass"},{"floor":20.0,"key":"Singing Bowl"},{"floor":26.0,"key":"Whetstone"},{"floor":40.0,"key":"Juzu Bracelet"},{"floor":42.0,"key":"Anchor"},{"floor":55.0,"key":"Mango"}],"event_choices":[{"damage_healed":0.0,"max_hp_gain":0.0,"max_hp_loss":0.0,"gold_gain":0.0,"event_name":"Liars Game","player_choice":"Ignored","floor":2.0,"gold_loss":0.0,"damage_taken":0.0},{"damage_healed":0.0,"max_hp_gain":5.0,"max_hp_loss":0.0,"gold_gain":0.0,"event_name":"Big Fish","player_choice":"Donut","floor":3.0,"gold_loss":0.0,"damage_taken":0.0},{"damage_healed":0.0,"max_hp_gain":0.0,"max_hp_loss":0.0,"gold_gain":0.0,"event_name":"Shining Light","player_choice":"Entered Light","floor":4.0,"gold_loss":0.0,"damage_taken":21.0,"cards_upgraded":["Defend_G","Strike_G"]},{"damage_healed":17.0,"max_hp_gain":0.0,"max_hp_loss":0.0,"gold_gain":0.0,"event_name":"The Cleric","player_choice":"Healed","floor":11.0,"gold_loss":35.0,"damage_taken":0.0},{"damage_healed":0.0,"max_hp_gain":0.0,"max_hp_loss":0.0,"gold_gain":0.0,"event_name":"Lab","player_choice":"Got Potions","floor":13.0,"gold_loss":0.0,"damage_taken":0.0},{"damage_healed":0.0,"max_hp_gain":0.0,"max_hp_loss":0.0,"gold_gain":0.0,"cards_transformed":["Defend_G","Quick Slash"],"event_name":"Drug Dealer","player_choice":"Became Test Subject","floor":30.0,"gold_loss":0.0,"damage_taken":0.0,"cards_obtained":["Leg Sweep","Caltrops"]},{"damage_healed":0.0,"max_hp_gain":0.0,"max_hp_loss":0.0,"gold_gain":0.0,"event_name":"Tomb of Lord Red Mask","player_choice":"Paid","floor":39.0,"gold_loss":66.0,"damage_taken":0.0,"relics_obtained":["Red Mask"]}],"is_beta":false,"boss_relics":[{"not_picked":["Orrery","WristBlade"],"picked":"Astrolabe"},{"not_picked":["Busted Crown","Pandora\u0027s Box"],"picked":"Runic Pyramid"}],"items_purged_floors":[5,23,25,37],"is_endless":false,"potions_floor_spawned":[8,18,21,27,31,33,36,38,44,45,48,55],"killed_by":"The Heart","ascension_level":20}