{"gold_per_floor":[109,109,127,137,157,157,169,182,182,182,216,141,141,41,41,143,143,116,116,116,136,162,162,179,199,499,516,615,615,633,17,17,118,118,128,128,155,155,5,5],"floor_reached":40,"playtime":2685,"items_purged":["Injury","Strike_R","True Grit","Strike_R"],"score":411,"play_id":"2aeddc6f-b9f1-495d-8d42-40e1e5899372","local_time":"20190321102844","is_ascension_mode":false,"campfire_choices":[{"data":"Armaments","floor":6.0,"key":"SMITH"},{"data":"Berserk","floor":10.0,"key":"SMITH"},{"floor":15.0,"key":"REST"},{"floor":23,"key":"REST"},{"data":"Immolate","floor":29,"key":"SMITH"},{"floor":32,"key":"REST"}],"neow_cost":"NONE","seed_source_timestamp":0,"circlet_count":0,"master_deck":["Strike_R","Strike_R","Defend_R","Defend_R","Defend_R","Bash","Pummel","Armaments+1","Spot Weakness","Blood for Blood","Shrug It Off","Second Wind","Shrug It Off","Berserk+1","Immolate+1","Shrug It Off","Iron Wave+1","Thunderclap+1","True Grit+1","Wild Strike","Spot Weakness+1","Jack Of All Trades+1","Demon Form","Shrug It Off+1"],"special_seed":0,"relics":["Black Blood","Mercury Hourglass","PreservedInsect","Happy Flower","Enchiridion","Strawberry","Old Coin","Toxic Egg 2","Pen Nib","Fusion Hammer","Dream Catcher"],"potions_floor_usage":[24,33,33],"damage_taken":[{"damage":7.0,"enemies":"Small Slimes","floor":1.0,"turns":4.0},{"damage":1.0,"enemies":"Cultist","floor":3.0,"turns":3.0},{"damage":7.0,"enemies":"2 Louse","floor":4.0,"turns":2.0},{"damage":4.0,"enemies":"Blue Slaver","floor":5.0,"turns":3.0},{"damage":11.0,"enemies":"Red Slaver","floor":7.0,"turns":3.0},{"damage":5.0,"enemies":"Large Slime","floor":8.0,"turns":5.0},{"damage":46.0,"enemies":"Lagavulin","floor":11.0,"turns":8.0},{"damage":34.0,"enemies":"Slime Boss","floor":16.0,"turns":11.0},{"damage":15.0,"enemies":"2 Thieves","floor":18.0,"turns":5.0},{"damage":22,"enemies":"Shell Parasite","floor":21,"turns":7},{"damage":9,"enemies":"Snake Plant","floor":24,"turns":3},{"damage":26,"enemies":"Centurion and Healer","floor":25,"turns":7},{"damage":30,"enemies":"Shelled Parasite and Fungi","floor":27,"turns":6},{"damage":28,"enemies":"Snecko","floor":30,"turns":6},{"damage":45,"enemies":"Collector","floor":33,"turns":9},{"damage":18,"enemies":"3 Shapes","floor":35,"turns":2},{"damage":106,"enemies":"Nemesis","floor":40,"turns":5}],"seed_played":"7050571006864285335","potions_obtained":[{"floor":1.0,"key":"Poison Potion"},{"floor":4.0,"key":"Ancient Potion"},{"floor":7.0,"key":"Explosive Potion"},{"floor":11.0,"key":"Explosive Potion"},{"floor":18.0,"key":"SteroidPotion"},{"floor":21,"key":"Block Potion"},{"floor":25,"key":"SpeedPotion"},{"floor":33,"key":"SteroidPotion"}],"is_trial":false,"path_per_floor":["M","?","M","M","M","R","M","M","T","R","E","$","T","$","R","B",null,"M","?","?","M","T","R","M","M","T","M","?","R","M","$","R","B",null,"M","?","T","?","$","E"],"character_chosen":"IRONCLAD","items_purchased":["Toxic Egg 2","Jack Of All Trades+1","Pen Nib"],"campfire_rested":3,"item_purchase_floors":[31,31,31],"current_hp_per_floor":[79,79,80,79,80,80,75,76,76,76,36,36,36,36,60,32,80,75,59,59,47,54,80,81,65,65,45,45,45,27,27,53,18,87,79,79,79,79,79,0],"gold":5,"neow_bonus":"TRANSFORM_CARD","is_prod":false,"is_daily":false,"chose_seed":false,"campfire_upgraded":3,"win_rate":0,"timestamp":1553182124,"path_taken":["M","?","M","?","M","R","M","M","T","R","E","$","?","$","R","BOSS","M","?","?","M","?","R","?","M","T","M","?","R","M","$","R","BOSS","M","?","?","?","$","E"],"build_version":"2019-01-23","purchased_purges":4,"victory":false,"max_hp_per_floor":[80,80,80,80,80,80,80,80,80,80,80,80,80,80,80,80,80,80,80,80,80,87,87,87,87,87,87,87,87,87,87,87,87,87,87,87,87,87,87,87],"card_choices":[{"not_picked":["Flex","Clothesline"],"picked":"Armaments","floor":1.0},{"not_picked":["Burning Pact","Power Through"],"picked":"Blood for Blood","floor":3.0},{"not_picked":["Sever Soul","Seeing Red"],"picked":"Shrug It Off","floor":4.0},{"not_picked":["Warcry","True Grit"],"picked":"Second Wind","floor":5.0},{"not_picked":["Clothesline","Thunderclap"],"picked":"Shrug It Off","floor":7.0},{"not_picked":["Searing Blow","Evolve"],"picked":"Berserk","floor":8.0},{"not_picked":["Perfected Strike","Flex"],"picked":"True Grit","floor":11.0},{"not_picked":["Brutality","Berserk"],"picked":"Immolate","floor":16.0},{"not_picked":["Sword Boomerang","Perfected Strike"],"picked":"Shrug It Off","floor":18.0},{"not_picked":["Seeing Red","Twin Strike"],"picked":"Iron Wave+1","floor":21},{"not_picked":["Cleave","Warcry"],"picked":"Thunderclap+1","floor":24},{"not_picked":["Corruption+1","Battle Trance"],"picked":"True Grit+1","floor":25},{"not_picked":["Havoc","Perfected Strike"],"picked":"Wild Strike","floor":27},{"not_picked":["Rupture","Battle Trance"],"picked":"Spot Weakness+1","floor":30},{"not_picked":["Impervious+1","Brutality"],"picked":"Demon Form","floor":33},{"not_picked":["Headbutt","Feel No Pain+1"],"picked":"Shrug It Off+1","floor":35}],"player_experience":47533,"relics_obtained":[{"floor":9.0,"key":"Mercury Hourglass"},{"floor":11.0,"key":"PreservedInsect"},{"floor":13.0,"key":"Happy Flower"},{"floor":19.0,"key":"Enchiridion"},{"floor":22,"key":"Strawberry"},{"floor":26,"key":"Old Coin"},{"floor":37,"key":"Dream Catcher"}],"event_choices":[{"damage_healed":0.0,"max_hp_gain":0.0,"max_hp_loss":0.0,"gold_gain":0.0,"event_name":"Match and Keep!","player_choice":"2 cards matched","floor":2.0,"gold_loss":0.0,"damage_taken":0.0,"cards_obtained":["Spot Weakness","Injury"]},{"damage_healed":0.0,"max_hp_gain":0.0,"max_hp_loss":0.0,"gold_gain":0.0,"event_name":"Cursed Tome","player_choice":"Obtained Book","floor":19.0,"gold_loss":0.0,"damage_taken":16.0},{"damage_healed":0,"gold_gain":0,"player_choice":"Ignored","damage_taken":0,"max_hp_gain":0,"max_hp_loss":0,"event_name":"Vampires","floor":20,"gold_loss":0},{"damage_healed":0,"gold_gain":99,"player_choice":"Stole From Cult","damage_taken":0,"max_hp_gain":0,"max_hp_loss":0,"event_name":"Nest","floor":28,"gold_loss":0},{"cards_removed":["Defend_R"],"damage_healed":0,"gold_gain":0,"player_choice":"Removed Skill","damage_taken":0,"max_hp_gain":0,"max_hp_loss":0,"event_name":"Falling","floor":36,"gold_loss":0},{"damage_healed":0,"gold_gain":0,"player_choice":"Ignored","damage_taken":0,"max_hp_gain":0,"max_hp_loss":0,"event_name":"Mysterious Sphere","floor":38,"gold_loss":0}],"is_beta":false,"boss_relics":[{"not_picked":["Empty Cage","White Beast Statue"],"picked":"Black Blood"},{"not_picked":["Lizard Tail","Tiny House"],"picked":"Fusion Hammer"}],"items_purged_floors":[12,14,31,39],"is_endless":false,"potions_floor_spawned":[1,4,7,11,18,21,25,33],"killed_by":"Nemesis","ascension_level":0}