{"gold_per_floor":[209,227,302,2,2,2,33,49,74,74,74,105,115,132,132,206,206,220,220,233,245,17,17,17,30,30,50,50,81,92,111,111,187,237,254,65,83,83,83,83,83],"floor_reached":41,"playtime":1260,"items_purged":["Strike_G","Strike_G+1"],"score":871,"play_id":"3ecab2af-d5fc-40d1-a371-9b1677c5f97c","local_time":"20190113025548","is_ascension_mode":true,"campfire_choices":[{"data":"Neutralize","floor":6,"key":"SMITH"},{"data":"Poisoned Stab","floor":10,"key":"SMITH"},{"data":"Sucker Punch","floor":15,"key":"SMITH"},{"data":"Envenom","floor":23,"key":"SMITH"},{"floor":28,"key":"REST"},{"floor":32,"key":"REST"},{"data":"Bandage Up","floor":40,"key":"SMITH"}],"neow_cost":"NONE","seed_source_timestamp":204914778778133,"circlet_count":0,"master_deck":["AscendersBane","Defend_G+1","Defend_G+1","Defend_G+1","Defend_G+1","Defend_G+1","Strike_G+1","Strike_G+1","Strike_G+1","Survivor","Neutralize+1","Riddle With Holes","Dagger Spray","Poisoned Stab+1","Dodge and Roll","Poisoned Stab+1","Adrenaline","Quick Slash+1","Sucker Punch+1","Envenom+1","Dodge and Roll+1","Cloak And Dagger","Prepared+1","Adrenaline","Bandage Up+1"],"relics":["Ring of the Snake","Lee\u0027s Waffle","Strawberry","Blood Vial","Boot","Bottled Lightning","Cursed Key","Lantern","Tiny House"],"potions_floor_usage":[7,16,25,33,33],"damage_taken":[{"damage":17,"enemies":"Cultist","floor":1,"turns":5},{"damage":4,"enemies":"Small Slimes","floor":2,"turns":4},{"damage":35,"enemies":"Lagavulin","floor":7,"turns":7},{"damage":0,"enemies":"2 Louse","floor":8,"turns":2},{"damage":12,"enemies":"3 Sentries","floor":12,"turns":7},{"damage":1,"enemies":"Gremlin Gang","floor":13,"turns":5},{"damage":0,"enemies":"Looter","floor":14,"turns":2},{"damage":26,"enemies":"Hexaghost","floor":16,"turns":8},{"damage":19,"enemies":"Spheric Guardian","floor":18,"turns":5},{"damage":0,"enemies":"3 Byrds","floor":20,"turns":5},{"damage":17,"enemies":"Cultist and Chosen","floor":21,"turns":5},{"damage":0,"enemies":"Chosen and Byrds","floor":25,"turns":5},{"damage":8,"enemies":"Snake Plant","floor":27,"turns":3},{"damage":30,"enemies":"Book of Stabbing","floor":29,"turns":6},{"damage":3,"enemies":"Centurion and Healer","floor":30,"turns":4},{"damage":1,"enemies":"Shelled Parasite and Fungi","floor":31,"turns":3},{"damage":51,"enemies":"Automaton","floor":33,"turns":10},{"damage":27,"enemies":"3 Darklings","floor":35,"turns":4},{"damage":0,"enemies":"3 Shapes","floor":37,"turns":5},{"damage":82,"enemies":"Giant Head","floor":41,"turns":7}],"seed_played":"3295943269133777797","potions_obtained":[{"floor":1,"key":"GhostInAJar"},{"floor":7,"key":"LiquidBronze"},{"floor":8,"key":"GamblersBrew"},{"floor":16,"key":"Explosive Potion"},{"floor":21,"key":"Regen Potion"},{"floor":30,"key":"Poison Potion"},{"floor":31,"key":"Energy Potion"},{"floor":33,"key":"Fruit Juice"},{"floor":34,"key":"LiquidBronze"}],"is_trial":false,"path_per_floor":["M","M","?","$","?","R","E","M","T","R","?","E","M","M","R","B",null,"M","?","M","M","$","R","?","M","T","M","R","E","M","M","R","B",null,"M","$","M","?","?","R","E"],"character_chosen":"THE_SILENT","items_purchased":["Lee\u0027s Waffle","Poisoned Stab","Dodge and Roll","Adrenaline","Bandage Up"],"campfire_rested":2,"item_purchase_floors":[4,4,4,22,36],"current_hp_per_floor":[42,38,27,73,75,75,40,42,42,42,42,32,33,35,35,11,63,46,46,48,33,33,33,33,50,50,44,68,40,39,40,64,20,74,49,49,55,55,55,55,0],"gold":83,"neow_bonus":"HUNDRED_GOLD","is_prod":false,"is_daily":false,"chose_seed":false,"campfire_upgraded":5,"win_rate":0,"timestamp":1547315748,"path_taken":["M","?","?","$","?","R","E","M","T","R","?","E","?","M","R","BOSS","M","?","M","M","$","R","?","?","T","M","R","E","M","M","R","BOSS","M","?","M","?","?","R","E"],"build_version":"2019-01-10","purchased_purges":2,"victory":false,"max_hp_per_floor":[66,66,66,73,80,80,80,80,80,80,80,80,80,80,80,80,80,80,80,80,80,80,80,80,80,80,80,80,80,80,80,80,85,90,90,90,90,90,90,90,90],"card_choices":[{"not_picked":["Infinite Blades","Dodge and Roll"],"picked":"Riddle With Holes","floor":1},{"not_picked":["Dagger Throw","Bane"],"picked":"Dagger Spray","floor":2},{"not_picked":["Acrobatics","Underhanded Strike"],"picked":"Poisoned Stab","floor":7},{"not_picked":["Slice","Dodge and Roll"],"picked":"Adrenaline","floor":8},{"not_picked":["Predator","Reflex"],"picked":"Quick Slash","floor":12},{"not_picked":["Deflect","All Out Attack"],"picked":"Backstab","floor":13},{"not_picked":["Reflex","Dagger Throw"],"picked":"Sucker Punch","floor":14},{"not_picked":["Glass Knife","Tools of the Trade"],"picked":"Envenom","floor":16},{"not_picked":["Dagger Throw","Acrobatics"],"picked":"Dodge and Roll+1","floor":18},{"not_picked":["Endless Agony","Expertise","Finisher"],"picked":"SKIP","floor":20},{"not_picked":["Finisher","Eviscerate"],"picked":"Prepared+1","floor":21},{"not_picked":["Crippling Poison","Masterful Stab+1","Dagger Spray"],"picked":"SKIP","floor":25},{"not_picked":["Dagger Throw","Blade Dance","Flying Knee"],"picked":"SKIP","floor":27},{"not_picked":["Grand Finale","Prepared","Underhanded Strike"],"picked":"SKIP","floor":29},{"not_picked":["Finisher","Bane+1","Prepared"],"picked":"SKIP","floor":30},{"not_picked":["Distraction","Outmaneuver+1","Deflect"],"picked":"SKIP","floor":31},{"not_picked":["Wraith Form v2","Acrobatics","Outmaneuver"],"picked":"SKIP","floor":35},{"not_picked":["Dodge and Roll","Caltrops","Setup"],"picked":"SKIP","floor":37}],"player_experience":4064043,"relics_obtained":[{"floor":7,"key":"Blood Vial"},{"floor":9,"key":"Boot"},{"floor":12,"key":"Bottled Lightning"},{"floor":29,"key":"Lantern"}],"event_choices":[{"damage_healed":0,"gold_gain":75,"player_choice":"Gather Gold","damage_taken":11,"max_hp_gain":0,"max_hp_loss":0,"event_name":"World of Goop","floor":3,"gold_loss":0},{"damage_healed":0,"gold_gain":0,"player_choice":"Success","damage_taken":5,"relics_obtained":["Strawberry"],"max_hp_gain":0,"max_hp_loss":0,"event_name":"Scrap Ooze","floor":5,"gold_loss":0},{"damage_healed":0,"gold_gain":0,"player_choice":"Upgraded","damage_taken":0,"max_hp_gain":0,"max_hp_loss":0,"event_name":"Upgrade Shrine","floor":11,"gold_loss":0,"cards_upgraded":["Poisoned Stab"]},{"damage_healed":0,"gold_gain":0,"player_choice":"Read","damage_taken":0,"max_hp_gain":0,"max_hp_loss":0,"event_name":"The Library","floor":19,"gold_loss":0,"cards_obtained":["Cloak And Dagger"]},{"damage_healed":0,"gold_gain":0,"player_choice":"Simplicity","damage_taken":0,"max_hp_gain":0,"max_hp_loss":0,"event_name":"Back to Basics","floor":24,"gold_loss":0,"cards_upgraded":["Defend_G","Defend_G","Defend_G","Defend_G","Defend_G","Strike_G","Strike_G","Strike_G","Strike_G"]},{"damage_healed":0,"gold_gain":0,"player_choice":"Ignored","damage_taken":0,"max_hp_gain":0,"max_hp_loss":0,"event_name":"Mysterious Sphere","floor":38,"gold_loss":0},{"cards_removed":["Backstab"],"damage_healed":0,"gold_gain":0,"player_choice":"Removed Attack","damage_taken":0,"max_hp_gain":0,"max_hp_loss":0,"event_name":"Falling","floor":39,"gold_loss":0}],"is_beta":false,"boss_relics":[{"not_picked":["Ring of the Serpent","Calling Bell"],"picked":"Cursed Key"},{"not_picked":["WristBlade","White Beast Statue"],"picked":"Tiny House"}],"items_purged_floors":[22,36],"is_endless":false,"potions_floor_spawned":[1,7,8,14,16,21,30,31,33],"killed_by":"Giant Head","ascension_level":20}