{"gold_per_floor":[112,112,112,112,129,129,140,140,140,154,154,154,166,214,214,311,311,328,328,328,346,366,366,396,396,396,411,411,105,105,118,118,118],"floor_reached":33,"playtime":1990,"items_purged":["Impatience"],"score":255,"play_id":"84e2c934-b8c5-4b4b-904f-3266d9e58c43","local_time":"20190320174518","is_ascension_mode":false,"campfire_choices":[{"data":"Clash","floor":6,"key":"SMITH"},{"data":"Body Slam","floor":8,"key":"SMITH"},{"data":"1","floor":12,"key":"LIFT"},{"data":"2","floor":15,"key":"LIFT"},{"data":"3","floor":23,"key":"LIFT"},{"floor":25,"key":"REST"},{"floor":28,"key":"REST"},{"data":"Berserk","floor":30,"key":"SMITH"},{"data":"Heavy Blade","floor":32,"key":"SMITH"}],"neow_cost":"NONE","seed_source_timestamp":457909119701926,"circlet_count":0,"master_deck":["Strike_R+1","Strike_R+1","Defend_R","Defend_R+1","Defend_R","Defend_R+1","Bash","Body Slam+1","Clash+1","Thunderclap","Twin Strike+1","Clash","Berserk+1","Inflame+1","Feel No Pain+1","Metallicize+1","Shrug It Off","Armaments+1","Iron Wave","Heavy Blade+1","Second Wind","Ghostly Armor+1","Flash of Steel","Body Slam+1"],"relics":["Burning Blood","Girya","Bronze Scales","Astrolabe","Red Skull","Ancient Tea Set","Bottled Lightning","War Paint"],"potions_floor_usage":[18,31,33,33,33],"damage_taken":[{"damage":13,"enemies":"Jaw Worm","floor":1,"turns":3},{"damage":0,"enemies":"2 Louse","floor":5,"turns":3},{"damage":0,"enemies":"Cultist","floor":7,"turns":3},{"damage":0,"enemies":"2 Fungi Beasts","floor":10,"turns":2},{"damage":8,"enemies":"Lots of Slimes","floor":13,"turns":3},{"damage":53,"enemies":"The Guardian","floor":16,"turns":8},{"damage":2,"enemies":"Chosen","floor":18,"turns":3},{"damage":2,"enemies":"Shell Parasite","floor":21,"turns":3},{"damage":9,"enemies":"3 Cultists","floor":22,"turns":5},{"damage":58,"enemies":"Book of Stabbing","floor":24,"turns":4},{"damage":10,"enemies":"Shelled Parasite and Fungi","floor":27,"turns":3},{"damage":12,"enemies":"Cultist and Chosen","floor":31,"turns":5},{"damage":85,"enemies":"Collector","floor":33,"turns":5}],"seed_played":"3654350682276192327","potions_obtained":[{"floor":1,"key":"PowerPotion"},{"floor":7,"key":"Block Potion"},{"floor":10,"key":"Regen Potion"},{"floor":24,"key":"Fruit Juice"},{"floor":31,"key":"PowerPotion"}],"is_trial":false,"path_per_floor":["M","?","?","?","M","R","M","R","T","M","?","R","M","T","R","B",null,"M","?","?","M","M","R","E","R","T","M","R","$","R","M","R","B"],"character_chosen":"IRONCLAD","items_purchased":["War Paint","Flash of Steel"],"campfire_rested":2,"item_purchase_floors":[29,29],"current_hp_per_floor":[73,73,57,57,63,63,69,69,69,75,75,75,73,73,73,26,80,80,80,80,80,77,77,25,49,49,45,69,69,69,68,68,0],"gold":118,"neow_bonus":"RANDOM_COLORLESS","is_prod":false,"is_daily":false,"chose_seed":false,"campfire_upgraded":4,"win_rate":0.0,"timestamp":1553121918,"path_taken":["M","?","?","?","M","R","M","R","T","?","?","R","?","?","R","BOSS","M","?","?","M","M","R","E","R","T","?","R","?","R","?","R","BOSS"],"build_version":"2019-01-23","purchased_purges":1,"victory":false,"max_hp_per_floor":[80,80,80,80,80,80,80,80,80,80,80,80,80,80,80,80,80,80,80,80,80,80,80,80,80,80,80,80,80,80,85,85,85],"card_choices":[{"not_picked":["Entrench","Heavy Blade"],"picked":"Body Slam","floor":1},{"not_picked":["Clothesline","Havoc"],"picked":"Clash","floor":5},{"not_picked":["Bloodletting","Combust"],"picked":"Thunderclap","floor":7},{"not_picked":["Cleave","Heavy Blade"],"picked":"Twin Strike","floor":10},{"not_picked":["Cleave","Havoc"],"picked":"Clash","floor":13},{"not_picked":["Demon Form","Bludgeon"],"picked":"Berserk","floor":16},{"not_picked":["Headbutt+1","Heavy Blade"],"picked":"Shrug It Off","floor":18},{"not_picked":["Inflame+1","Clothesline"],"picked":"Iron Wave","floor":21},{"not_picked":["Perfected Strike","Cleave"],"picked":"Heavy Blade","floor":22},{"not_picked":["Wild Strike+1","Cleave"],"picked":"Second Wind","floor":24},{"not_picked":["Twin Strike","Perfected Strike"],"picked":"Ghostly Armor+1","floor":27},{"not_picked":["Clash","Dual Wield+1"],"picked":"Body Slam+1","floor":31}],"player_experience":25385,"relics_obtained":[{"floor":9,"key":"Girya"},{"floor":14,"key":"Bronze Scales"},{"floor":24,"key":"Ancient Tea Set"},{"floor":26,"key":"Bottled Lightning"}],"event_choices":[{"damage_healed":0,"gold_gain":0,"player_choice":"Ignored","damage_taken":0,"max_hp_gain":0,"max_hp_loss":0,"event_name":"Liars Game","floor":2,"gold_loss":0},{"damage_healed":0,"gold_gain":0,"player_choice":"Entered Light","damage_taken":16,"max_hp_gain":0,"max_hp_loss":0,"event_name":"Shining Light","floor":3,"gold_loss":0,"cards_upgraded":["Strike_R","Strike_R"]},{"damage_healed":0,"gold_gain":0,"player_choice":"Upgraded","damage_taken":0,"max_hp_gain":0,"max_hp_loss":0,"event_name":"Upgrade Shrine","floor":4,"gold_loss":0,"cards_upgraded":["Defend_R"]},{"damage_healed":0,"gold_gain":0,"player_choice":"Forge","damage_taken":0,"max_hp_gain":0,"max_hp_loss":0,"event_name":"Accursed Blacksmith","floor":11,"gold_loss":0,"cards_upgraded":["Twin Strike"]},{"damage_healed":0,"gold_gain":0,"player_choice":"Read","damage_taken":0,"max_hp_gain":0,"max_hp_loss":0,"event_name":"The Library","floor":19,"gold_loss":0,"cards_obtained":["Armaments"]},{"damage_healed":0,"gold_gain":0,"player_choice":"Opened","damage_taken":0,"relics_obtained":["Red Skull"],"max_hp_gain":0,"max_hp_loss":0,"event_name":"The Mausoleum","floor":20,"gold_loss":0}],"is_beta":false,"boss_relics":[{"not_picked":["Runic Cube","Black Blood"],"picked":"Astrolabe"}],"items_purged_floors":[29],"is_endless":false,"potions_floor_spawned":[1,7,10,24,31],"killed_by":"Collector","ascension_level":0}