{"gold_per_floor":[12,162,181,181,196,196,215,143,143,143,143,143],"floor_reached":12,"playtime":372,"items_purged":[],"score":136,"play_id":"b5269e52-9cd3-4e59-9742-631dc0770a8c","local_time":"20190322200625","is_ascension_mode":true,"campfire_choices":[{"data":"Bash","floor":6,"key":"SMITH"}],"neow_cost":"NO_GOLD","seed_source_timestamp":587798831380500,"circlet_count":0,"master_deck":["AscendersBane","Strike_R","Strike_R","Strike_R","Defend_R+1","Defend_R","Defend_R","Defend_R","Bash+1","Dark Embrace+1","Feel No Pain+1","Warcry","Doubt","Bludgeon+1","Cleave","Twin Strike"],"relics":["Burning Blood","Incense Burner"],"potions_floor_usage":[],"damage_taken":[{"damage":11,"enemies":"2 Louse","floor":1,"turns":4},{"damage":17,"enemies":"Jaw Worm","floor":3,"turns":7},{"damage":0,"enemies":"Cultist","floor":5,"turns":2},{"damage":22,"enemies":"Large Slime","floor":7,"turns":7},{"damage":35,"enemies":"Lagavulin","floor":12,"turns":7}],"seed_played":"-4472448021568935898","potions_obtained":[],"is_trial":false,"path_per_floor":["M","?","M","?","M","R","M","?","T","?","?","E"],"character_chosen":"IRONCLAD","items_purchased":[],"campfire_rested":0,"item_purchase_floors":[],"current_hp_per_floor":[63,63,52,52,58,58,42,42,42,19,19,0],"gold":143,"neow_bonus":"TRANSFORM_TWO_CARDS","is_prod":false,"is_daily":false,"chose_seed":false,"campfire_upgraded":1,"win_rate":0,"timestamp":1553299585,"path_taken":["M","?","M","?","M","R","?","?","T","?","?","E"],"build_version":"2019-03-15","purchased_purges":0,"victory":false,"max_hp_per_floor":[75,75,75,75,75,75,75,75,75,75,75,75],"card_choices":[{"not_picked":["Clash","Headbutt"],"picked":"Warcry","floor":1},{"not_picked":["Wild Strike","Heavy Blade"],"picked":"Bludgeon","floor":3},{"not_picked":["Flex","Clash"],"picked":"Cleave","floor":5},{"not_picked":["Rupture","Fire Breathing"],"picked":"Twin Strike","floor":7}],"player_experience":675296,"relics_obtained":[{"floor":9,"key":"Incense Burner"}],"event_choices":[{"damage_healed":0,"gold_gain":150,"player_choice":"AGREE","damage_taken":0,"max_hp_gain":0,"max_hp_loss":0,"event_name":"Liars Game","floor":2,"gold_loss":0,"cards_obtained":["Doubt"]},{"damage_healed":0,"gold_gain":0,"player_choice":"Upgraded","damage_taken":0,"max_hp_gain":0,"max_hp_loss":0,"event_name":"Upgrade Shrine","floor":4,"gold_loss":0,"cards_upgraded":["Bludgeon"]},{"damage_healed":0,"gold_gain":0,"player_choice":"Left Gold","damage_taken":0,"max_hp_gain":0,"max_hp_loss":0,"event_name":"World of Goop","floor":8,"gold_loss":72},{"damage_healed":0,"gold_gain":0,"player_choice":"Entered Light","damage_taken":23,"max_hp_gain":0,"max_hp_loss":0,"event_name":"Shining Light","floor":10,"gold_loss":0,"cards_upgraded":["Defend_R","Dark Embrace"]},{"damage_healed":0,"gold_gain":0,"player_choice":"Grow","damage_taken":0,"max_hp_gain":0,"max_hp_loss":0,"event_name":"Living Wall","floor":11,"gold_loss":0,"cards_upgraded":["Feel No Pain"]}],"is_beta":true,"boss_relics":[],"items_purged_floors":[],"is_endless":false,"potions_floor_spawned":[],"killed_by":"Lagavulin","ascension_level":20}