{"gold_per_floor":[113,125,141,154,154,154,187,187,212,223,223,223,10,23,23,94,94,113,129,144,162,162,162,192,192,241,76,96,96,21,36,36,110,110,128,32,47,58,68,95,95,123,123,123,42,42,55,71,71,71,71,71,71,18,53,53],"floor_reached":57,"playtime":2549,"items_purged":["Bite"],"score":2722,"play_id":"b7e9bc4d-dbb0-487d-9867-78ec4f55f92e","local_time":"20190130022242","is_ascension_mode":true,"campfire_choices":[{"data":"Neutralize","floor":6,"key":"SMITH"},{"floor":12,"key":"REST"},{"data":"Apotheosis","floor":15,"key":"SMITH"},{"floor":23,"key":"REST"},{"data":"Tools of the Trade","floor":32,"key":"SMITH"},{"floor":41,"key":"RECALL"},{"floor":44,"key":"REST"},{"floor":49,"key":"REST"},{"floor":53,"key":"REST"}],"neow_cost":"NONE","seed_source_timestamp":167994306294500,"circlet_count":0,"master_deck":["AscendersBane","Defend_G","Defend_G","Defend_G","Defend_G","Survivor","Neutralize+1","Finesse","Poisoned Stab","Bouncing Flask+1","Backstab","Escape Plan+1","Bane","Deflect","Apotheosis+1","Tools of the Trade+1","Corpse Explosion","Escape Plan+1","Acrobatics","PiercingWail+1","Noxious Fumes+1","Bite","Bite","Bite","Bite","Finesse","Concentrate+1","Escape Plan","PiercingWail","Corpse Explosion","PiercingWail+1","Footwork","Backflip","Tactician","Bouncing Flask","Well Laid Plans","Backflip","Backflip","Prepared","Noxious Fumes+1"],"relics":["Ring of the Snake","Art of War","Omamori","Bag of Preparation","Cursed Key","Enchiridion","Mummified Hand","Anchor","Fusion Hammer","War Paint","Kunai","Happy Flower"],"potions_floor_usage":[10,18,24,35,40,47,56,56],"damage_taken":[{"damage":6,"enemies":"Small Slimes","floor":1,"turns":6},{"damage":0,"enemies":"Jaw Worm","floor":2,"turns":5},{"damage":3,"enemies":"2 Louse","floor":3,"turns":3},{"damage":0,"enemies":"2 Fungi Beasts","floor":4,"turns":4},{"damage":31,"enemies":"3 Sentries","floor":7,"turns":10},{"damage":0,"enemies":"Blue Slaver","floor":10,"turns":3},{"damage":7,"enemies":"Red Slaver","floor":14,"turns":5},{"damage":1,"enemies":"The Guardian","floor":16,"turns":9},{"damage":9,"enemies":"Chosen","floor":18,"turns":3},{"damage":0,"enemies":"Spheric Guardian","floor":19,"turns":3},{"damage":0,"enemies":"3 Cultists","floor":20,"turns":3},{"damage":2,"enemies":"Snake Plant","floor":21,"turns":4},{"damage":1,"enemies":"Gremlin Leader","floor":24,"turns":5},{"damage":4,"enemies":"Cultist and Chosen","floor":28,"turns":5},{"damage":0,"enemies":"Chosen and Byrds","floor":31,"turns":5},{"damage":24,"enemies":"Collector","floor":33,"turns":9},{"damage":0,"enemies":"3 Shapes","floor":35,"turns":2},{"damage":0,"enemies":"Orb Walker","floor":37,"turns":4},{"damage":0,"enemies":"4 Shapes","floor":38,"turns":3},{"damage":16,"enemies":"Maw","floor":39,"turns":7},{"damage":17,"enemies":"Nemesis","floor":40,"turns":9},{"damage":35,"enemies":"Reptomancer","floor":42,"turns":6},{"damage":0,"enemies":"Jaw Worm Horde","floor":47,"turns":3},{"damage":0,"enemies":"Sphere and 2 Shapes","floor":48,"turns":4},{"damage":22,"enemies":"Awakened One","floor":50,"turns":15},{"damage":64,"enemies":"Time Eater","floor":51,"turns":15},{"damage":14,"enemies":"Shield and Spear","floor":55,"turns":6},{"damage":44,"enemies":"The Heart","floor":56,"turns":11}],"seed_played":"8532141428582708977","potions_obtained":[{"floor":4,"key":"Weak Potion"},{"floor":7,"key":"Poison Potion"},{"floor":16,"key":"Poison Potion"},{"floor":19,"key":"SmokeBomb"},{"floor":24,"key":"GamblersBrew"},{"floor":28,"key":"GhostInAJar"},{"floor":35,"key":"Fruit Juice"},{"floor":39,"key":"GhostInAJar"},{"floor":40,"key":"Fruit Juice"},{"floor":42,"key":"Block Potion"}],"is_trial":false,"path_per_floor":["M","M","M","M","?","R","E","?","T","M","?","R","$","M","R","B",null,"M","M","M","M","?","R","E","?","T","$","M","?","$","M","R","B",null,"M","$","M","M","M","E","R","E","T","R","$","?","M","M","R","B","B",null,"R","$","E","B",null],"character_chosen":"THE_SILENT","items_purchased":["Apotheosis","Finesse","Escape Plan","Footwork","Backflip","GhostInAJar","PowerPotion"],"campfire_rested":5,"item_purchase_floors":[13,27,30,36,36,45,54],"current_hp_per_floor":[53,53,50,50,50,50,19,1,1,1,1,20,20,13,13,12,53,44,44,44,42,21,40,39,39,39,39,42,42,42,46,46,44,46,51,51,51,51,51,56,56,33,33,49,49,49,54,56,56,56,25,48,56,56,54,48],"gold":53,"neow_bonus":"RANDOM_COLORLESS","is_prod":false,"is_daily":false,"chose_seed":false,"campfire_upgraded":3,"win_rate":0,"timestamp":1548782562,"path_taken":["M","M","M","M","?","R","E","?","T","M","?","R","?","M","R","BOSS","M","M","M","M","?","R","E","?","T","$","M","?","?","M","R","BOSS","M","$","M","M","M","E","R","E","T","R","$","?","?","M","R","BOSS","BOSS","R","$","E","BOSS"],"build_version":"2019-01-23","purchased_purges":1,"victory":true,"max_hp_per_floor":[66,66,66,66,66,66,66,66,66,66,66,66,66,66,66,66,66,66,66,66,66,66,66,66,46,46,46,46,46,46,46,46,46,46,51,51,51,51,51,56,56,56,56,56,56,56,56,56,56,56,56,56,56,56,56,56],"card_choices":[{"not_picked":["Slice","Bouncing Flask"],"picked":"Poisoned Stab","floor":1},{"not_picked":["Heel Hook","Outmaneuver"],"picked":"Bouncing Flask","floor":2},{"not_picked":["Deadly Poison","Escape Plan"],"picked":"Backstab","floor":3},{"not_picked":["Prepared","Outmaneuver"],"picked":"Escape Plan","floor":4},{"not_picked":["Doppelganger","Quick Slash"],"picked":"Bane","floor":7},{"not_picked":["Prepared","Dagger Throw"],"picked":"Deflect","floor":10},{"not_picked":["Dagger Spray","Flying Knee"],"picked":"Tools of the Trade","floor":14},{"not_picked":["Burst","Night Terror"],"picked":"Corpse Explosion","floor":16},{"not_picked":["Dagger Spray","Bane"],"picked":"Escape Plan","floor":18},{"not_picked":["Deflect","Blade Dance+1"],"picked":"Acrobatics","floor":19},{"not_picked":["Slice","Reflex"],"picked":"PiercingWail+1","floor":20},{"not_picked":["Outmaneuver","Caltrops"],"picked":"Noxious Fumes+1","floor":21},{"not_picked":["All Out Attack","Flying Knee","Sucker Punch+1"],"picked":"SKIP","floor":24},{"not_picked":["Masterful Stab","Cloak And Dagger"],"picked":"Concentrate+1","floor":28},{"not_picked":["Blade Dance","Flechettes+1"],"picked":"PiercingWail","floor":31},{"not_picked":["Grand Finale","Die Die Die"],"picked":"Corpse Explosion","floor":33},{"not_picked":["Terror","Dagger Throw+1"],"picked":"PiercingWail+1","floor":35},{"not_picked":["Blade Dance","Riddle With Holes","Bane+1"],"picked":"SKIP","floor":37},{"not_picked":["Sucker Punch+1","Quick Slash","Underhanded Strike"],"picked":"SKIP","floor":38},{"not_picked":["Heel Hook","Deadly Poison"],"picked":"Tactician","floor":39},{"not_picked":["Cloak And Dagger","Flechettes+1"],"picked":"Bouncing Flask","floor":40},{"not_picked":["Reflex+1","Tools of the Trade"],"picked":"Well Laid Plans","floor":42},{"not_picked":["Dagger Throw","Dodge and Roll"],"picked":"Backflip","floor":47},{"not_picked":["Eviscerate","Slice"],"picked":"Prepared","floor":48},{"not_picked":["Underhanded Strike+1","Heel Hook"],"picked":"Noxious Fumes+1","floor":55}],"player_experience":4168013,"relics_obtained":[{"floor":7,"key":"Art of War"},{"floor":9,"key":"Bag of Preparation"},{"floor":22,"key":"Enchiridion"},{"floor":24,"key":"Mummified Hand"},{"floor":26,"key":"Anchor"},{"floor":40,"key":"War Paint"},{"floor":42,"key":"Kunai"},{"floor":55,"key":"Happy Flower"}],"event_choices":[{"damage_healed":0,"gold_gain":0,"player_choice":"Ignored","damage_taken":0,"max_hp_gain":0,"max_hp_loss":0,"event_name":"Liars Game","floor":5,"gold_loss":0},{"damage_healed":0,"gold_gain":0,"player_choice":"Success","damage_taken":18,"relics_obtained":["Omamori"],"max_hp_gain":0,"max_hp_loss":0,"event_name":"Scrap Ooze","floor":8,"gold_loss":0},{"damage_healed":0,"gold_gain":0,"player_choice":"Grow","damage_taken":0,"max_hp_gain":0,"max_hp_loss":0,"event_name":"Living Wall","floor":11,"gold_loss":0,"cards_upgraded":["Bouncing Flask"]},{"damage_healed":0,"gold_gain":0,"player_choice":"Obtained Book","damage_taken":21,"max_hp_gain":0,"max_hp_loss":0,"event_name":"Cursed Tome","floor":22,"gold_loss":0},{"damage_healed":0,"gold_gain":0,"player_choice":"Became a vampire","damage_taken":0,"max_hp_gain":0,"max_hp_loss":20,"event_name":"Vampires","floor":25,"gold_loss":0,"cards_obtained":["Bite","Bite","Bite","Bite","Bite"]},{"cards_removed":["Defend_G"],"damage_healed":0,"gold_gain":0,"player_choice":"Elegance","damage_taken":0,"max_hp_gain":0,"max_hp_loss":0,"event_name":"Back to Basics","floor":29,"gold_loss":0},{"damage_healed":0,"gold_gain":0,"player_choice":"Copied","damage_taken":0,"max_hp_gain":0,"max_hp_loss":0,"event_name":"Duplicator","floor":46,"gold_loss":0,"cards_obtained":["Backflip"]}],"is_beta":false,"boss_relics":[{"not_picked":["Runic Dome","Velvet Choker"],"picked":"Cursed Key"},{"not_picked":["Ring of the Serpent","Eternal Feather"],"picked":"Fusion Hammer"}],"items_purged_floors":[27],"is_endless":false,"potions_floor_spawned":[4,7,16,19,21,24,28,35,39,40,42],"ascension_level":20}