{"gold_per_floor":[119,119,119,130,147,147,163,163,163,197,197,254,254,279,279,353,353,373,119,138,138],"floor_reached":21,"playtime":639,"items_purged":[],"score":374,"play_id":"cb70da1d-7b5f-4de0-979b-446b4480d835","local_time":"20190314162431","is_ascension_mode":true,"campfire_choices":[{"data":"Shrug It Off","floor":6,"key":"SMITH"},{"data":"Cleave","floor":8,"key":"SMITH"},{"floor":11,"key":"REST"},{"floor":15,"key":"REST"}],"neow_cost":"NONE","seed_source_timestamp":143447986194300,"circlet_count":0,"master_deck":["AscendersBane","Strike_R+1","Strike_R+1","Defend_R+1","Defend_R+1","Defend_R","Bash","Shrug It Off+1","Clothesline+1","Spot Weakness+1","Cleave+1","Anger","Headbutt","Armaments","Demon Form","Feel No Pain+1","Corruption+1","Sever Soul+1","Twin Strike","Bandage Up","Heavy Blade"],"relics":["Burning Blood","NeowsBlessing","Dodecahedron","Kunai","War Paint","Boot","Whetstone","Astrolabe","Regal Pillow"],"potions_floor_usage":[],"damage_taken":[{"damage":0,"enemies":"2 Louse","floor":1,"turns":1},{"damage":0,"enemies":"Jaw Worm","floor":4,"turns":1},{"damage":0,"enemies":"Cultist","floor":5,"turns":1},{"damage":6,"enemies":"Blue Slaver","floor":7,"turns":4},{"damage":29,"enemies":"3 Sentries","floor":10,"turns":8},{"damage":36,"enemies":"3 Sentries","floor":12,"turns":7},{"damage":22,"enemies":"Lagavulin","floor":14,"turns":5},{"damage":32,"enemies":"Hexaghost","floor":16,"turns":9},{"damage":30,"enemies":"2 Thieves","floor":18,"turns":4},{"damage":12,"enemies":"Chosen","floor":20,"turns":5},{"damage":38,"enemies":"3 Cultists","floor":21,"turns":4}],"seed_played":"6514277472397171782","potions_obtained":[{"floor":4,"key":"Ancient Potion"},{"floor":7,"key":"AttackPotion"},{"floor":20,"key":"BloodPotion"}],"is_trial":false,"path_per_floor":["M","?","?","M","M","R","M","R","T","E","R","?","?","E","R","B",null,"M","$","M","M"],"character_chosen":"IRONCLAD","items_purchased":["Regal Pillow","Bandage Up"],"campfire_rested":2,"item_purchase_floors":[19,19],"current_hp_per_floor":[74,51,51,57,63,63,63,63,63,40,62,32,32,16,38,12,59,35,35,33,0],"gold":138,"neow_bonus":"THREE_ENEMY_KILL","is_prod":false,"is_daily":false,"chose_seed":false,"campfire_upgraded":2,"win_rate":0,"timestamp":1552595071,"path_taken":["M","?","?","?","M","R","M","R","T","E","R","?","?","E","R","BOSS","M","?","M","M"],"build_version":"2019-02-06","purchased_purges":0,"victory":false,"max_hp_per_floor":[75,75,75,75,75,75,75,75,75,75,75,75,75,75,75,75,75,75,75,75,75],"card_choices":[{"not_picked":["Thunderclap","Clothesline"],"picked":"Shrug It Off","floor":1},{"not_picked":["Corruption","Armaments"],"picked":"Clothesline","floor":4},{"not_picked":["Sever Soul","Heavy Blade"],"picked":"Spot Weakness","floor":5},{"not_picked":["Infernal Blade","Havoc"],"picked":"Cleave","floor":7},{"not_picked":["Exhume","Clash"],"picked":"Anger","floor":10},{"not_picked":["Shockwave","Sever Soul"],"picked":"Headbutt","floor":12},{"not_picked":["Anger","Wild Strike"],"picked":"Armaments","floor":14},{"not_picked":["Barricade","Bludgeon"],"picked":"Demon Form","floor":16},{"not_picked":["Burning Pact+1","True Grit"],"picked":"Twin Strike","floor":18},{"not_picked":["Clothesline+1","Wild Strike"],"picked":"Heavy Blade","floor":20}],"player_experience":658515,"relics_obtained":[{"floor":9,"key":"Dodecahedron"},{"floor":10,"key":"Kunai"},{"floor":12,"key":"War Paint"},{"floor":14,"key":"Whetstone"}],"event_choices":[{"damage_healed":0,"gold_gain":0,"player_choice":"Entered Light","damage_taken":23,"max_hp_gain":0,"max_hp_loss":0,"event_name":"Shining Light","floor":2,"gold_loss":0,"cards_upgraded":["Strike_R","Defend_R"]},{"cards_removed":["Defend_R"],"damage_healed":0,"gold_gain":0,"player_choice":"Offered Basic","damage_taken":0,"max_hp_gain":0,"max_hp_loss":0,"event_name":"Bonfire Elementals","floor":3,"gold_loss":0},{"damage_healed":0,"gold_gain":0,"player_choice":"Searched \u00271\u0027 times","damage_taken":0,"max_hp_gain":0,"max_hp_loss":0,"event_name":"Dead Adventurer","floor":12,"gold_loss":0},{"damage_healed":0,"gold_gain":0,"player_choice":"Gave Potion","damage_taken":0,"relics_obtained":["Boot"],"max_hp_gain":0,"max_hp_loss":0,"event_name":"WeMeetAgain","floor":13,"gold_loss":0}],"is_beta":true,"boss_relics":[{"not_picked":["Orrery","Fusion Hammer"],"picked":"Astrolabe"}],"items_purged_floors":[],"is_endless":false,"potions_floor_spawned":[4,7,10,20],"killed_by":"3 Cultists","ascension_level":20}