{"gold_per_floor":[111,111,124,20,38,73,73,106,106,125,125,136,149,149,149,244,244,257,257,257,272,6,6],"floor_reached":23,"playtime":1105,"items_purged":["Strike_B"],"score":276,"play_id":"d9a43a3a-ec0a-49a3-a4a7-a044c9a71f0c","local_time":"20190307200502","is_ascension_mode":true,"campfire_choices":[{"data":"White Noise","floor":11,"key":"SMITH"},{"data":"Defragment","floor":15,"key":"SMITH"}],"neow_cost":"NONE","seed_source_timestamp":1567736934395026,"circlet_count":0,"master_deck":["Strike_B","Defend_B","Defend_B","Defend_B","Defend_B","Zap","Dualcast","Self Repair","Ball Lightning","Leap","Conserve Battery","Sunder","Steam","BootSequence","White Noise+1","Go for the Eyes","Defragment+1","Reboot","Storm","White Noise","Ghostly","Ghostly","Ghostly","Ghostly","Ghostly","Seek","Deep Breath"],"relics":["Cracked Core","Sundial","Pantograph","The Courier","Inserter"],"potions_floor_usage":[23],"damage_taken":[{"damage":0,"enemies":"2 Louse","floor":1,"turns":2},{"damage":2,"enemies":"Jaw Worm","floor":3,"turns":3},{"damage":0,"enemies":"Cultist","floor":5,"turns":3},{"damage":29,"enemies":"3 Sentries","floor":6,"turns":6},{"damage":28,"enemies":"Gremlin Nob","floor":8,"turns":4},{"damage":5,"enemies":"Blue Slaver","floor":10,"turns":3},{"damage":1,"enemies":"Lots of Slimes","floor":12,"turns":3},{"damage":0,"enemies":"2 Fungi Beasts","floor":13,"turns":2},{"damage":44,"enemies":"Hexaghost","floor":16,"turns":10},{"damage":18,"enemies":"3 Byrds","floor":18,"turns":5},{"damage":1,"enemies":"Chosen","floor":21,"turns":4},{"damage":48,"enemies":"Gremlin Leader","floor":23,"turns":9}],"seed_played":"-6746389197518787015","potions_obtained":[{"floor":5,"key":"Strength Potion"},{"floor":12,"key":"AttackPotion"},{"floor":13,"key":"GamblersBrew"},{"floor":18,"key":"Dexterity Potion"}],"is_trial":false,"path_per_floor":["M","?","M","$","M","E","?","E","T","M","R","M","M","?","R","B",null,"M","?","?","M","$","E"],"character_chosen":"DEFECT","items_purchased":["Conserve Battery","Sunder","Seek","Deep Breath"],"campfire_rested":0,"item_purchase_floors":[4,4,22,22],"current_hp_per_floor":[75,68,73,73,75,53,53,32,32,34,34,40,47,47,47,35,65,54,54,37,37,37,0],"gold":6,"neow_bonus":"THREE_CARDS","is_prod":false,"is_daily":false,"chose_seed":false,"campfire_upgraded":2,"win_rate":0,"timestamp":1552007102,"path_taken":["M","?","M","$","M","E","?","E","T","M","R","M","M","?","R","BOSS","M","?","?","M","$","E"],"build_version":"2019-01-23","purchased_purges":1,"victory":false,"max_hp_per_floor":[75,75,75,75,75,75,75,75,75,75,75,75,75,75,75,75,75,75,75,37,37,37,37],"card_choices":[{"not_picked":["Rebound","Hello World"],"picked":"Self Repair","floor":0},{"not_picked":["Sweeping Beam","Rebound"],"picked":"Ball Lightning","floor":1},{"not_picked":["Self Repair","Gash"],"picked":"Leap","floor":3},{"not_picked":["Melter","Turbo"],"picked":"Steam","floor":5},{"not_picked":["Beam Cell","Static Discharge"],"picked":"BootSequence","floor":6},{"not_picked":["Creative AI","Fusion"],"picked":"White Noise","floor":8},{"not_picked":["Beam Cell","Genetic Algorithm"],"picked":"Go for the Eyes","floor":10},{"not_picked":["Conserve Battery","Doom and Gloom"],"picked":"Defragment","floor":12},{"not_picked":["Skim","Ball Lightning","Sweeping Beam"],"picked":"SKIP","floor":13},{"not_picked":["All For One","Machine Learning"],"picked":"Reboot","floor":16},{"not_picked":["Leap","Capacitor"],"picked":"Storm","floor":18},{"not_picked":["Rebound","Cold Snap","Turbo"],"picked":"SKIP","floor":21}],"player_experience":262847,"relics_obtained":[{"floor":6,"key":"Sundial"},{"floor":8,"key":"Pantograph"},{"floor":9,"key":"The Courier"}],"event_choices":[{"cards_removed":["Strike_B"],"damage_healed":0,"gold_gain":0,"player_choice":"Card Removal","damage_taken":7,"max_hp_gain":0,"max_hp_loss":0,"event_name":"Golden Wing","floor":2,"gold_loss":0},{"damage_healed":0,"gold_gain":0,"player_choice":"Ignored","damage_taken":0,"max_hp_gain":0,"max_hp_loss":0,"event_name":"Liars Game","floor":7,"gold_loss":0},{"cards_removed":["Strike_B"],"damage_healed":0,"gold_gain":0,"player_choice":"Forget","damage_taken":0,"max_hp_gain":0,"max_hp_loss":0,"event_name":"Living Wall","floor":14,"gold_loss":0},{"damage_healed":0,"gold_gain":0,"player_choice":"Read","damage_taken":0,"max_hp_gain":0,"max_hp_loss":0,"event_name":"The Library","floor":19,"gold_loss":0,"cards_obtained":["White Noise"]},{"damage_healed":0,"gold_gain":0,"player_choice":"Became a Ghost","damage_taken":0,"max_hp_gain":0,"max_hp_loss":38,"event_name":"Ghosts","floor":20,"gold_loss":0,"cards_obtained":["Ghostly","Ghostly","Ghostly","Ghostly","Ghostly"]}],"is_beta":false,"boss_relics":[{"not_picked":["Busted Crown","Snecko Eye"],"picked":"Inserter"}],"items_purged_floors":[22],"is_endless":false,"potions_floor_spawned":[5,12,13,16,18],"killed_by":"Gremlin Leader","ascension_level":5}