{"gold_per_floor":[119,269,7,7,7,7,26,51,102,102,117,117,136,168,168,242,242,262,177,196,27,77,77,94,129,153,153,169,183,183,195,195,195],"floor_reached":33,"playtime":1117,"items_purged":["Doubt"],"score":600,"play_id":"e11eff72-f2d9-44a4-b524-df6883191c96","local_time":"20181116221355","is_ascension_mode":true,"campfire_choices":[{"data":"Bash","floor":6.0,"key":"SMITH"},{"data":"Uppercut","floor":10.0,"key":"SMITH"},{"data":"Inflame","floor":15.0,"key":"SMITH"},{"data":"Rage","floor":23,"key":"SMITH"},{"data":"Dual Wield","floor":27,"key":"SMITH"},{"data":"Rampage","floor":30,"key":"SMITH"},{"data":"True Grit","floor":32,"key":"SMITH"}],"neow_cost":"NONE","seed_source_timestamp":77401247510826,"circlet_count":0,"master_deck":["AscendersBane","Strike_R","Strike_R","Strike_R","Strike_R","Strike_R","Defend_R","Defend_R","Defend_R","Defend_R","Bash+1","Twin Strike","Uppercut+1","True Grit+1","Inflame+1","Pommel Strike","Impervious","Rage+1","Heavy Blade","Evolve","Cleave","Dual Wield+1","Rampage+1","Corruption"],"special_seed":0,"relics":["Burning Blood","NeowsBlessing","ClockworkSouvenir","Bag of Preparation","Ice Cream","PreservedInsect","Dodecahedron","Sundial","Coffee Dripper","Paper Frog","Lantern","Happy Flower"],"potions_floor_usage":[33,33],"damage_taken":[{"damage":0.0,"enemies":"Jaw Worm","floor":1.0,"turns":1.0},{"damage":0.0,"enemies":"2 Louse","floor":7.0,"turns":1.0},{"damage":0.0,"enemies":"Gremlin Nob","floor":8.0,"turns":1.0},{"damage":1.0,"enemies":"Cultist","floor":11.0,"turns":3.0},{"damage":0.0,"enemies":"2 Fungi Beasts","floor":13.0,"turns":3.0},{"damage":31.0,"enemies":"3 Sentries","floor":14.0,"turns":8.0},{"damage":36.0,"enemies":"Slime Boss","floor":16.0,"turns":9.0},{"damage":12.0,"enemies":"2 Thieves","floor":18.0,"turns":4.0},{"damage":18.0,"enemies":"3 Byrds","floor":20.0,"turns":7.0},{"damage":13,"enemies":"Snake Plant","floor":24,"turns":2},{"damage":30,"enemies":"Slavers","floor":25,"turns":4},{"damage":0,"enemies":"Chosen and Byrds","floor":28,"turns":5},{"damage":19,"enemies":"Centurion and Healer","floor":29,"turns":5},{"damage":10,"enemies":"3 Cultists","floor":31,"turns":5},{"damage":33,"enemies":"Champ","floor":33,"turns":11}],"seed_played":"-4319131471777750983","potions_obtained":[{"floor":1.0,"key":"Regen Potion"},{"floor":13.0,"key":"Energy Potion"},{"floor":14.0,"key":"Regen Potion"},{"floor":29,"key":"Poison Potion"},{"floor":31,"key":"Dexterity Potion"}],"is_trial":false,"path_per_floor":["M","?","$","?","$","R","M","E","T","R","M","T","M","E","R","B",null,"M","?","M","$","?","R","M","E","T","R","M","M","R","M","R","B"],"character_chosen":"IRONCLAD","items_purchased":["ClockworkSouvenir","Twin Strike","Evolve","Dexterity Potion"],"campfire_rested":0,"item_purchase_floors":[3,3,21,21],"current_hp_per_floor":[74,74,74,69,69,69,75,75,75,75,75,75,75,50,50,20,61,55,55,75,75,75,75,68,44,44,44,50,37,37,33,33,0],"gold":195,"neow_bonus":"THREE_ENEMY_KILL","is_prod":false,"is_daily":false,"chose_seed":false,"campfire_upgraded":7,"win_rate":0,"timestamp":1542424435,"path_taken":["M","?","$","?","$","R","M","E","T","R","M","?","?","E","R","BOSS","M","?","M","$","?","R","M","E","T","R","M","M","R","M","R","BOSS"],"build_version":"2018-11-15","purchased_purges":1,"victory":false,"max_hp_per_floor":[75,75,75,75,75,75,75,75,75,75,75,75,75,75,75,75,75,75,75,75,75,75,75,75,75,75,75,75,75,75,75,75,75],"card_choices":[{"not_picked":["Searing Blow","Havoc","Rage"],"picked":"SKIP","floor":1.0},{"not_picked":["Warcry","Thunderclap"],"picked":"Uppercut","floor":7.0},{"not_picked":["Second Wind","Iron Wave"],"picked":"True Grit","floor":8.0},{"not_picked":["Flex","Corruption","Rupture"],"picked":"SKIP","floor":11.0},{"not_picked":["Heavy Blade","Pommel Strike"],"picked":"Inflame","floor":13.0},{"not_picked":["Clothesline","Thunderclap"],"picked":"Pommel Strike","floor":14.0},{"not_picked":["Barricade","Double Tap"],"picked":"Impervious","floor":16.0},{"not_picked":["Headbutt","Warcry"],"picked":"Rage","floor":18.0},{"not_picked":["Bloodletting","Thunderclap"],"picked":"Heavy Blade","floor":20.0},{"not_picked":["Intimidate","Double Tap"],"picked":"Cleave","floor":24},{"not_picked":["Havoc","Shrug It Off"],"picked":"Dual Wield","floor":25},{"not_picked":["Hemokinesis","Shrug It Off"],"picked":"Rampage","floor":28},{"not_picked":["Sword Boomerang+1","Dark Embrace"],"picked":"Corruption","floor":29},{"not_picked":["Seeing Red","Sword Boomerang","Thunderclap"],"picked":"SKIP","floor":31}],"player_experience":806040,"relics_obtained":[{"floor":8.0,"key":"Ice Cream"},{"floor":9.0,"key":"PreservedInsect"},{"floor":12.0,"key":"Dodecahedron"},{"floor":14.0,"key":"Sundial"},{"floor":25,"key":"Lantern"},{"floor":26,"key":"Happy Flower"}],"event_choices":[{"damage_healed":0.0,"max_hp_gain":0.0,"max_hp_loss":0.0,"gold_gain":150.0,"event_name":"Liars Game","player_choice":"AGREE","floor":2.0,"gold_loss":0.0,"damage_taken":0.0,"cards_obtained":["Doubt"]},{"damage_healed":0.0,"max_hp_gain":0.0,"max_hp_loss":0.0,"gold_gain":0.0,"event_name":"Scrap Ooze","player_choice":"Success","floor":4.0,"gold_loss":0.0,"damage_taken":5.0,"relics_obtained":["Bag of Preparation"]},{"damage_healed":0.0,"max_hp_gain":0.0,"max_hp_loss":0.0,"gold_gain":0.0,"event_name":"Addict","player_choice":"Obtained Relic","floor":19.0,"gold_loss":85.0,"damage_taken":0.0,"relics_obtained":["Paper Frog"]},{"damage_healed":0.0,"max_hp_gain":0.0,"max_hp_loss":0.0,"gold_gain":50.0,"event_name":"Nest","player_choice":"Stole From Cult","floor":22.0,"gold_loss":0.0,"damage_taken":0.0}],"is_beta":true,"boss_relics":[{"not_picked":["Ectoplasm","Lizard Tail"],"picked":"Coffee Dripper"}],"items_purged_floors":[21],"is_endless":false,"potions_floor_spawned":[1,13,14,16,18,29,31],"killed_by":"Champ","ascension_level":20}