{"gold_per_floor":[113,123,123,48,48,74,74,85,85,111,5,34,34,54,54,125,125,141,66,81,93,93,93,110,141,167,167,199,199,209,224,224,224],"floor_reached":33,"playtime":1290,"items_purged":[],"score":620,"play_id":"ec73ed42-9c02-4340-8276-413db75149a5","local_time":"20190322202946","is_ascension_mode":true,"campfire_choices":[{"data":"True Grit","floor":7.0,"key":"SMITH"},{"floor":13.0,"key":"REST"},{"data":"Body Slam","floor":15.0,"key":"SMITH"},{"floor":23.0,"key":"REST"},{"floor":27,"key":"REST"},{"floor":29,"key":"REST"},{"data":"Demon Form","floor":32,"key":"SMITH"}],"neow_cost":"NONE","seed_source_timestamp":588181875337900,"circlet_count":0,"master_deck":["AscendersBane","Strike_R","Strike_R","Defend_R","Defend_R","Defend_R","Defend_R","Bash","Body Slam+1","True Grit+1","Clothesline","Demon Form+1","Jack Of All Trades","Whirlwind","Shrug It Off","Double Tap","Cleave+1","Ghostly Armor","Shockwave","Shrug It Off","Rage","Entrench+1","Impervious"],"special_seed":0,"relics":["Burning Blood","NeowsBlessing","Pear","Bottled Flame","WingedGreaves","Orichalcum","Velvet Choker","Blue Candle","Art of War","Red Mask"],"potions_floor_usage":[25,25],"damage_taken":[{"damage":0.0,"enemies":"2 Louse","floor":1.0,"turns":1.0},{"damage":0.0,"enemies":"Jaw Worm","floor":2.0,"turns":1.0},{"damage":0.0,"enemies":"3 Sentries","floor":6.0,"turns":2.0},{"damage":16.0,"enemies":"Small Slimes","floor":8.0,"turns":5.0},{"damage":25.0,"enemies":"Lagavulin","floor":10.0,"turns":7.0},{"damage":51.0,"enemies":"Gremlin Nob","floor":12.0,"turns":5.0},{"damage":4.0,"enemies":"Blue Slaver","floor":14.0,"turns":6.0},{"damage":24.0,"enemies":"Hexaghost","floor":16.0,"turns":12.0},{"damage":13.0,"enemies":"2 Thieves","floor":18.0,"turns":4.0},{"damage":15.0,"enemies":"Shell Parasite","floor":20.0,"turns":4.0},{"damage":5.0,"enemies":"3 Cultists","floor":21.0,"turns":3.0},{"damage":23.0,"enemies":"Colosseum Slavers","floor":22.0,"turns":5.0},{"damage":37.0,"enemies":"Snake Plant","floor":24.0,"turns":6.0},{"damage":40,"enemies":"Book of Stabbing","floor":25,"turns":6},{"damage":20,"enemies":"Masked Bandits","floor":28,"turns":5},{"damage":10,"enemies":"Chosen and Byrds","floor":30,"turns":7},{"damage":8,"enemies":"Centurion and Healer","floor":31,"turns":7},{"damage":53,"enemies":"Automaton","floor":33,"turns":6}],"seed_played":"-4187841446874132511","potions_obtained":[{"floor":1.0,"key":"Block Potion"},{"floor":12.0,"key":"SkillPotion"},{"floor":16.0,"key":"Regen Potion"},{"floor":18.0,"key":"Dexterity Potion"},{"floor":24.0,"key":"PowerPotion"},{"floor":30,"key":"SpeedPotion"}],"is_trial":false,"path_per_floor":["M","M","?","?","?","E","R","M","T","E","$","E","R","M","R","B",null,"M","?","M","M","?","R","M","E","T","R","?","R","M","M","R","B"],"character_chosen":"IRONCLAD","items_purchased":["Jack Of All Trades"],"campfire_rested":4,"item_purchase_floors":[11],"current_hp_per_floor":[74,75,68,68,73,89,89,79,79,60,60,15,42,44,44,26,74,67,67,58,59,42,69,38,19,19,46,32,59,55,53,53,0],"gold":224,"neow_bonus":"THREE_ENEMY_KILL","is_prod":false,"is_daily":false,"chose_seed":false,"campfire_upgraded":3,"win_rate":0,"timestamp":1553300986,"path_taken":["M","M","?","?","?","E","R","M","T","E","?","E","R","?","R","BOSS","M","?","M","M","?","R","M","E","T","R","?","R","M","M","R","BOSS"],"build_version":"2019-03-15","purchased_purges":0,"victory":false,"max_hp_per_floor":[75,75,75,75,80,90,90,90,90,90,90,90,90,90,90,90,90,90,90,90,90,90,90,90,90,90,90,90,90,90,90,90,90],"card_choices":[{"not_picked":["Wild Strike","Cleave"],"picked":"Body Slam","floor":1.0},{"not_picked":["Heavy Blade","Shockwave"],"picked":"True Grit","floor":2.0},{"not_picked":["Combust","Havoc"],"picked":"Clothesline","floor":6.0},{"not_picked":["Pommel Strike","Inflame"],"picked":"Demon Form","floor":8.0},{"not_picked":["Sentinel","Burning Pact","Rampage"],"picked":"SKIP","floor":10.0},{"not_picked":["Disarm","Clothesline"],"picked":"Whirlwind","floor":12.0},{"not_picked":["Perfected Strike","Havoc"],"picked":"Shrug It Off","floor":14.0},{"not_picked":["Demon Form","Berserk"],"picked":"Double Tap","floor":16.0},{"not_picked":["Havoc","Flex"],"picked":"Cleave+1","floor":18.0},{"not_picked":["Perfected Strike","Uppercut"],"picked":"Ghostly Armor","floor":20.0},{"not_picked":["Searing Blow","Burning Pact"],"picked":"Shockwave","floor":21.0},{"not_picked":["Disarm","Searing Blow"],"picked":"Shrug It Off","floor":24.0},{"not_picked":["Flex","Clothesline"],"picked":"Rage","floor":25},{"not_picked":["Body Slam","Sentinel"],"picked":"Entrench+1","floor":30},{"not_picked":["Anger","Clash"],"picked":"Impervious","floor":31}],"player_experience":675668,"relics_obtained":[{"floor":6.0,"key":"Pear"},{"floor":9.0,"key":"Bottled Flame"},{"floor":10.0,"key":"WingedGreaves"},{"floor":12.0,"key":"Orichalcum"},{"floor":25,"key":"Blue Candle"},{"floor":26,"key":"Art of War"},{"floor":28,"key":"Red Mask"}],"event_choices":[{"cards_removed":["Strike_R"],"damage_healed":0.0,"max_hp_gain":0.0,"max_hp_loss":0.0,"gold_gain":0.0,"event_name":"Golden Wing","player_choice":"Card Removal","floor":3.0,"gold_loss":0.0,"damage_taken":7.0},{"cards_removed":["Strike_R"],"damage_healed":0.0,"max_hp_gain":0.0,"max_hp_loss":0.0,"gold_gain":0.0,"event_name":"The Cleric","player_choice":"Card Removal","floor":4.0,"gold_loss":75.0,"damage_taken":0.0},{"damage_healed":0.0,"max_hp_gain":5.0,"max_hp_loss":0.0,"gold_gain":0.0,"event_name":"Big Fish","player_choice":"Donut","floor":5.0,"gold_loss":0.0,"damage_taken":0.0},{"cards_removed":["Strike_R"],"damage_healed":0.0,"max_hp_gain":0.0,"max_hp_loss":0.0,"gold_gain":0.0,"event_name":"Beggar","player_choice":"Gave Gold","floor":19.0,"gold_loss":75.0,"damage_taken":0.0},{"damage_healed":0.0,"max_hp_gain":0.0,"max_hp_loss":0.0,"gold_gain":0.0,"event_name":"Colosseum","player_choice":"Fight","floor":22.0,"gold_loss":0.0,"damage_taken":0.0},{"damage_healed":0.0,"max_hp_gain":0.0,"max_hp_loss":0.0,"gold_gain":0.0,"event_name":"Colosseum","player_choice":"Fled From Nobs","floor":22.0,"gold_loss":0.0,"damage_taken":0.0},{"damage_healed":0,"gold_gain":0,"player_choice":"Fought Bandits","damage_taken":0,"max_hp_gain":0,"max_hp_loss":0,"event_name":"Masked Bandits","floor":28,"gold_loss":0}],"is_beta":true,"boss_relics":[{"not_picked":["Black Star","Snecko Eye"],"picked":"Velvet Choker"}],"items_purged_floors":[],"is_endless":false,"potions_floor_spawned":[1,12,16,18,20,24,30],"killed_by":"Automaton","ascension_level":20}