{"gold_per_floor":[111,123,123,298,67,93,93,124,124,124,154,171,205,216,216,216],"floor_reached":16,"playtime":824,"items_purged":["Doubt"],"score":161,"play_id":"759f663d-8bc4-425a-a31d-638c21aa9d78","local_time":"20190303113851","is_ascension_mode":true,"campfire_choices":[{"floor":7,"key":"RECALL"},{"floor":10,"key":"REST"},{"floor":15,"key":"REST"}],"neow_cost":"NONE","seed_source_timestamp":343934631907700,"circlet_count":0,"master_deck":["Strike_B","Strike_B","Strike_B","Strike_B","Defend_B","Defend_B","Defend_B","Defend_B","Zap","Dualcast","Rebound","Beam Cell","Consume","Defragment","Gash","Gash","BootSequence","Hologram"],"relics":["Cracked Core","NeowsBlessing","Membership Card","Gremlin Horn","Darkstone Periapt","Blood Vial","Strawberry","Centennial Puzzle"],"potions_floor_usage":[8,13,16],"damage_taken":[{"damage":0,"enemies":"Jaw Worm","floor":1,"turns":1},{"damage":0,"enemies":"2 Louse","floor":2,"turns":1},{"damage":0,"enemies":"3 Sentries","floor":6,"turns":1},{"damage":28,"enemies":"Gremlin Nob","floor":8,"turns":4},{"damage":47,"enemies":"3 Sentries","floor":11,"turns":8},{"damage":2,"enemies":"Small Slimes","floor":12,"turns":3},{"damage":30,"enemies":"Gremlin Nob","floor":13,"turns":4},{"damage":0,"enemies":"2 Fungi Beasts","floor":14,"turns":3},{"damage":49,"enemies":"Hexaghost","floor":16,"turns":9}],"seed_played":"-9190229154452192919","potions_obtained":[{"floor":6,"key":"EssenceOfSteel"},{"floor":11,"key":"LiquidBronze"},{"floor":13,"key":"Regen Potion"}],"is_trial":false,"path_per_floor":["M","M","?","?","$","E","R","E","T","R","E","M","E","M","R","B"],"character_chosen":"DEFECT","items_purchased":["Membership Card"],"campfire_rested":2,"item_purchase_floors":[5],"current_hp_per_floor":[75,75,75,75,75,75,75,47,47,69,31,31,3,5,29,0],"gold":216,"neow_bonus":"THREE_ENEMY_KILL","is_prod":false,"is_daily":false,"chose_seed":false,"campfire_upgraded":0,"win_rate":0,"timestamp":1551609531,"path_taken":["M","M","?","?","$","E","R","E","T","R","E","M","E","M","R","BOSS"],"build_version":"2019-01-23","purchased_purges":1,"victory":false,"max_hp_per_floor":[75,75,75,75,75,75,75,75,75,75,82,82,82,82,82,82],"card_choices":[{"not_picked":["Stack","Scrape"],"picked":"Rebound","floor":1},{"not_picked":["Cold Snap","Turbo"],"picked":"Beam Cell","floor":2},{"not_picked":["Self Repair","Stack"],"picked":"Consume","floor":6},{"not_picked":["Cold Snap","Static Discharge"],"picked":"Defragment","floor":8},{"not_picked":["Steam Power","Glacier"],"picked":"Gash","floor":11},{"not_picked":["Fusion","Consume"],"picked":"Gash","floor":12},{"not_picked":["Stack","Seek"],"picked":"BootSequence","floor":13},{"not_picked":["Turbo","Beam Cell"],"picked":"Hologram","floor":14}],"player_experience":524736,"relics_obtained":[{"floor":6,"key":"Gremlin Horn"},{"floor":8,"key":"Darkstone Periapt"},{"floor":9,"key":"Blood Vial"},{"floor":11,"key":"Strawberry"},{"floor":13,"key":"Centennial Puzzle"}],"event_choices":[{"damage_healed":0,"gold_gain":0,"player_choice":"Ignored","damage_taken":0,"max_hp_gain":0,"max_hp_loss":0,"event_name":"Golden Wing","floor":3,"gold_loss":0},{"damage_healed":0,"gold_gain":175,"player_choice":"AGREE","damage_taken":0,"max_hp_gain":0,"max_hp_loss":0,"event_name":"Liars Game","floor":4,"gold_loss":0,"cards_obtained":["Doubt"]}],"is_beta":false,"boss_relics":[],"items_purged_floors":[5],"is_endless":false,"potions_floor_spawned":[6,11,13],"killed_by":"Hexaghost","ascension_level":1}