{"gold_per_floor":[109,109,128,142,142,142,19,19,43,43,59,116,116,116,116,211,211,221,150,163,163,180,199,124,124,124,124,124,26,26,59,59,59],"floor_reached":33,"playtime":3889,"items_purged":[],"score":251,"play_id":"87988722-322a-4aff-80fc-4f81ff0b1af5","local_time":"20190319234207","is_ascension_mode":false,"campfire_choices":[{"data":"Shockwave","floor":6,"key":"SMITH"},{"data":"Dramatic Entrance","floor":8,"key":"SMITH"},{"data":"Rage","floor":10,"key":"SMITH"},{"data":"Sword Boomerang","floor":13,"key":"SMITH"},{"data":"Armaments","floor":15,"key":"SMITH"},{"floor":25,"key":"REST"},{"floor":27,"key":"REST"},{"floor":32,"key":"REST"}],"neow_cost":"","seed_source_timestamp":421068516046139,"circlet_count":0,"master_deck":["Strike_R","Strike_R","Strike_R","Strike_R+1","Strike_R","Defend_R","Defend_R","Defend_R","Defend_R","Bash+1","Ghostly Armor","Armaments+1","Shockwave+1","Rage+1","Dramatic Entrance+1","Sword Boomerang+1","Pommel Strike+1","Shrug It Off","Twin Strike+1","Pommel Strike+1","Sword Boomerang","Disarm","Dual Wield","Perfected Strike","RitualDagger","Flash of Steel","Rage","Anger"],"relics":["Burning Blood","Dream Catcher","Lizard Tail","StoneCalendar","Whetstone"],"potions_floor_usage":[16,31,31],"damage_taken":[{"damage":7,"enemies":"2 Louse","floor":1,"turns":3},{"damage":0,"enemies":"Cultist","floor":3,"turns":4},{"damage":5,"enemies":"Jaw Worm","floor":4,"turns":4},{"damage":6,"enemies":"2 Fungi Beasts","floor":11,"turns":3},{"damage":65,"enemies":"The Guardian","floor":16,"turns":15},{"damage":11,"enemies":"3 Byrds","floor":18,"turns":8},{"damage":20,"enemies":"Shell Parasite","floor":20,"turns":8},{"damage":20,"enemies":"Snake Plant","floor":22,"turns":6},{"damage":43,"enemies":"Sentry and Sphere","floor":23,"turns":12},{"damage":51,"enemies":"Book of Stabbing","floor":31,"turns":7},{"damage":86,"enemies":"Champ","floor":33,"turns":10}],"seed_played":"4453294293545756426","potions_obtained":[{"floor":1,"key":"Weak Potion"},{"floor":2,"key":"Dexterity Potion"},{"floor":2,"key":"SneckoOil"},{"floor":2,"key":"Block Potion"},{"floor":11,"key":"GamblersBrew"},{"floor":18,"key":"Weak Potion"},{"floor":23,"key":"Ancient Potion"}],"is_trial":false,"path_per_floor":["M","?","M","M","?","R","$","R","T","R","M","?","R","?","R","B",null,"M","$","M","?","M","M","?","R","T","R","?","$","?","E","R","B"],"character_chosen":"IRONCLAD","items_purchased":["Rage","Dramatic Entrance","Shrug It Off","Twin Strike","Flash of Steel"],"campfire_rested":3,"item_purchase_floors":[7,7,19,19,29],"current_hp_per_floor":[79,79,80,80,80,80,80,80,80,80,80,80,80,80,80,21,80,75,75,61,61,47,10,10,34,34,58,52,52,52,7,31,0],"gold":59,"neow_bonus":"","is_prod":false,"is_daily":false,"chose_seed":false,"campfire_upgraded":5,"win_rate":0.0,"timestamp":1553056927,"path_taken":["M","?","M","?","?","R","$","R","T","R","M","?","R","?","R","BOSS","M","$","M","?","M","?","?","R","T","R","?","?","?","E","R","BOSS"],"build_version":"2019-01-23","purchased_purges":0,"victory":false,"max_hp_per_floor":[80,80,80,80,80,80,80,80,80,80,80,80,80,80,80,80,80,80,80,80,80,80,80,80,80,80,80,80,80,80,80,80,80],"card_choices":[{"not_picked":["Blood for Blood","Armaments"],"picked":"Ghostly Armor","floor":1},{"not_picked":["Warcry","Infernal Blade"],"picked":"Armaments","floor":3},{"not_picked":["Anger","Rupture"],"picked":"Shockwave","floor":4},{"not_picked":["Warcry","Armaments"],"picked":"Sword Boomerang","floor":11},{"not_picked":["Dark Embrace","Feed"],"picked":"Offering","floor":16},{"not_picked":["Hemokinesis","Seeing Red"],"picked":"Pommel Strike","floor":18},{"not_picked":["Thunderclap","Shockwave"],"picked":"Pommel Strike+1","floor":20},{"not_picked":["Seeing Red+1","Warcry+1"],"picked":"Sword Boomerang","floor":22},{"not_picked":["Dual Wield","Ghostly Armor"],"picked":"Disarm","floor":23},{"not_picked":["Warcry","Rupture"],"picked":"Dual Wield","floor":25},{"not_picked":["Armaments+1","Cleave"],"picked":"Perfected Strike","floor":27},{"not_picked":["Pommel Strike","Pummel"],"picked":"Rage","floor":31},{"not_picked":["Twin Strike","Second Wind"],"picked":"Anger","floor":32}],"player_experience":0,"relics_obtained":[{"floor":9,"key":"Dream Catcher"},{"floor":26,"key":"StoneCalendar"},{"floor":31,"key":"Whetstone"}],"event_choices":[{"damage_healed":0,"gold_gain":0,"player_choice":"Got Potions","damage_taken":0,"max_hp_gain":0,"max_hp_loss":0,"event_name":"Lab","floor":2,"gold_loss":0},{"damage_healed":0,"gold_gain":0,"player_choice":"Grow","damage_taken":0,"max_hp_gain":0,"max_hp_loss":0,"event_name":"Living Wall","floor":5,"gold_loss":0,"cards_upgraded":["Bash"]},{"damage_healed":0,"gold_gain":57,"player_choice":"Gained Gold","damage_taken":0,"max_hp_gain":0,"max_hp_loss":0,"event_name":"Golden Wing","floor":12,"gold_loss":0},{"damage_healed":0,"gold_gain":0,"player_choice":"Ignored","damage_taken":0,"max_hp_gain":0,"max_hp_loss":0,"event_name":"Liars Game","floor":14,"gold_loss":0},{"damage_healed":0,"gold_gain":0,"player_choice":"Upgraded","damage_taken":0,"max_hp_gain":0,"max_hp_loss":0,"event_name":"Upgrade Shrine","floor":21,"gold_loss":0,"cards_upgraded":["Pommel Strike"]},{"cards_removed":["Offering"],"damage_healed":0,"gold_gain":0,"player_choice":"Gave Gold","damage_taken":0,"max_hp_gain":0,"max_hp_loss":0,"event_name":"Beggar","floor":24,"gold_loss":75},{"damage_healed":0,"gold_gain":0,"player_choice":"Joined the Cult","damage_taken":6,"max_hp_gain":0,"max_hp_loss":0,"event_name":"Nest","floor":28,"gold_loss":0,"cards_obtained":["RitualDagger"]},{"damage_healed":0,"gold_gain":0,"player_choice":"Ignored","damage_taken":0,"max_hp_gain":0,"max_hp_loss":0,"event_name":"Vampires","floor":30,"gold_loss":0}],"is_beta":false,"boss_relics":[{"not_picked":["Mark of Pain","Velvet Choker"],"picked":"Lizard Tail"}],"items_purged_floors":[],"is_endless":false,"potions_floor_spawned":[1,11,18,22,23],"killed_by":"Champ","ascension_level":0}