{"gold_per_floor":[114,114,39,39,39,39,64,64,136,149,149,169,169,169,169,300,363,387,371,371,286,211,211,310,310,310,10,25,25,25,48,48,48],"floor_reached":33,"playtime":1776,"items_purged":["Strike_G","Strike_G"],"score":256,"play_id":"abd0b585-d61a-4922-8b87-6beb3c9a800a","local_time":"20190321115000","is_ascension_mode":false,"campfire_choices":[{"data":"Sucker Punch","floor":6,"key":"SMITH"},{"data":"Neutralize","floor":8,"key":"SMITH"},{"data":"Survivor","floor":13,"key":"SMITH"},{"floor":15,"key":"REST"},{"data":"Ghostly","floor":23,"key":"SMITH"},{"data":"Ghostly","floor":25,"key":"SMITH"},{"data":"Ghostly","floor":30,"key":"SMITH"},{"data":"Ghostly","floor":32,"key":"SMITH"}],"neow_cost":"NONE","seed_source_timestamp":668228215591529,"circlet_count":0,"master_deck":["Defend_G","Defend_G+1","Defend_G+1","Defend_G","Defend_G","Strike_G","Strike_G+1","Strike_G","Survivor+1","Neutralize+1","Sucker Punch+1","Heel Hook","Backflip","Tactician","Venomology","Sucker Punch","Deflect+1","Blur+1","Ghostly+1","Ghostly+1","Ghostly+1","Ghostly+1","Ghostly+1","Backflip","Expertise","Calculated Gamble+1"],"relics":["Ring of the Snake","Golden Idol","Centennial Puzzle","Bag of Marbles","Anchor","Tiny House","Letter Opener","Meat on the Bone","War Paint"],"potions_floor_usage":[16,18,19,31,33,33],"damage_taken":[{"damage":0,"enemies":"2 Louse","floor":1,"turns":3},{"damage":6,"enemies":"Small Slimes","floor":7,"turns":3},{"damage":2,"enemies":"Cultist","floor":10,"turns":3},{"damage":3,"enemies":"Exordium Wildlife","floor":12,"turns":6},{"damage":42,"enemies":"Hexaghost","floor":16,"turns":15},{"damage":13,"enemies":"Shell Parasite","floor":18,"turns":9},{"damage":4,"enemies":"2 Thieves","floor":19,"turns":4},{"damage":0,"enemies":"Shelled Parasite and Fungi","floor":28,"turns":14},{"damage":15,"enemies":"Cultist and Chosen","floor":31,"turns":14},{"damage":12,"enemies":"Champ","floor":33,"turns":20}],"seed_played":"-7939440634458971916","potions_obtained":[{"floor":12,"key":"LiquidBronze"},{"floor":16,"key":"Swift Potion"},{"floor":17,"key":"Weak Potion"}],"is_trial":false,"path_per_floor":["M","?","$","?","?","R","M","R","T","M","T","M","R","?","R","B",null,"M","M","?","?","?","R","?","R","T","$","M","$","R","M","R","B"],"character_chosen":"THE_SILENT","items_purchased":["War Paint","Backflip"],"campfire_rested":1,"item_purchase_floors":[27,27],"current_hp_per_floor":[70,53,53,53,53,53,47,47,47,45,45,42,42,28,49,7,75,62,58,37,37,37,37,37,37,37,37,37,37,37,22,22,10],"gold":48,"neow_bonus":"THREE_CARDS","is_prod":false,"is_daily":false,"chose_seed":false,"campfire_upgraded":7,"win_rate":0,"timestamp":1553165400,"path_taken":["M","?","$","?","?","R","?","R","T","M","?","M","R","?","R","BOSS","M","M","?","?","?","R","?","R","T","?","M","$","R","M","R","BOSS"],"build_version":"2019-01-23","purchased_purges":2,"victory":false,"max_hp_per_floor":[70,70,70,70,70,70,70,70,70,70,70,70,70,70,70,70,75,75,75,37,37,37,37,37,37,37,37,37,37,37,37,37,37],"card_choices":[{"not_picked":["Dagger Throw","Slice"],"picked":"Sucker Punch","floor":0},{"not_picked":["Deflect","Dagger Spray"],"picked":"Well Laid Plans","floor":1},{"not_picked":["Flying Knee","Cloak And Dagger"],"picked":"Heel Hook","floor":7},{"not_picked":["Eviscerate","Blade Dance"],"picked":"Backflip","floor":10},{"not_picked":["Riddle With Holes","Acrobatics"],"picked":"Tactician","floor":12},{"not_picked":["Unload","Phantasmal Killer"],"picked":"Venomology","floor":16},{"not_picked":["Eviscerate","Bane"],"picked":"Sucker Punch","floor":17},{"not_picked":["Predator","Underhanded Strike"],"picked":"Deflect+1","floor":18},{"not_picked":["Dodge and Roll","Flechettes"],"picked":"Blur","floor":19},{"not_picked":["Sucker Punch","Dagger Spray"],"picked":"Expertise","floor":28},{"not_picked":["Underhanded Strike","Poisoned Stab"],"picked":"Calculated Gamble+1","floor":31}],"player_experience":82021,"relics_obtained":[{"floor":11,"key":"Anchor"},{"floor":26,"key":"Meat on the Bone"}],"event_choices":[{"damage_healed":0,"gold_gain":0,"player_choice":"Take Damage","damage_taken":17,"relics_obtained":["Golden Idol"],"max_hp_gain":0,"max_hp_loss":0,"event_name":"Golden Idol","floor":2,"gold_loss":0},{"damage_healed":0,"gold_gain":0,"player_choice":"Box","damage_taken":0,"relics_obtained":["Centennial Puzzle"],"max_hp_gain":0,"max_hp_loss":0,"event_name":"Big Fish","floor":4,"gold_loss":0,"cards_obtained":["Regret"]},{"cards_removed":["Well Laid Plans"],"damage_healed":0,"gold_gain":0,"player_choice":"Gave Card","damage_taken":0,"relics_obtained":["Bag of Marbles"],"max_hp_gain":0,"max_hp_loss":0,"event_name":"WeMeetAgain","floor":5,"gold_loss":0},{"damage_healed":0,"gold_gain":0,"player_choice":"Entered Light","damage_taken":14,"max_hp_gain":0,"max_hp_loss":0,"event_name":"Shining Light","floor":14,"gold_loss":0,"cards_upgraded":["Defend_G","Defend_G"]},{"damage_healed":0,"gold_gain":0,"player_choice":"Became a Ghost","damage_taken":0,"max_hp_gain":0,"max_hp_loss":38,"event_name":"Ghosts","floor":20,"gold_loss":0,"cards_obtained":["Ghostly","Ghostly","Ghostly","Ghostly","Ghostly"]},{"damage_healed":0,"gold_gain":0,"player_choice":"Obtained Relic","damage_taken":0,"relics_obtained":["Letter Opener"],"max_hp_gain":0,"max_hp_loss":0,"event_name":"Addict","floor":21,"gold_loss":85},{"cards_removed":["Regret"],"damage_healed":0,"gold_gain":0,"player_choice":"Gave Gold","damage_taken":0,"max_hp_gain":0,"max_hp_loss":0,"event_name":"Beggar","floor":22,"gold_loss":75},{"damage_healed":0,"gold_gain":99,"player_choice":"Stole From Cult","damage_taken":0,"max_hp_gain":0,"max_hp_loss":0,"event_name":"Nest","floor":24,"gold_loss":0}],"is_beta":false,"boss_relics":[{"not_picked":["Fusion Hammer","HoveringKite"],"picked":"Tiny House"}],"items_purged_floors":[3,27],"is_endless":false,"potions_floor_spawned":[12,16],"killed_by":"Champ","ascension_level":0}