{"gold_per_floor":[112,112,37,37,54,54,89,103,103,103,120,120,131,45,45,119,119,132,148,148,148,161,161,174,10,10,20,35,35,46,60,60,139,189,207,207,207,34,34,34,34,34,34,134,134,144,144,162,162,162],"floor_reached":50,"playtime":1763,"items_purged":["Strike_R"],"score":959,"play_id":"59062f04-e00b-469f-a4d7-cc81ddb07c0f","local_time":"20181109020712","is_ascension_mode":true,"campfire_choices":[{"data":"Bash","floor":6.0,"key":"SMITH"},{"data":"Whirlwind","floor":10.0,"key":"SMITH"},{"data":"Metallicize","floor":12.0,"key":"SMITH"},{"data":"Carnage","floor":15.0,"key":"SMITH"},{"data":"Offering","floor":23,"key":"SMITH"},{"data":"Juggernaut","floor":29,"key":"SMITH"},{"data":"True Grit","floor":32,"key":"SMITH"},{"data":"Armaments","floor":40,"key":"SMITH"},{"data":"Strike_R","floor":49,"key":"PURGE"}],"neow_cost":"NONE","seed_source_timestamp":1299563682437170,"circlet_count":0,"master_deck":["AscendersBane","Strike_R","Defend_R","Defend_R","Defend_R","Bash+1","Power Through","Anger+1","Whirlwind+1","Headbutt","Metallicize+1","Battle Trance","Carnage+1","Offering+1","Sword Boomerang","Shrug It Off+1","Rampage+1","Metallicize","Metallicize","Juggernaut+1","Flame Barrier","True Grit+1","Armaments+1","Spot Weakness+1","Battle Trance+1","Ghostly Armor"],"special_seed":0,"relics":["Burning Blood","NeowsBlessing","Peace Pipe","Boot","Mummified Hand","Runic Dome","Mercury Hourglass","Tiny House","Juzu Bracelet","Ornamental Fan","Mango","Art of War"],"potions_floor_usage":[33,33,35,50,50],"damage_taken":[{"damage":0.0,"enemies":"2 Louse","floor":1.0,"turns":1.0},{"damage":0.0,"enemies":"Small Slimes","floor":5.0,"turns":1.0},{"damage":0.0,"enemies":"Lagavulin","floor":7.0,"turns":1.0},{"damage":1.0,"enemies":"Cultist","floor":8.0,"turns":3.0},{"damage":3.0,"enemies":"Large Slime","floor":11.0,"turns":4.0},{"damage":19.0,"enemies":"Exordium Thugs","floor":13.0,"turns":5.0},{"damage":31.0,"enemies":"Hexaghost","floor":16.0,"turns":7.0},{"damage":0.0,"enemies":"3 Byrds","floor":18.0,"turns":3.0},{"damage":0.0,"enemies":"Chosen","floor":19.0,"turns":5.0},{"damage":6,"enemies":"3 Cultists","floor":22,"turns":2},{"damage":6,"enemies":"Snecko","floor":24,"turns":2},{"damage":4,"enemies":"Snake Plant","floor":27,"turns":2},{"damage":11,"enemies":"Centurion and Healer","floor":28,"turns":4},{"damage":24,"enemies":"Shelled Parasite and Fungi","floor":30,"turns":4},{"damage":0,"enemies":"3 Cultists","floor":31,"turns":4},{"damage":44,"enemies":"Automaton","floor":33,"turns":9},{"damage":33,"enemies":"3 Darklings","floor":35,"turns":4},{"damage":6,"enemies":"Mind Bloom Boss Battle","floor":44,"turns":8},{"damage":6,"enemies":"Orb Walker","floor":46,"turns":2},{"damage":0,"enemies":"4 Shapes","floor":48,"turns":5},{"damage":89,"enemies":"Awakened One","floor":50,"turns":11}],"seed_played":"-6623810724436014434","potions_obtained":[{"floor":5.0,"key":"Energy Potion"},{"floor":7.0,"key":"SneckoOil"},{"floor":13.0,"key":"Strength Potion"},{"floor":18.0,"key":"Dexterity Potion"},{"floor":27,"key":"Dexterity Potion"},{"floor":34,"key":"Fire Potion"},{"floor":44,"key":"GamblersBrew"},{"floor":46,"key":"Regen Potion"}],"is_trial":false,"path_per_floor":["M","?","?","?","M","R","E","M","T","R","M","R","M","$","R","B",null,"M","M","?","$","M","R","M","$","T","M","M","R","M","M","R","B",null,"M","?","?","$","?","R","?","$","T","?","?","M","T","M","R","B"],"character_chosen":"IRONCLAD","items_purchased":["Carnage","Metallicize","Juzu Bracelet"],"campfire_rested":0,"item_purchase_floors":[14,25,38],"current_hp_per_floor":[74,69,69,69,75,75,75,75,75,75,75,75,62,62,62,37,66,72,75,75,75,75,75,75,75,75,75,70,70,52,58,58,20,66,39,39,66,66,66,66,66,66,66,80,80,80,80,80,80,6],"gold":162,"neow_bonus":"THREE_ENEMY_KILL","is_prod":false,"is_daily":false,"chose_seed":false,"campfire_upgraded":8,"win_rate":0,"timestamp":1541747232,"path_taken":["M","?","?","?","M","R","E","?","T","R","M","R","M","$","R","BOSS","M","M","?","?","M","R","M","$","T","M","M","R","M","?","R","BOSS","M","?","?","$","?","R","?","?","T","?","?","M","?","M","R","BOSS"],"build_version":"2018-11-08","purchased_purges":1,"victory":false,"max_hp_per_floor":[75,75,75,75,75,75,75,75,75,75,75,75,75,75,75,75,75,75,75,75,75,75,75,75,75,75,75,75,75,75,75,75,75,80,80,80,66,66,66,66,66,66,66,80,80,80,80,80,80,80],"card_choices":[{"not_picked":["Clash","Thunderclap"],"picked":"Power Through","floor":1.0},{"not_picked":["Flex","Iron Wave"],"picked":"Anger","floor":5.0},{"not_picked":["Perfected Strike","Battle Trance"],"picked":"Whirlwind","floor":7.0},{"not_picked":["Second Wind","Dropkick"],"picked":"Headbutt","floor":8.0},{"not_picked":["Iron Wave","Searing Blow"],"picked":"Metallicize","floor":11.0},{"not_picked":["Perfected Strike","Shrug It Off"],"picked":"Battle Trance","floor":13.0},{"not_picked":["Brutality","Feed"],"picked":"Offering","floor":16.0},{"not_picked":["Clash","True Grit"],"picked":"Sword Boomerang","floor":18.0},{"not_picked":["Warcry+1","Armaments"],"picked":"Shrug It Off+1","floor":19.0},{"not_picked":["Cleave+1","Shrug It Off"],"picked":"Rampage+1","floor":22},{"not_picked":["Clash","Warcry"],"picked":"Metallicize","floor":24},{"not_picked":["Havoc","Pommel Strike"],"picked":"Juggernaut","floor":27},{"not_picked":["Power Through","Intimidate"],"picked":"Flame Barrier","floor":28},{"not_picked":["Rampage","Bloodletting"],"picked":"True Grit","floor":30},{"not_picked":["Havoc","Anger","Warcry"],"picked":"SKIP","floor":31},{"not_picked":["Flex","Carnage"],"picked":"Armaments","floor":34},{"not_picked":["Feel No Pain","Seeing Red"],"picked":"Spot Weakness","floor":35},{"not_picked":["Warcry","Shrug It Off"],"picked":"Battle Trance+1","floor":44},{"not_picked":["Dual Wield","Cleave"],"picked":"Ghostly Armor","floor":46},{"not_picked":["Headbutt","Intimidate","Sever Soul"],"picked":"SKIP","floor":48}],"player_experience":787811,"relics_obtained":[{"floor":7.0,"key":"Boot"},{"floor":9.0,"key":"Mummified Hand"},{"floor":26,"key":"Mercury Hourglass"},{"floor":43,"key":"Ornamental Fan"},{"floor":44,"key":"Mango"},{"floor":47,"key":"Art of War"}],"event_choices":[{"damage_healed":0.0,"max_hp_gain":0.0,"max_hp_loss":0.0,"gold_gain":0.0,"event_name":"Scrap Ooze","player_choice":"Success","floor":2.0,"gold_loss":0.0,"damage_taken":5.0,"relics_obtained":["Peace Pipe"]},{"cards_removed":["Strike_R"],"damage_healed":0.0,"max_hp_gain":0.0,"max_hp_loss":0.0,"gold_gain":0.0,"event_name":"The Cleric","player_choice":"Card Removal","floor":3.0,"gold_loss":75.0,"damage_taken":0.0},{"cards_removed":["Defend_R"],"damage_healed":0.0,"max_hp_gain":0.0,"max_hp_loss":0.0,"gold_gain":0.0,"event_name":"Purifier","player_choice":"Purged","floor":4.0,"gold_loss":0.0,"damage_taken":0.0},{"damage_healed":0.0,"max_hp_gain":0.0,"max_hp_loss":0.0,"gold_gain":0.0,"event_name":"Wheel of Change","player_choice":"Full Heal","floor":20.0,"gold_loss":0.0,"damage_taken":0.0},{"damage_healed":0,"gold_gain":0,"player_choice":"Ignored","damage_taken":0,"max_hp_gain":0,"max_hp_loss":0,"event_name":"Mysterious Sphere","floor":36,"gold_loss":0},{"damage_healed":66,"gold_gain":0,"player_choice":"Heal","damage_taken":0,"max_hp_gain":0,"max_hp_loss":14,"event_name":"The Moai Head","floor":37,"gold_loss":0},{"damage_healed":0,"gold_gain":0,"player_choice":"0 cards matched","damage_taken":0,"max_hp_gain":0,"max_hp_loss":0,"event_name":"Match and Keep!","floor":39,"gold_loss":0,"cards_obtained":[]},{"damage_healed":0,"gold_gain":0,"player_choice":"Upgraded","damage_taken":0,"max_hp_gain":0,"max_hp_loss":0,"event_name":"Upgrade Shrine","floor":41,"gold_loss":0,"cards_upgraded":["Spot Weakness"]},{"damage_healed":0,"gold_gain":0,"player_choice":"Fight","damage_taken":0,"max_hp_gain":0,"max_hp_loss":0,"event_name":"MindBloom","floor":44,"gold_loss":0},{"cards_removed":["Strike_R"],"damage_healed":0,"gold_gain":0,"player_choice":"Removed Attack","damage_taken":0,"max_hp_gain":0,"max_hp_loss":0,"event_name":"Falling","floor":45,"gold_loss":0}],"is_beta":true,"boss_relics":[{"not_picked":["Calling Bell","Eternal Feather"],"picked":"Runic Dome"},{"not_picked":["Runic Cube","Philosopher\u0027s Stone"],"picked":"Tiny House"}],"items_purged_floors":[25],"is_endless":false,"potions_floor_spawned":[5,7,13,18,27,30,31,44,46],"killed_by":"Awakened One","ascension_level":20}