{"gold_per_floor":[112,131,143,143,216,216,247,247,247,179,179,207,224,185,185,287,287,304,320,336,20,37,37,54,54],"floor_reached":25,"playtime":1742,"items_purged":[],"score":264,"play_id":"74db0aa3-0c3b-471c-8a1a-214cc7c03d12","local_time":"20190309113612","is_ascension_mode":true,"campfire_choices":[{"data":"Go for the Eyes","floor":6.0,"key":"SMITH"},{"floor":8.0,"key":"REST"},{"data":"Dualcast","floor":11.0,"key":"SMITH"},{"data":"Reinforced Body","floor":15.0,"key":"SMITH"}],"neow_cost":"NONE","seed_source_timestamp":510349676324000,"circlet_count":0,"master_deck":["Strike_B","Strike_B","Strike_B","Strike_B","Defend_B","Defend_B","Defend_B","Defend_B","Zap+1","Dualcast+1","FTL","Streamline+1","Go for the Eyes+1","Sweeping Beam+1","Doom and Gloom+1","Compile Driver+1","Barrage+1","Reinforced Body+1","Core Surge+1","Double Energy+1","Go for the Eyes+1","Rip and Tear+1","Stack"],"special_seed":0,"relics":["Cracked Core","Molten Egg 2","Boot","Odd Mushroom","Black Star","Matryoshka"],"potions_floor_usage":[],"damage_taken":[{"damage":0.0,"enemies":"Cultist","floor":1.0,"turns":3.0},{"damage":2.0,"enemies":"Jaw Worm","floor":2.0,"turns":3.0},{"damage":6.0,"enemies":"Small Slimes","floor":3.0,"turns":3.0},{"damage":25.0,"enemies":"Lagavulin","floor":7.0,"turns":5.0},{"damage":4.0,"enemies":"The Mushroom Lair","floor":12.0,"turns":2.0},{"damage":3.0,"enemies":"3 Louse","floor":13.0,"turns":2.0},{"damage":29.0,"enemies":"Hexaghost","floor":16.0,"turns":6.0},{"damage":0.0,"enemies":"Spheric Guardian","floor":18.0,"turns":2.0},{"damage":19.0,"enemies":"Shell Parasite","floor":19.0,"turns":7.0},{"damage":3.0,"enemies":"Centurion and Healer","floor":20.0,"turns":4.0},{"damage":19.0,"enemies":"Sentry and Sphere","floor":22.0,"turns":6.0},{"damage":19.0,"enemies":"Snake Plant","floor":24.0,"turns":4.0},{"damage":6,"enemies":"Centurion and Healer","floor":25,"turns":1}],"seed_played":"4597209585551219409","potions_obtained":[{"floor":1.0,"key":"FearPotion"},{"floor":2.0,"key":"Fire Potion"},{"floor":16.0,"key":"SpeedPotion"},{"floor":18.0,"key":"SkillPotion"},{"floor":24.0,"key":"Block Potion"}],"is_trial":false,"path_per_floor":["M","M","M","?","?","R","E","R","T","$","R","?","M","$","R","B",null,"M","M","M","$","M","$","M","M"],"character_chosen":"DEFECT","items_purchased":["Doom and Gloom+1","Reinforced Body","Matryoshka","LiquidBronze"],"campfire_rested":1,"item_purchase_floors":[10,14,21,21],"current_hp_per_floor":[68,66,60,60,60,60,35,57,57,57,57,53,50,50,50,21,62,62,43,40,40,21,21,2,0],"gold":54,"neow_bonus":"UPGRADE_CARD","is_prod":false,"is_daily":false,"chose_seed":false,"campfire_upgraded":3,"win_rate":0,"timestamp":1552127772,"path_taken":["M","M","?","?","?","R","E","R","T","$","R","?","M","?","R","BOSS","M","M","M","$","M","$","M","M"],"build_version":"2019-01-23","purchased_purges":0,"victory":false,"max_hp_per_floor":[75,75,75,75,75,75,75,75,75,75,75,75,75,75,75,75,75,75,75,75,75,75,75,75,75],"card_choices":[{"not_picked":["Stack","Capacitor"],"picked":"FTL","floor":1.0},{"not_picked":["Cold Snap","Go for the Eyes"],"picked":"Streamline","floor":2.0},{"not_picked":["Recycle","Stack"],"picked":"Go for the Eyes","floor":3.0},{"not_picked":["Redo","Storm"],"picked":"Sweeping Beam","floor":7.0},{"not_picked":["Barrage+1","Recycle"],"picked":"Compile Driver+1","floor":12.0},{"not_picked":["Go for the Eyes+1","Redo"],"picked":"Barrage+1","floor":13.0},{"not_picked":["Rainbow","Seek"],"picked":"Core Surge+1","floor":16.0},{"not_picked":["Hologram","Tempest+1"],"picked":"Double Energy+1","floor":18.0},{"not_picked":["Tempest","Beam Cell+1"],"picked":"Go for the Eyes+1","floor":19.0},{"not_picked":["Chill","Fusion","Blizzard+1"],"picked":"SKIP","floor":20.0},{"not_picked":["Sweeping Beam+1","Streamline+1"],"picked":"Rip and Tear+1","floor":22.0},{"not_picked":["Beam Cell+1","Multi-Cast"],"picked":"Stack","floor":24.0}],"player_experience":556289,"relics_obtained":[{"floor":7.0,"key":"Molten Egg 2"},{"floor":9.0,"key":"Boot"},{"floor":12.0,"key":"Odd Mushroom"}],"event_choices":[{"damage_healed":0.0,"max_hp_gain":0.0,"max_hp_loss":0.0,"gold_gain":0.0,"event_name":"Living Wall","player_choice":"Grow","floor":4.0,"gold_loss":0.0,"damage_taken":0.0,"cards_upgraded":["Streamline"]},{"damage_healed":0.0,"max_hp_gain":0.0,"max_hp_loss":0.0,"gold_gain":73.0,"event_name":"Golden Wing","player_choice":"Gained Gold","floor":5.0,"gold_loss":0.0,"damage_taken":0.0},{"damage_healed":0.0,"max_hp_gain":0.0,"max_hp_loss":0.0,"gold_gain":0.0,"event_name":"Mushrooms","player_choice":"Fought Mushrooms","floor":12.0,"gold_loss":0.0,"damage_taken":0.0}],"is_beta":false,"boss_relics":[{"not_picked":["Calling Bell","Philosopher\u0027s Stone"],"picked":"Black Star"}],"items_purged_floors":[],"is_endless":false,"potions_floor_spawned":[1,2,16,18,24],"killed_by":"Centurion and Healer","ascension_level":6}