{"gold_per_floor":[109,8,18,18,18,18,30,30,30,30,30,30,42,56,56,132,132,112,130,130,144,144,144,90,90,90,12,12,12,12,26,26,26],"floor_reached":33,"playtime":938,"items_purged":["Regret"],"score":491,"play_id":"fc4edef8-8613-4304-8ec1-7ffa4ff29ad8","local_time":"20190315164830","is_ascension_mode":true,"campfire_choices":[{"data":"1","floor":6.0,"key":"LIFT"},{"data":"2","floor":8.0,"key":"LIFT"},{"data":"3","floor":10.0,"key":"LIFT"},{"data":"True Grit","floor":12.0,"key":"SMITH"},{"data":"Limit Break","floor":15.0,"key":"SMITH"},{"floor":23.0,"key":"REST"},{"floor":28.0,"key":"REST"},{"data":"Armaments","floor":32.0,"key":"SMITH"}],"neow_cost":"CURSE","seed_source_timestamp":230561030888400,"circlet_count":0,"master_deck":["AscendersBane","Defend_R","Defend_R","Defend_R","Defend_R","Bash","Warcry","Pommel Strike","Twin Strike","Limit Break+1","True Grit+1","Body Slam+1","Armaments+1","Dark Embrace","Cleave+1","Heavy Blade+1","Shrug It Off","Bite+1","Bite+1","Bite+1","Bite+1","Bite+1","Shrug It Off","Disarm","Pummel+1"],"special_seed":0,"relics":["Burning Blood","Girya","Molten Egg 2","FaceOfCleric","Mark of Pain","Ginger"],"potions_floor_usage":[33,33],"damage_taken":[{"damage":15.0,"enemies":"Jaw Worm","floor":1.0,"turns":3.0},{"damage":1.0,"enemies":"Cultist","floor":3.0,"turns":3.0},{"damage":8.0,"enemies":"2 Louse","floor":7.0,"turns":2.0},{"damage":9.0,"enemies":"Red Slaver","floor":13.0,"turns":2.0},{"damage":1.0,"enemies":"2 Fungi Beasts","floor":14.0,"turns":3.0},{"damage":25.0,"enemies":"Slime Boss","floor":16.0,"turns":10.0},{"damage":20.0,"enemies":"2 Thieves","floor":18.0,"turns":4.0},{"damage":48.0,"enemies":"Spheric Guardian","floor":19.0,"turns":6.0},{"damage":13.0,"enemies":"3 Cultists","floor":21.0,"turns":4.0},{"damage":19.0,"enemies":"Sentry and Sphere","floor":31.0,"turns":4.0},{"damage":69,"enemies":"Collector","floor":33,"turns":6}],"seed_played":"-6781954196603021224","potions_obtained":[{"floor":14.0,"key":"Swift Potion"},{"floor":16.0,"key":"PowerPotion"},{"floor":31.0,"key":"Energy Potion"}],"is_trial":false,"path_per_floor":["M","$","M","?","$","R","M","R","T","R","?","R","M","M","R","B",null,"M","M","?","M","?","R","$","?","T","$","R","$","?","M","R","B"],"character_chosen":"IRONCLAD","items_purchased":["Pommel Strike","Shrug It Off","Disarm"],"campfire_rested":2,"item_purchase_floors":[2,24,27],"current_hp_per_floor":[59,59,64,64,64,64,62,62,62,62,62,62,60,66,66,48,71,58,17,17,11,11,27,27,27,27,27,43,43,43,40,40,0],"gold":26,"neow_bonus":"ONE_RARE_RELIC","is_prod":false,"is_daily":false,"chose_seed":false,"campfire_upgraded":3,"win_rate":0,"timestamp":1552682910,"path_taken":["M","$","M","?","?","R","?","R","T","R","?","R","M","?","R","BOSS","M","M","?","?","?","R","$","?","T","$","R","$","?","M","R","BOSS"],"build_version":"2019-02-06","purchased_purges":1,"victory":false,"max_hp_per_floor":[75,75,75,75,75,75,75,75,75,75,75,75,76,77,77,78,78,79,80,80,81,56,56,56,56,56,56,56,56,56,57,57,57],"card_choices":[{"not_picked":["Searing Blow","Burning Pact"],"picked":"Warcry","floor":1.0},{"not_picked":["Rage","Havoc"],"picked":"Twin Strike","floor":3.0},{"not_picked":["Twin Strike","Flex"],"picked":"True Grit","floor":7.0},{"not_picked":["Barricade","Flex"],"picked":"Body Slam+1","floor":13.0},{"not_picked":["Havoc","Blood for Blood+1"],"picked":"Armaments","floor":14.0},{"not_picked":["Berserk","Barricade"],"picked":"Dark Embrace","floor":16.0},{"not_picked":["Clothesline+1","Uppercut+1"],"picked":"Cleave+1","floor":18.0},{"not_picked":["Pummel+1","Anger+1"],"picked":"Heavy Blade+1","floor":19.0},{"not_picked":["Infernal Blade","Dual Wield"],"picked":"Shrug It Off","floor":21.0},{"not_picked":["Power Through","Shrug It Off"],"picked":"Pummel+1","floor":31.0}],"player_experience":662053,"relics_obtained":[{"floor":9.0,"key":"Molten Egg 2"},{"floor":26.0,"key":"Ginger"}],"event_choices":[{"damage_healed":0.0,"max_hp_gain":0.0,"max_hp_loss":0.0,"gold_gain":0.0,"cards_transformed":["Strike_R"],"event_name":"Transmorgrifier","player_choice":"Transformed","floor":4.0,"gold_loss":0.0,"damage_taken":0.0,"cards_obtained":["Limit Break"]},{"damage_healed":0.0,"max_hp_gain":0.0,"max_hp_loss":0.0,"gold_gain":0.0,"event_name":"FaceTrader","player_choice":"Trade","floor":11.0,"gold_loss":0.0,"damage_taken":0.0,"relics_obtained":["FaceOfCleric"]},{"damage_healed":0.0,"max_hp_gain":0.0,"max_hp_loss":0.0,"gold_gain":0.0,"event_name":"Lab","player_choice":"Got Potions","floor":20.0,"gold_loss":0.0,"damage_taken":0.0},{"damage_healed":0.0,"max_hp_gain":0.0,"max_hp_loss":25.0,"gold_gain":0.0,"event_name":"Vampires","player_choice":"Became a vampire","floor":22.0,"gold_loss":0.0,"damage_taken":0.0,"cards_obtained":["Bite","Bite","Bite","Bite","Bite"]},{"damage_healed":0.0,"max_hp_gain":0.0,"max_hp_loss":0.0,"gold_gain":0.0,"event_name":"Beggar","player_choice":"Ignored","floor":25.0,"gold_loss":0.0,"damage_taken":0.0},{"damage_healed":0.0,"max_hp_gain":0.0,"max_hp_loss":0.0,"gold_gain":0.0,"event_name":"Ghosts","player_choice":"Ignored","floor":30.0,"gold_loss":0.0,"damage_taken":0.0}],"is_beta":true,"boss_relics":[{"not_picked":["Cursed Key","Philosopher\u0027s Stone"],"picked":"Mark of Pain"}],"items_purged_floors":[2],"is_endless":false,"potions_floor_spawned":[14,16,18,31],"killed_by":"Collector","ascension_level":20}