{"gold_per_floor":[116,191,191,203,240,252,94,94,94,130,130],"floor_reached":11,"playtime":639,"items_purged":[],"score":69,"play_id":"8292a3d3-bdfb-4091-b598-dce7c62ecd2e","local_time":"20190320002937","is_ascension_mode":false,"campfire_choices":[{"floor":6,"key":"REST"}],"neow_cost":"NONE","seed_source_timestamp":427169744352902,"circlet_count":0,"master_deck":["Strike_R","Strike_R","Strike_R","Strike_R","Strike_R","Defend_R","Defend_R","Defend_R","Defend_R","Bash","Body Slam","Flex","Madness","Flame Barrier","Iron Wave"],"relics":["Burning Blood","Potion Belt","MawBank","Golden Idol","Bird Faced Urn","Orichalcum"],"potions_floor_usage":[],"damage_taken":[{"damage":3,"enemies":"Cultist","floor":1,"turns":5},{"damage":0,"enemies":"Small Slimes","floor":5,"turns":3},{"damage":32,"enemies":"Lagavulin","floor":10,"turns":6},{"damage":45,"enemies":"Lagavulin Event","floor":11,"turns":8}],"seed_played":"-8040023680696481485","potions_obtained":[{"floor":10,"key":"Explosive Potion"}],"is_trial":false,"path_per_floor":["M","?","?","?","M","R","$","?","T","E","?"],"character_chosen":"IRONCLAD","items_purchased":["Madness","Flame Barrier"],"campfire_rested":1,"item_purchase_floors":[7,7],"current_hp_per_floor":[80,69,51,31,37,61,61,66,66,40,0],"gold":130,"neow_bonus":"RANDOM_COMMON_RELIC","is_prod":false,"is_daily":false,"chose_seed":false,"campfire_upgraded":0,"win_rate":0.0,"timestamp":1553059777,"path_taken":["M","?","?","?","M","R","$","?","T","E","?"],"build_version":"2019-01-23","purchased_purges":0,"victory":false,"max_hp_per_floor":[80,80,80,80,80,80,80,85,85,85,85],"card_choices":[{"not_picked":["Perfected Strike","True Grit"],"picked":"Body Slam","floor":1},{"not_picked":["Seeing Red","Fire Breathing"],"picked":"Flex","floor":5},{"not_picked":["Warcry","Pummel"],"picked":"Iron Wave","floor":10}],"player_experience":6010,"relics_obtained":[{"floor":9,"key":"Bird Faced Urn"},{"floor":10,"key":"Orichalcum"}],"event_choices":[{"damage_healed":0,"gold_gain":75,"player_choice":"Gather Gold","damage_taken":11,"max_hp_gain":0,"max_hp_loss":0,"event_name":"World of Goop","floor":2,"gold_loss":0},{"damage_healed":0,"gold_gain":0,"player_choice":"Success","damage_taken":18,"relics_obtained":["MawBank"],"max_hp_gain":0,"max_hp_loss":0,"event_name":"Scrap Ooze","floor":3,"gold_loss":0},{"damage_healed":0,"gold_gain":0,"player_choice":"Take Damage","damage_taken":20,"relics_obtained":["Golden Idol"],"max_hp_gain":0,"max_hp_loss":0,"event_name":"Golden Idol","floor":4,"gold_loss":0},{"damage_healed":0,"gold_gain":0,"player_choice":"Donut","damage_taken":0,"max_hp_gain":5,"max_hp_loss":0,"event_name":"Big Fish","floor":8,"gold_loss":0},{"damage_healed":0,"gold_gain":0,"player_choice":"Searched \u00271\u0027 times","damage_taken":0,"max_hp_gain":0,"max_hp_loss":0,"event_name":"Dead Adventurer","floor":11,"gold_loss":0}],"is_beta":false,"boss_relics":[],"items_purged_floors":[],"is_endless":false,"potions_floor_spawned":[10],"killed_by":"Lagavulin Event","ascension_level":0}