{"path_per_floor":["M","M","M","M","?","R","M","M","T","$","M","R","M","M","R","B",null,"M","?","M","$","M"],"character_chosen":"THE_SILENT","items_purchased":["Panache","Panache","Well Laid Plans"],"gold_per_floor":[114,124,141,156,156,156,176,195,195,16,34,34,58,72,72,197,197,215,215,228,4,18],"floor_reached":23,"campfire_rested":1,"playtime":2189,"current_hp_per_floor":[34,34,32,31,31,31,27,24,24,24,17,17,7,7,26,20,65,43,43,24,24,4],"items_purged":[],"gold":18,"play_id":"2648c664-9dfc-49af-a015-db211e0266b4","is_prod":false,"is_daily":false,"is_ascension_mode":true,"campfire_upgraded":2,"path_taken":["M","M","?","M","?","R","M","M","T","?","M","R","M","M","R","BOSS","M","?","?","$","M","E"],"build_version":"2018-01-25-PROD2","purchased_purges":0,"victory":false,"master_deck":["Defend_G","Defend_G","Defend_G","Defend_G","Defend_G","Strike_G+1","Strike_G","Strike_G","Strike_G","Strike_G","Survivor","Neutralize","Wraith Form","PiercingWail","Envenom","Acrobatics","Footwork","Escape Plan","Bullet Time+1","Panache","Dagger Throw","Infinite Blades","Well Laid Plans","Wraith Form","Deflect","Acrobatics","Prepared","After Image","Dagger Spray","Calculated Gamble","Reflex","Panache","Well Laid Plans","Reflex"],"max_hp_per_floor":[70,70,70,70,65,65,65,65,65,65,65,65,65,65,65,65,65,65,65,65,65,65],"relics":["Ring of the Snake","Golden Idol","Ice Cream","Nloth\u0027s Gift"],"card_choices":[{"not_picked":["Corpse Explosion","Phantasmal Killer"],"picked":"Wraith Form"},{"not_picked":["Quick Slash","Catalyst"],"picked":"PiercingWail"},{"not_picked":["Bane","Dagger Throw"],"picked":"Envenom"},{"not_picked":["Skewer","Quick Slash"],"picked":"Acrobatics"},{"not_picked":["Caltrops","Backflip"],"picked":"Footwork"},{"not_picked":["Deflect","Calculated Gamble"],"picked":"Escape Plan"},{"not_picked":["Bane","Quick Slash"],"picked":"Bullet Time"},{"not_picked":["Flying Knee","Sucker Punch"],"picked":"Dagger Throw"},{"not_picked":["Finisher","Underhanded Strike"],"picked":"Infinite Blades"},{"not_picked":["Flying Knee","Underhanded Strike"],"picked":"Well Laid Plans"},{"not_picked":["Burst","Unload"],"picked":"Wraith Form"},{"not_picked":["Dodge and Roll","Backflip"],"picked":"Deflect"},{"not_picked":["PiercingWail","Quick Slash"],"picked":"Acrobatics"},{"not_picked":["Underhanded Strike","PiercingWail"],"picked":"Prepared"},{"not_picked":["Dodge and Roll","PiercingWail"],"picked":"After Image"},{"not_picked":["Dash","Dodge and Roll"],"picked":"Dagger Spray"},{"not_picked":["Underhanded Strike","PiercingWail"],"picked":"Calculated Gamble"},{"not_picked":["Deadly Poison","Dagger Spray"],"picked":"Reflex"},{"not_picked":["Slice","Backflip"],"picked":"Reflex"}],"player_experience":56542,"potions_floor_usage":[7,8,8,14,20,20],"damage_taken":[{"damage":1,"enemies":"Blue Slaver","floor":1,"turns":7},{"damage":0,"enemies":"Cultist","floor":2,"turns":5},{"damage":2,"enemies":"Jaw Worm","floor":3,"turns":6},{"damage":1,"enemies":"Exordium Wildlife","floor":4,"turns":5},{"damage":4,"enemies":"Red Slaver","floor":7,"turns":6},{"damage":3,"enemies":"Lots of Slimes","floor":8,"turns":5},{"damage":7,"enemies":"Exordium Wildlife","floor":11,"turns":5},{"damage":10,"enemies":"Gremlin Gang","floor":13,"turns":6},{"damage":0,"enemies":"Large Slime","floor":14,"turns":5},{"damage":6,"enemies":"The Guardian","floor":16,"turns":9},{"damage":22,"enemies":"Spheric Guardian","floor":18,"turns":5},{"damage":19,"enemies":"2 Thieves","floor":20,"turns":3},{"damage":20,"enemies":"Centurion and Healer","floor":22,"turns":6},{"damage":8,"enemies":"Slavers","floor":23,"turns":1}],"event_choices":[{"event_name":"Golden Idol","player_choice":"Lose Max HP","floor":5,"damage_taken":0},{"event_name":"N\u0027loth","player_choice":"Traded a Orrery","floor":19,"damage_taken":0}],"boss_relics":[{"not_picked":["Snecko Eye","Tiny House"],"picked":"Orrery"}],"potions_floor_spawned":[3,4,7,13,16,18],"seed_played":"-2067840592128854401","killed_by":"Slavers","ascension_level":3,"is_trial":false}