{"gold_per_floor":[365,515,515,531,8,37,37,112,112,123,157,2,13,0],"floor_reached":14,"playtime":409,"items_purged":["Regret","Doubt"],"score":176,"play_id":"faa78cef-bcdc-486d-8bbb-b453950d08cd","local_time":"20190309182808","is_ascension_mode":true,"campfire_choices":[{"floor":7,"key":"REST"}],"neow_cost":"TEN_PERCENT_HP_LOSS","seed_source_timestamp":177577259770600,"circlet_count":0,"master_deck":["AscendersBane","Strike_R","Strike_R","Strike_R","Strike_R","Strike_R","Defend_R","Defend_R","Defend_R","Defend_R","Bash","Clothesline","Spot Weakness","Pummel","Dropkick","True Grit","Disarm","Iron Wave","Perfected Strike","Body Slam"],"relics":["Burning Blood","Oddly Smooth Stone","HandDrill","Blood Vial","Peace Pipe","Turnip"],"potions_floor_usage":[14],"damage_taken":[{"damage":0,"enemies":"2 Louse","floor":1,"turns":3},{"damage":15,"enemies":"Jaw Worm","floor":4,"turns":4},{"damage":37,"enemies":"3 Sentries","floor":6,"turns":10},{"damage":10,"enemies":"Small Slimes","floor":10,"turns":4},{"damage":20,"enemies":"Gremlin Nob","floor":11,"turns":4},{"damage":12,"enemies":"Looter","floor":13,"turns":4},{"damage":31,"enemies":"Exordium Thugs","floor":14,"turns":2}],"seed_played":"5892354913667239769","potions_obtained":[{"floor":6,"key":"BloodPotion"},{"floor":10,"key":"Regen Potion"}],"is_trial":false,"path_per_floor":["M","?","?","M","$","E","R","?","T","M","E","$","M","M"],"character_chosen":"IRONCLAD","items_purchased":["HandDrill","Pummel","Dropkick","True Grit","Body Slam"],"campfire_rested":1,"item_purchase_floors":[5,5,5,5,12],"current_hp_per_floor":[68,68,68,59,59,28,48,37,37,35,23,23,19,0],"gold":0,"neow_bonus":"TWO_FIFTY_GOLD","is_prod":false,"is_daily":false,"chose_seed":false,"campfire_upgraded":0,"win_rate":0,"timestamp":1552174088,"path_taken":["M","?","?","M","$","E","R","?","T","M","E","$","M","M"],"build_version":"2019-02-06","purchased_purges":2,"victory":false,"max_hp_per_floor":[68,68,68,68,68,68,68,68,68,68,68,68,68,68],"card_choices":[{"not_picked":["Anger","Headbutt"],"picked":"Clothesline","floor":1},{"not_picked":["Anger","Warcry"],"picked":"Spot Weakness","floor":4},{"not_picked":["Pummel","Perfected Strike"],"picked":"Disarm","floor":6},{"not_picked":["Body Slam","Immolate"],"picked":"Iron Wave","floor":10},{"not_picked":["True Grit","Hemokinesis"],"picked":"Perfected Strike","floor":11},{"not_picked":["Body Slam","Headbutt","Clothesline"],"picked":"SKIP","floor":13}],"player_experience":629016,"relics_obtained":[{"floor":6,"key":"Blood Vial"},{"floor":9,"key":"Peace Pipe"},{"floor":11,"key":"Turnip"}],"event_choices":[{"damage_healed":0,"gold_gain":150,"player_choice":"AGREE","damage_taken":0,"max_hp_gain":0,"max_hp_loss":0,"event_name":"Liars Game","floor":2,"gold_loss":0,"cards_obtained":["Doubt"]},{"damage_healed":0,"gold_gain":0,"player_choice":"Box","damage_taken":0,"relics_obtained":["Oddly Smooth Stone"],"max_hp_gain":0,"max_hp_loss":0,"event_name":"Big Fish","floor":3,"gold_loss":0,"cards_obtained":["Regret"]},{"damage_healed":0,"gold_gain":75,"player_choice":"Gather Gold","damage_taken":11,"max_hp_gain":0,"max_hp_loss":0,"event_name":"World of Goop","floor":8,"gold_loss":0}],"is_beta":true,"boss_relics":[],"items_purged_floors":[5,12],"is_endless":false,"potions_floor_spawned":[6,10],"killed_by":"Exordium Thugs","ascension_level":16}