{"gold_per_floor":[15,27,27,37,37,37,48,77,377,110,122,140,168,168,168,267,267,282,192,208,221,237,237,249,249],"floor_reached":25,"playtime":1013,"items_purged":["Strike_R"],"score":282,"play_id":"cbd439c1-f5e2-459d-a5af-19997934dd46","local_time":"20190319023058","is_ascension_mode":true,"campfire_choices":[{"data":"Clothesline","floor":6,"key":"SMITH"},{"floor":15,"key":"REST"},{"floor":23,"key":"REST"}],"neow_cost":"NO_GOLD","seed_source_timestamp":811986253019694,"circlet_count":0,"master_deck":["Strike_R","Strike_R","Strike_R","Defend_R","Defend_R","Defend_R","Defend_R","Bash","Juggernaut+1","Rampage","Shockwave","Clothesline+1","Cleave","Exhume+1","Dropkick","Impervious","Iron Wave","Inflame+1","Ghostly Armor"],"relics":["Burning Blood","Pantograph","Bottled Lightning","Old Coin","ClockworkSouvenir","Bag of Marbles","Philosopher\u0027s Stone"],"potions_floor_usage":[13,13,16,25,25],"damage_taken":[{"damage":0,"enemies":"Small Slimes","floor":1,"turns":3},{"damage":7,"enemies":"Jaw Worm","floor":2,"turns":3},{"damage":8,"enemies":"Cultist","floor":4,"turns":4},{"damage":8,"enemies":"Blue Slaver","floor":7,"turns":4},{"damage":49,"enemies":"Lagavulin","floor":8,"turns":7},{"damage":6,"enemies":"2 Fungi Beasts","floor":11,"turns":4},{"damage":15,"enemies":"Gremlin Gang","floor":12,"turns":3},{"damage":15,"enemies":"3 Sentries","floor":13,"turns":8},{"damage":40,"enemies":"The Guardian","floor":16,"turns":11},{"damage":13,"enemies":"2 Thieves","floor":18,"turns":4},{"damage":4,"enemies":"Chosen","floor":20,"turns":4},{"damage":33,"enemies":"Centurion and Healer","floor":21,"turns":7},{"damage":35,"enemies":"3 Cultists","floor":22,"turns":6},{"damage":13,"enemies":"Snake Plant","floor":24,"turns":4},{"damage":30,"enemies":"Gremlin Leader","floor":25,"turns":4}],"seed_played":"-8940418412177362874","potions_obtained":[{"floor":1,"key":"SpeedPotion"},{"floor":8,"key":"Ancient Potion"},{"floor":12,"key":"GamblersBrew"},{"floor":13,"key":"AttackPotion"},{"floor":20,"key":"GamblersBrew"},{"floor":22,"key":"SpeedPotion"},{"floor":24,"key":"Explosive Potion"}],"is_trial":false,"path_per_floor":["M","M","?","M","T","R","M","E","T","$","M","M","E","?","R","B",null,"M","?","M","M","M","R","M","E"],"character_chosen":"IRONCLAD","items_purchased":["ClockworkSouvenir"],"campfire_rested":2,"item_purchase_floors":[10],"current_hp_per_floor":[78,77,82,80,80,80,78,35,35,35,35,26,17,17,42,33,72,65,65,67,40,11,36,29,0],"gold":249,"neow_bonus":"THREE_RARE_CARDS","is_prod":false,"is_daily":false,"chose_seed":false,"campfire_upgraded":1,"win_rate":0,"timestamp":1552977058,"path_taken":["M","M","?","M","?","R","M","E","T","$","M","?","E","?","R","BOSS","M","?","?","M","M","R","M","E"],"build_version":"2019-01-23","purchased_purges":1,"victory":false,"max_hp_per_floor":[80,80,85,85,85,85,85,85,85,85,85,85,85,85,85,85,85,85,85,85,85,85,85,85,85],"card_choices":[{"not_picked":["Dark Embrace","Reaper"],"picked":"Juggernaut","floor":0},{"not_picked":["Headbutt","Wild Strike"],"picked":"Rampage","floor":1},{"not_picked":["Body Slam","Wild Strike"],"picked":"Shockwave","floor":2},{"not_picked":["Hemokinesis","Flex"],"picked":"Clothesline","floor":4},{"not_picked":["Perfected Strike","Anger"],"picked":"Cleave","floor":7},{"not_picked":["Thunderclap","Anger"],"picked":"Exhume","floor":8},{"not_picked":["Anger","Power Through","Pommel Strike"],"picked":"SKIP","floor":11},{"not_picked":["Havoc","Flex"],"picked":"Dropkick","floor":12},{"not_picked":["Armaments","Uppercut","Twin Strike"],"picked":"SKIP","floor":13},{"not_picked":["Juggernaut","Double Tap"],"picked":"Impervious","floor":16},{"not_picked":["Anger","Havoc","Second Wind+1"],"picked":"SKIP","floor":18},{"not_picked":["Battle Trance","Flex"],"picked":"Iron Wave","floor":20},{"not_picked":["Thunderclap+1","Corruption"],"picked":"Inflame+1","floor":21},{"not_picked":["Evolve","Hemokinesis","Thunderclap"],"picked":"SKIP","floor":22},{"not_picked":["Fire Breathing+1","Sever Soul"],"picked":"Ghostly Armor","floor":24}],"player_experience":310340,"relics_obtained":[{"floor":5,"key":"Pantograph"},{"floor":8,"key":"Bottled Lightning"},{"floor":9,"key":"Old Coin"},{"floor":13,"key":"Bag of Marbles"}],"event_choices":[{"damage_healed":0,"gold_gain":0,"player_choice":"Donut","damage_taken":0,"max_hp_gain":5,"max_hp_loss":0,"event_name":"Big Fish","floor":3,"gold_loss":0},{"damage_healed":0,"gold_gain":0,"player_choice":"Grow","damage_taken":0,"max_hp_gain":0,"max_hp_loss":0,"event_name":"Living Wall","floor":14,"gold_loss":0,"cards_upgraded":["Juggernaut"]},{"cards_removed":["Strike_R"],"damage_healed":0,"gold_gain":0,"player_choice":"Upgrade and Remove","damage_taken":0,"max_hp_gain":0,"max_hp_loss":0,"event_name":"Designer","floor":19,"gold_loss":90,"cards_upgraded":["Exhume"]}],"is_beta":false,"boss_relics":[{"not_picked":["Cursed Key","Mark of Pain"],"picked":"Philosopher\u0027s Stone"}],"items_purged_floors":[10],"is_endless":false,"potions_floor_spawned":[1,8,12,13,20,22,24],"killed_by":"Gremlin Leader","ascension_level":6}