{"gold_per_floor":[118,129,141,66,86,86,161,161,161,179,194,227,227,14,14,14],"floor_reached":16,"playtime":497,"items_purged":[],"score":204,"play_id":"da58bed4-27d4-4131-a719-aed81f007411","local_time":"20190203232027","is_ascension_mode":true,"campfire_choices":[{"data":"Masterful Stab","floor":6,"key":"SMITH"},{"floor":8,"key":"REST"},{"data":"Terror","floor":13,"key":"SMITH"},{"floor":15,"key":"REST"}],"neow_cost":"PERCENT_DAMAGE","seed_source_timestamp":361746261996100,"circlet_count":0,"master_deck":["AscendersBane","Defend_G","Defend_G","Defend_G","Defend_G","Strike_G","Strike_G","Strike_G","Survivor","Neutralize","Blade Dance","Caltrops","Dagger Throw","Masterful Stab+1","Backflip","Riddle With Holes","Blade Dance","Terror+1","After Image","Cloak And Dagger"],"relics":["Ring of the Snake","Torii"],"potions_floor_usage":[5,12],"damage_taken":[{"damage":0,"enemies":"Jaw Worm","floor":1,"turns":5},{"damage":0,"enemies":"2 Louse","floor":2,"turns":3},{"damage":0,"enemies":"Small Slimes","floor":3,"turns":3},{"damage":1,"enemies":"Gremlin Gang","floor":5,"turns":4},{"damage":1,"enemies":"Exordium Wildlife","floor":10,"turns":5},{"damage":6,"enemies":"3 Louse","floor":11,"turns":2},{"damage":43,"enemies":"Gremlin Nob","floor":12,"turns":4},{"damage":24,"enemies":"Slime Boss","floor":16,"turns":3}],"seed_played":"2810194110083936882","potions_obtained":[{"floor":2,"key":"EssenceOfSteel"},{"floor":11,"key":"Strength Potion"}],"is_trial":false,"path_per_floor":["M","M","M","?","M","R","?","R","T","M","M","E","R","$","R","B"],"character_chosen":"THE_SILENT","items_purchased":["After Image","Cloak And Dagger"],"campfire_rested":2,"item_purchase_floors":[14,14],"current_hp_per_floor":[44,44,44,44,43,43,32,51,51,50,44,1,1,1,20,0],"gold":14,"neow_bonus":"TRANSFORM_TWO_CARDS","is_prod":false,"is_daily":false,"chose_seed":false,"campfire_upgraded":2,"win_rate":0,"timestamp":1549203627,"path_taken":["M","M","M","?","M","R","?","R","T","M","M","E","R","$","R","BOSS"],"build_version":"2019-01-23","purchased_purges":0,"victory":false,"max_hp_per_floor":[66,66,66,66,66,66,66,66,66,66,66,66,66,66,66,66],"card_choices":[{"not_picked":["Dodge and Roll","Outmaneuver"],"picked":"Dagger Throw","floor":1},{"not_picked":["Poisoned Stab","Eviscerate"],"picked":"Masterful Stab","floor":2},{"not_picked":["Outmaneuver","Footwork"],"picked":"Backflip","floor":3},{"not_picked":["Heel Hook","Eviscerate"],"picked":"Riddle With Holes","floor":10},{"not_picked":["Deadly Poison","Acrobatics"],"picked":"Blade Dance","floor":11},{"not_picked":["Skewer","Slice"],"picked":"Terror","floor":12}],"player_experience":4199943,"relics_obtained":[{"floor":12,"key":"Torii"}],"event_choices":[{"cards_removed":["Strike_G"],"damage_healed":0,"gold_gain":0,"player_choice":"Card Removal","damage_taken":0,"max_hp_gain":0,"max_hp_loss":0,"event_name":"The Cleric","floor":4,"gold_loss":75},{"damage_healed":0,"gold_gain":75,"player_choice":"Gather Gold","damage_taken":11,"max_hp_gain":0,"max_hp_loss":0,"event_name":"World of Goop","floor":7,"gold_loss":0}],"is_beta":false,"boss_relics":[],"items_purged_floors":[],"is_endless":false,"potions_floor_spawned":[2,11],"killed_by":"Slime Boss","ascension_level":20}