{"gold_per_floor":[111,81,96,20,20,52,52,82,82,111,19,39,58,6,6,83,83,94,64,114,114,15,15,15,44,44,44,44,44,44,63,63,63],"floor_reached":33,"playtime":1394,"items_purged":["Strike_R"],"score":608,"play_id":"018f21ff-7b97-42fc-b8b6-0c183b8a462b","local_time":"20181116214609","is_ascension_mode":true,"campfire_choices":[{"data":"Perfected Strike","floor":7.0,"key":"SMITH"},{"data":"Bash","floor":15.0,"key":"SMITH"},{"data":"Havoc","floor":23.0,"key":"SMITH"},{"data":"Limit Break","floor":27.0,"key":"SMITH"},{"data":"True Grit","floor":29.0,"key":"SMITH"},{"floor":32.0,"key":"REST"}],"neow_cost":"PERCENT_DAMAGE","seed_source_timestamp":0,"circlet_count":0,"master_deck":["AscendersBane","Defend_R","Defend_R","Defend_R","Bash+1","Perfected Strike+1","Second Wind","Perfected Strike","Wild Strike","Twin Strike","Warcry","Anger","True Grit+1","Shrug It Off","Limit Break+1","Dual Wield+1","Searing Blow+1","Fire Breathing+1","Havoc+1","True Grit","Anger","Iron Wave"],"special_seed":0,"relics":["Burning Blood","Nunchaku","Mercury Hourglass","Mango","Shuriken","Charon\u0027s Ashes","Astrolabe","Ginger","Gremlin Horn","Lantern","Kunai"],"potions_floor_usage":[33],"damage_taken":[{"damage":0.0,"enemies":"2 Louse","floor":1.0,"turns":2.0},{"damage":6.0,"enemies":"Cultist","floor":3.0,"turns":3.0},{"damage":15.0,"enemies":"3 Sentries","floor":6.0,"turns":7.0},{"damage":8.0,"enemies":"Gremlin Nob","floor":8.0,"turns":3.0},{"damage":30.0,"enemies":"Lagavulin","floor":10.0,"turns":5.0},{"damage":0.0,"enemies":"Small Slimes","floor":12.0,"turns":1.0},{"damage":6.0,"enemies":"Exordium Thugs","floor":13.0,"turns":2.0},{"damage":38.0,"enemies":"Hexaghost","floor":16.0,"turns":8.0},{"damage":12.0,"enemies":"3 Byrds","floor":18.0,"turns":4.0},{"damage":21.0,"enemies":"2 Thieves","floor":19.0,"turns":4.0},{"damage":0.0,"enemies":"Gremlin Leader","floor":25.0,"turns":4.0},{"damage":30.0,"enemies":"Colosseum Slavers","floor":28.0,"turns":4.0},{"damage":20.0,"enemies":"Snake Plant","floor":31.0,"turns":3.0},{"damage":58,"enemies":"Automaton","floor":33,"turns":6}],"seed_played":"-8996965375458883754","potions_obtained":[{"floor":2.0,"key":"Dexterity Potion"},{"floor":2.0,"key":"Energy Potion"},{"floor":8.0,"key":"EssenceOfSteel"},{"floor":18.0,"key":"Strength Potion"},{"floor":31.0,"key":"Swift Potion"}],"is_trial":false,"path_per_floor":["M","?","M","$","$","E","R","E","T","E","?","M","M","$","R","B",null,"M","M","?","T","$","R","T","E","T","R","?","R","?","M","R","B"],"character_chosen":"IRONCLAD","items_purchased":["Twin Strike","Warcry","Shrug It Off","True Grit"],"campfire_rested":1,"item_purchase_floors":[4,4,14,22],"current_hp_per_floor":[56,56,56,56,56,47,47,45,59,35,35,41,41,41,41,9,69,63,48,48,48,48,48,48,54,54,54,30,30,30,16,42,0],"gold":63,"neow_bonus":"TRANSFORM_TWO_CARDS","is_prod":false,"is_daily":false,"chose_seed":false,"campfire_upgraded":5,"win_rate":0,"timestamp":1542422769,"path_taken":["M","?","M","?","$","E","R","E","T","E","?","?","M","$","R","BOSS","M","M","?","?","?","R","?","E","T","R","?","R","?","M","R","BOSS"],"build_version":"2018-11-15","purchased_purges":1,"victory":false,"max_hp_per_floor":[75,75,75,75,75,75,75,75,89,89,89,89,89,89,89,89,89,89,89,89,89,89,89,89,89,89,89,89,89,89,89,89,89],"card_choices":[{"not_picked":["Clothesline","Armaments"],"picked":"Perfected Strike","floor":1.0},{"not_picked":["Sword Boomerang","Headbutt"],"picked":"Wild Strike","floor":3.0},{"not_picked":["Clash","Searing Blow","Wild Strike"],"picked":"SKIP","floor":6.0},{"not_picked":["Wild Strike","Hemokinesis","Seeing Red"],"picked":"SKIP","floor":8.0},{"not_picked":["Rage","Heavy Blade"],"picked":"Anger","floor":10.0},{"not_picked":["Havoc","Sword Boomerang","Heavy Blade"],"picked":"SKIP","floor":12.0},{"not_picked":["Corruption","Headbutt"],"picked":"True Grit","floor":13.0},{"not_picked":["Reaper","Dark Embrace"],"picked":"Limit Break","floor":16.0},{"not_picked":["Flex","Wild Strike"],"picked":"Havoc","floor":18.0},{"not_picked":["Body Slam","Blood for Blood","Wild Strike"],"picked":"SKIP","floor":19.0},{"not_picked":["Sword Boomerang","Evolve"],"picked":"Anger","floor":25.0},{"not_picked":["Heavy Blade+1","Carnage","Body Slam"],"picked":"SKIP","floor":31.0}],"player_experience":804225,"relics_obtained":[{"floor":6.0,"key":"Nunchaku"},{"floor":8.0,"key":"Mercury Hourglass"},{"floor":9.0,"key":"Mango"},{"floor":10.0,"key":"Shuriken"},{"floor":21.0,"key":"Ginger"},{"floor":24.0,"key":"Gremlin Horn"},{"floor":25.0,"key":"Lantern"},{"floor":26.0,"key":"Kunai"}],"event_choices":[{"damage_healed":0.0,"max_hp_gain":0.0,"max_hp_loss":0.0,"gold_gain":0.0,"event_name":"The Woman in Blue","player_choice":"Bought 2 Potions","floor":2.0,"gold_loss":0.0,"damage_taken":0.0},{"damage_healed":0.0,"max_hp_gain":0.0,"max_hp_loss":0.0,"gold_gain":0.0,"event_name":"WeMeetAgain","player_choice":"Paid Gold","floor":11.0,"gold_loss":92.0,"damage_taken":0.0,"relics_obtained":["Charon\u0027s Ashes"]},{"damage_healed":0.0,"max_hp_gain":0.0,"max_hp_loss":0.0,"gold_gain":50.0,"event_name":"Nest","player_choice":"Stole From Cult","floor":20.0,"gold_loss":0.0,"damage_taken":0.0},{"damage_healed":0.0,"max_hp_gain":0.0,"max_hp_loss":0.0,"gold_gain":0.0,"event_name":"Colosseum","player_choice":"Fight","floor":28.0,"gold_loss":0.0,"damage_taken":0.0},{"damage_healed":0.0,"max_hp_gain":0.0,"max_hp_loss":0.0,"gold_gain":0.0,"event_name":"Colosseum","player_choice":"Fled From Nobs","floor":28.0,"gold_loss":0.0,"damage_taken":0.0},{"damage_healed":0.0,"max_hp_gain":0.0,"max_hp_loss":0.0,"gold_gain":0.0,"event_name":"The Library","player_choice":"Read","floor":30.0,"gold_loss":0.0,"damage_taken":0.0,"cards_obtained":["Iron Wave"]}],"is_beta":true,"boss_relics":[{"not_picked":["Pandora\u0027s Box","Empty Cage"],"picked":"Astrolabe"}],"items_purged_floors":[22],"is_endless":false,"potions_floor_spawned":[3,8,12,18,31],"killed_by":"Automaton","ascension_level":20}