{"gold_per_floor":[111,121,136,147,160,186,198,241,253,282,569,581,213,233,233,304,304,322,322],"floor_reached":19,"playtime":993,"items_purged":["Strike_G"],"score":362,"play_id":"4b8a5163-1bc7-45ae-951f-ec6d2c878331","local_time":"20190204002648","is_ascension_mode":true,"campfire_choices":[{"floor":7,"key":"REST"},{"floor":12,"key":"REST"},{"data":"Mayhem","floor":15,"key":"SMITH"}],"neow_cost":"NONE","seed_source_timestamp":365230503176800,"circlet_count":0,"master_deck":["AscendersBane","Defend_G","Defend_G","Defend_G","Defend_G","Defend_G","Strike_G","Strike_G","Strike_G","Strike_G","Survivor","Neutralize","Bane","Crippling Poison","Bullet Time","Quick Slash","Predator","Crippling Poison","Escape Plan","Backflip","Mayhem+1","Well Laid Plans","Dash","Escape Plan","Grand Finale","PiercingWail"],"relics":["Ring of the Snake","MawBank","Kunai","Omamori","Eternal Feather"],"potions_floor_usage":[5,16,16],"damage_taken":[{"damage":1,"enemies":"2 Louse","floor":1,"turns":2},{"damage":0,"enemies":"Cultist","floor":2,"turns":4},{"damage":7,"enemies":"Small Slimes","floor":3,"turns":4},{"damage":2,"enemies":"2 Fungi Beasts","floor":4,"turns":5},{"damage":2,"enemies":"Red Slaver","floor":5,"turns":3},{"damage":32,"enemies":"3 Sentries","floor":6,"turns":10},{"damage":38,"enemies":"Lagavulin","floor":8,"turns":8},{"damage":1,"enemies":"Blue Slaver","floor":10,"turns":2},{"damage":7,"enemies":"Lots of Slimes","floor":14,"turns":3},{"damage":14,"enemies":"Hexaghost","floor":16,"turns":15},{"damage":11,"enemies":"Shell Parasite","floor":18,"turns":7},{"damage":53,"enemies":"Masked Bandits","floor":19,"turns":3}],"seed_played":"7564895002112000319","potions_obtained":[{"floor":3,"key":"AttackPotion"},{"floor":5,"key":"Weak Potion"},{"floor":14,"key":"FearPotion"},{"floor":16,"key":"LiquidBronze"}],"is_trial":false,"path_per_floor":["M","M","M","M","M","E","R","E","T","M","?","R","$","M","R","B",null,"M","?"],"character_chosen":"THE_SILENT","items_purchased":["Mayhem","Well Laid Plans","Dash"],"campfire_rested":2,"item_purchase_floors":[13,13,13],"current_hp_per_floor":[64,64,57,55,53,21,42,4,4,3,3,24,24,17,17,3,55,44,0],"gold":322,"neow_bonus":"TEN_PERCENT_HP_BONUS","is_prod":false,"is_daily":false,"chose_seed":false,"campfire_upgraded":1,"win_rate":0,"timestamp":1549207608,"path_taken":["M","M","M","M","M","E","R","E","T","M","?","R","?","M","R","BOSS","M","?"],"build_version":"2019-01-23","purchased_purges":1,"victory":false,"max_hp_per_floor":[72,72,72,72,72,72,72,72,72,72,72,72,72,72,72,72,72,72,72],"card_choices":[{"not_picked":["Leg Sweep","Prepared"],"picked":"Bane","floor":1},{"not_picked":["Bane","Flying Knee"],"picked":"Crippling Poison","floor":2},{"not_picked":["Flying Knee","Dagger Spray"],"picked":"Bullet Time","floor":3},{"not_picked":["Backflip","Sucker Punch"],"picked":"Quick Slash","floor":4},{"not_picked":["Blade Dance","Dagger Throw"],"picked":"Predator","floor":5},{"not_picked":["Dodge and Roll","Accuracy"],"picked":"Crippling Poison","floor":6},{"not_picked":["Dodge and Roll","Underhanded Strike"],"picked":"Escape Plan","floor":8},{"not_picked":["Flechettes","Eviscerate"],"picked":"Backflip","floor":10},{"not_picked":["Bane","Sucker Punch"],"picked":"Escape Plan","floor":14},{"not_picked":["Phantasmal Killer","Malaise"],"picked":"Grand Finale","floor":16},{"not_picked":["Dagger Spray","Quick Slash"],"picked":"PiercingWail","floor":18}],"player_experience":4203152,"relics_obtained":[{"floor":6,"key":"MawBank"},{"floor":8,"key":"Kunai"},{"floor":9,"key":"Omamori"}],"event_choices":[{"damage_healed":0,"gold_gain":275,"player_choice":"Desecrate","damage_taken":0,"max_hp_gain":0,"max_hp_loss":0,"event_name":"Golden Shrine","floor":11,"gold_loss":0,"cards_obtained":["Regret"]},{"damage_healed":0,"gold_gain":0,"player_choice":"Fought Bandits","damage_taken":0,"max_hp_gain":0,"max_hp_loss":0,"event_name":"Masked Bandits","floor":19,"gold_loss":0}],"is_beta":false,"boss_relics":[{"not_picked":["WristBlade","Philosopher\u0027s Stone"],"picked":"Eternal Feather"}],"items_purged_floors":[13],"is_endless":false,"potions_floor_spawned":[3,5,14,16],"killed_by":"Masked Bandits","ascension_level":20}