{"gold_per_floor":[109,34,34,52,52,52,84,34,103,118,118,131,131,159,159,260,260,270,288,35,46,59,59,72,97,97,297,312,312,323,333,333,430,430,443,455,3,21,37,37,63,63,63,63,63,93,103,154,166,178],"floor_reached":51,"playtime":4484,"items_purged":["Strike_G","Defend_G"],"score":887,"play_id":"5b549d9b-ad21-471b-8cc4-87a59c9c285a","local_time":"20190324001032","is_ascension_mode":true,"campfire_choices":[{"data":"Cloak And Dagger","floor":6.0,"key":"SMITH"},{"data":"1","floor":11.0,"key":"LIFT"},{"data":"Cloak And Dagger","floor":15.0,"key":"SMITH"},{"data":"Envenom","floor":23.0,"key":"SMITH"},{"data":"2","floor":29.0,"key":"LIFT"},{"floor":32.0,"key":"REST"},{"floor":40.0,"key":"REST"},{"data":"3","floor":44.0,"key":"LIFT"},{"floor":49,"key":"REST"}],"neow_cost":"NONE","seed_source_timestamp":37914806491669,"circlet_count":0,"master_deck":["Defend_G","Defend_G","Defend_G","Survivor","Neutralize","Dagger Throw","Cloak And Dagger+1","Escape Plan","Cloak And Dagger+1","Tactician","Envenom+1","Infinite Blades+1","Well Laid Plans+1","Noxious Fumes+1","Backflip+1","Backflip+1","Deadly Poison+1","Crippling Poison+1","Heel Hook+1","Blur","Bandage Up","Madness","Madness"],"special_seed":0,"relics":["Ring of the Serpent","NeowsBlessing","Girya","Kunai","Ancient Tea Set","PreservedInsect","Frozen Egg 2","Ornamental Fan","Ginger","Astrolabe","Lantern","Medical Kit","Strawberry","Prayer Wheel","Pantograph","MawBank"],"potions_floor_usage":[47],"damage_taken":[{"damage":0.0,"enemies":"Jaw Worm","floor":1.0,"turns":1.0},{"damage":0.0,"enemies":"Cultist","floor":4.0,"turns":1.0},{"damage":0.0,"enemies":"3 Sentries","floor":7.0,"turns":1.0},{"damage":0.0,"enemies":"Small Slimes","floor":10.0,"turns":3.0},{"damage":14.0,"enemies":"Exordium Wildlife","floor":12.0,"turns":6.0},{"damage":1.0,"enemies":"Lagavulin","floor":14.0,"turns":8.0},{"damage":8.0,"enemies":"Slime Boss","floor":16.0,"turns":15.0},{"damage":14.0,"enemies":"Shell Parasite","floor":18.0,"turns":6.0},{"damage":4.0,"enemies":"3 Byrds","floor":19.0,"turns":6.0},{"damage":5.0,"enemies":"Shelled Parasite and Fungi","floor":21.0,"turns":4.0},{"damage":11.0,"enemies":"Snecko","floor":22.0,"turns":5.0},{"damage":10.0,"enemies":"Centurion and Healer","floor":24.0,"turns":5.0},{"damage":13.0,"enemies":"Book of Stabbing","floor":25.0,"turns":4.0},{"damage":4.0,"enemies":"Chosen and Byrds","floor":28.0,"turns":6.0},{"damage":1.0,"enemies":"Snake Plant","floor":30.0,"turns":4.0},{"damage":2.0,"enemies":"Cultist and Chosen","floor":31.0,"turns":6.0},{"damage":4.0,"enemies":"Collector","floor":33.0,"turns":8.0},{"damage":19.0,"enemies":"3 Shapes","floor":35.0,"turns":3.0},{"damage":0.0,"enemies":"Orb Walker","floor":36.0,"turns":4.0},{"damage":14.0,"enemies":"Writhing Mass","floor":38.0,"turns":6.0},{"damage":13.0,"enemies":"Maw","floor":39.0,"turns":7.0},{"damage":0.0,"enemies":"Giant Head","floor":41.0,"turns":6.0},{"damage":12.0,"enemies":"Nemesis","floor":46.0,"turns":5.0},{"damage":1,"enemies":"3 Darklings","floor":47,"turns":4},{"damage":25,"enemies":"Awakened One","floor":50,"turns":15}],"seed_played":"7099951035259592388","potions_obtained":[{"floor":1.0,"key":"GamblersBrew"},{"floor":4.0,"key":"Explosive Potion"},{"floor":16.0,"key":"Block Potion"},{"floor":18.0,"key":"SpeedPotion"},{"floor":19.0,"key":"Fire Potion"},{"floor":24.0,"key":"GhostInAJar"},{"floor":28.0,"key":"SteroidPotion"},{"floor":30.0,"key":"FearPotion"},{"floor":33.0,"key":"Swift Potion"},{"floor":36.0,"key":"SpeedPotion"},{"floor":46.0,"key":"GhostInAJar"}],"is_trial":false,"path_per_floor":["M","$","?","M","$","R","E","?","T","M","R","M","T","E","R","B",null,"M","M","$","M","M","R","M","E","T","?","M","R","M","M","R","B",null,"M","M","$","M","M","R","E","?","T","R","?","E","M","T","R","B",null],"character_chosen":"THE_SILENT","items_purchased":["Frozen Egg 2","Lantern","Medical Kit"],"campfire_rested":3,"item_purchase_floors":[20,37,37],"current_hp_per_floor":[70,70,70,70,70,70,70,70,70,70,70,56,56,55,55,47,70,56,52,52,47,36,36,26,13,13,13,9,9,8,6,27,23,70,51,51,51,37,24,45,52,52,52,52,42,34,37,37,60,56],"gold":190,"neow_bonus":"THREE_ENEMY_KILL","is_prod":false,"is_daily":false,"chose_seed":false,"campfire_upgraded":3,"win_rate":0,"timestamp":1553353832,"path_taken":["M","$","?","?","$","R","E","?","T","M","R","M","?","E","R","BOSS","M","M","$","M","M","R","M","E","T","?","?","R","M","M","R","BOSS","M","M","$","M","M","R","E","?","T","R","?","E","?","?","R","BOSS"],"build_version":"2019-01-23","purchased_purges":2,"victory":true,"max_hp_per_floor":[70,70,70,70,70,70,70,70,70,70,70,70,70,70,70,70,70,70,70,70,70,70,70,70,70,70,70,70,70,70,70,70,70,70,70,70,70,70,70,70,77,77,77,77,77,77,77,77,77,77],"card_choices":[{"not_picked":["Setup","Catalyst"],"picked":"Dagger Throw","floor":1.0},{"not_picked":["Blade Dance","Flying Knee"],"picked":"Cloak And Dagger","floor":4.0},{"not_picked":["Dagger Throw","Sucker Punch","Dodge and Roll"],"picked":"SKIP","floor":7.0},{"not_picked":["Bane","Poisoned Stab"],"picked":"Escape Plan","floor":10.0},{"not_picked":["Concentrate","Setup"],"picked":"Cloak And Dagger","floor":12.0},{"not_picked":["Acrobatics","Deadly Poison"],"picked":"Tactician","floor":14.0},{"not_picked":["Tools of the Trade","Night Terror"],"picked":"Envenom","floor":16.0},{"not_picked":["Slice+1","Expertise"],"picked":"Infinite Blades+1","floor":18.0},{"not_picked":["Dodge and Roll","Sucker Punch"],"picked":"Well Laid Plans+1","floor":19.0},{"not_picked":["Flechettes","Terror"],"picked":"Noxious Fumes+1","floor":21.0},{"not_picked":["Terror","Choke","Deflect"],"picked":"SKIP","floor":22.0},{"not_picked":["Grand Finale","Outmaneuver","Flying Knee"],"picked":"SKIP","floor":24.0},{"not_picked":["Crippling Poison","Dash","Outmaneuver"],"picked":"SKIP","floor":25.0},{"not_picked":["Skewer","Deflect"],"picked":"Backflip+1","floor":28.0},{"not_picked":["Acrobatics","Deadly Poison+1","Deflect"],"picked":"SKIP","floor":30.0},{"not_picked":["Noxious Fumes+1","PiercingWail"],"picked":"Backflip+1","floor":31.0},{"not_picked":["Tactician","Heel Hook"],"picked":"Blur","floor":35.0},{"not_picked":["Riddle With Holes+1","Prepared+1","Backflip"],"picked":"SKIP","floor":36.0},{"not_picked":["Footwork+1","Poisoned Stab+1","Deadly Poison+1"],"picked":"SKIP","floor":38.0},{"not_picked":["Prepared","Leg Sweep","Quick Slash+1"],"picked":"SKIP","floor":39.0},{"not_picked":["Flechettes","Blade Dance","Bouncing Flask+1"],"picked":"SKIP","floor":41.0},{"not_picked":["Violence","Dramatic Entrance"],"picked":"Bandage Up","floor":42.0},{"not_picked":["Backflip","Noxious Fumes+1","Accuracy+1"],"picked":"SKIP","floor":46.0},{"not_picked":["Finisher+1","Dash","Bouncing Flask+1"],"picked":"SKIP","floor":47},{"not_picked":["Reflex","Dagger Throw+1","Prepared+1"],"picked":"SKIP","floor":47}],"player_experience":539430,"relics_obtained":[{"floor":7.0,"key":"Girya"},{"floor":9.0,"key":"Kunai"},{"floor":13.0,"key":"Ancient Tea Set"},{"floor":14.0,"key":"PreservedInsect"},{"floor":25.0,"key":"Ornamental Fan"},{"floor":26.0,"key":"Ginger"},{"floor":41.0,"key":"Strawberry"},{"floor":43.0,"key":"Prayer Wheel"},{"floor":46.0,"key":"Pantograph"},{"floor":48,"key":"MawBank"}],"event_choices":[{"cards_removed":["Strike_G"],"damage_healed":0.0,"max_hp_gain":0.0,"max_hp_loss":0.0,"gold_gain":0.0,"event_name":"Bonfire Elementals","player_choice":"Offered Basic","floor":3.0,"gold_loss":0.0,"damage_taken":0.0},{"cards_removed":["Strike_G"],"damage_healed":0.0,"max_hp_gain":0.0,"max_hp_loss":0.0,"gold_gain":0.0,"event_name":"The Cleric","player_choice":"Card Removal","floor":8.0,"gold_loss":50.0,"damage_taken":0.0},{"damage_healed":0.0,"max_hp_gain":0.0,"max_hp_loss":0.0,"gold_gain":250.0,"event_name":"The Joust","player_choice":"Bet on Owner","floor":27.0,"gold_loss":50.0,"damage_taken":0.0},{"damage_healed":0.0,"max_hp_gain":0.0,"max_hp_loss":0.0,"gold_gain":0.0,"event_name":"SensoryStone","player_choice":"Memory 1","floor":42.0,"gold_loss":0.0,"damage_taken":0.0},{"damage_healed":0.0,"max_hp_gain":0.0,"max_hp_loss":0.0,"gold_gain":0.0,"event_name":"Winding Halls","player_choice":"Embrace Madness","floor":45.0,"gold_loss":0.0,"damage_taken":10.0,"cards_obtained":["Madness","Madness"]}],"is_beta":false,"boss_relics":[{"not_picked":["Tiny House","Orrery"],"picked":"Ring of the Serpent"},{"not_picked":["Runic Dome","Velvet Choker"],"picked":"Astrolabe"}],"items_purged_floors":[2,37],"is_endless":false,"potions_floor_spawned":[1,4,16,18,19,24,28,30,33,36,46],"ascension_level":4}