{"gold_per_floor":[113,113,130,130,150,179,179,214,241,241,261,261,289,306,306,410,410,410,350,350,350],"floor_reached":21,"playtime":1542,"items_purged":[],"score":259,"play_id":"f5a5d56e-57bf-4b80-852c-6205068ad50f","local_time":"20190323160617","is_ascension_mode":true,"campfire_choices":[{"floor":7.0,"key":"REST"},{"floor":10.0,"key":"REST"},{"data":"White Noise","floor":12.0,"key":"SMITH"},{"floor":15.0,"key":"REST"}],"neow_cost":"NONE","seed_source_timestamp":683129001414900,"circlet_count":0,"master_deck":["Strike_B","Strike_B","Strike_B","Defend_B","Defend_B","Defend_B","Defend_B","Zap","Dualcast","Sweeping Beam","Stack","White Noise+1","Conserve Battery","Rip and Tear","Fusion","Conserve Battery","Hologram","Seek","Beam Cell","Leap"],"special_seed":0,"relics":["Cracked Core","NeowsBlessing","Juzu Bracelet","Smiling Mask","Lantern","Unceasing Top","Ectoplasm","Red Mask"],"potions_floor_usage":[16,20,21,21],"damage_taken":[{"damage":0.0,"enemies":"2 Louse","floor":1.0,"turns":1.0},{"damage":0.0,"enemies":"Cultist","floor":3.0,"turns":1.0},{"damage":0.0,"enemies":"Small Slimes","floor":5.0,"turns":1.0},{"damage":27.0,"enemies":"Lagavulin","floor":6.0,"turns":8.0},{"damage":17.0,"enemies":"Gremlin Nob","floor":8.0,"turns":4.0},{"damage":0.0,"enemies":"2 Fungi Beasts","floor":11.0,"turns":2.0},{"damage":16.0,"enemies":"3 Sentries","floor":13.0,"turns":6.0},{"damage":8.0,"enemies":"Blue Slaver","floor":14.0,"turns":3.0},{"damage":57,"enemies":"Slime Boss","floor":16,"turns":13},{"damage":6,"enemies":"Spheric Guardian","floor":18,"turns":4},{"damage":5,"enemies":"2 Thieves","floor":19,"turns":4},{"damage":22,"enemies":"Masked Bandits","floor":20,"turns":5},{"damage":27,"enemies":"Sentry and Sphere","floor":21,"turns":7}],"seed_played":"5488462307149613409","potions_obtained":[{"floor":5.0,"key":"Poison Potion"},{"floor":6.0,"key":"Block Potion"},{"floor":8.0,"key":"SteroidPotion"},{"floor":14.0,"key":"Weak Potion"},{"floor":16,"key":"SkillPotion"},{"floor":18,"key":"SteroidPotion"},{"floor":19,"key":"GamblersBrew"}],"is_trial":false,"path_per_floor":["M","?","M","$","M","E","R","E","T","R","M","R","E","M","R","B",null,"M","M","?","M"],"character_chosen":"DEFECT","items_purchased":[],"campfire_rested":3,"item_purchase_floors":[],"current_hp_per_floor":[68,68,68,68,68,41,63,46,46,68,68,68,52,44,66,9,59,53,48,26,0],"gold":350,"neow_bonus":"THREE_ENEMY_KILL","is_prod":false,"is_daily":false,"chose_seed":false,"campfire_upgraded":1,"win_rate":0,"timestamp":1553353577,"path_taken":["M","?","M","$","?","E","R","E","T","R","M","R","E","M","R","BOSS","M","M","?","M"],"build_version":"2019-01-23","purchased_purges":0,"victory":false,"max_hp_per_floor":[75,75,75,75,75,75,75,75,75,75,75,75,75,75,75,75,75,75,75,75,75],"card_choices":[{"not_picked":["Blizzard","Double Energy"],"picked":"Sweeping Beam","floor":1.0},{"not_picked":["Redo","Static Discharge"],"picked":"Stack","floor":3.0},{"not_picked":["Darkness","Recycle"],"picked":"White Noise","floor":5.0},{"not_picked":["Hyperbeam","Stack"],"picked":"Conserve Battery","floor":6.0},{"not_picked":["Redo","Coolheaded"],"picked":"Rip and Tear","floor":8.0},{"not_picked":["Hologram","Redo"],"picked":"Fusion","floor":11.0},{"not_picked":["Auto Shields","Sweeping Beam"],"picked":"Conserve Battery","floor":13.0},{"not_picked":["Coolheaded","Recycle"],"picked":"Hologram","floor":14.0},{"not_picked":["Meteor Strike","Multi-Cast"],"picked":"Seek","floor":16},{"not_picked":["Redo","Sweeping Beam"],"picked":"Beam Cell","floor":18},{"not_picked":["Aggregate","Cold Snap"],"picked":"Leap","floor":19}],"player_experience":584981,"relics_obtained":[{"floor":6.0,"key":"Juzu Bracelet"},{"floor":8.0,"key":"Smiling Mask"},{"floor":9.0,"key":"Lantern"},{"floor":13.0,"key":"Unceasing Top"},{"floor":20,"key":"Red Mask"}],"event_choices":[{"cards_removed":["Strike_B"],"damage_healed":0.0,"max_hp_gain":0.0,"max_hp_loss":0.0,"gold_gain":0.0,"event_name":"Purifier","player_choice":"Purged","floor":2.0,"gold_loss":0.0,"damage_taken":0.0},{"damage_healed":0,"gold_gain":0,"player_choice":"Fought Bandits","damage_taken":0,"max_hp_gain":0,"max_hp_loss":0,"event_name":"Masked Bandits","floor":20,"gold_loss":0}],"is_beta":false,"boss_relics":[{"not_picked":["Runic Dome","Empty Cage"],"picked":"Ectoplasm"}],"items_purged_floors":[],"is_endless":false,"potions_floor_spawned":[5,6,8,14,16,18,19],"killed_by":"Sentry and Sphere","ascension_level":6}