{"gold_per_floor":[112,122,132,142,142,167,177,209,209,209,209,209,134,151,151,151],"floor_reached":16,"playtime":539,"items_purged":[],"score":224,"play_id":"080e3202-e754-452a-94d8-035369ae75d0","local_time":"20190213001226","is_ascension_mode":true,"campfire_choices":[{"floor":10,"key":"REST"},{"data":"Tactician","floor":12,"key":"SMITH"},{"data":"Neutralize","floor":15,"key":"SMITH"}],"neow_cost":"NONE","seed_source_timestamp":1142430043554700,"circlet_count":0,"master_deck":["AscendersBane","Defend_G","Defend_G","Defend_G","Defend_G","Defend_G","Strike_G","Strike_G","Strike_G","Strike_G","Survivor","Neutralize+1","Dagger Throw","Dash","Dagger Throw","Underhanded Strike","Tactician+1","PiercingWail","Deflect","Masterful Stab","Dash","Dagger Throw"],"relics":["Ring of the Snake","Happy Flower","Lantern","Ninja Scroll"],"potions_floor_usage":[6,6],"damage_taken":[{"damage":0,"enemies":"Jaw Worm","floor":1,"turns":4},{"damage":0,"enemies":"Cultist","floor":2,"turns":3},{"damage":1,"enemies":"2 Louse","floor":3,"turns":3},{"damage":2,"enemies":"2 Fungi Beasts","floor":4,"turns":4},{"damage":8,"enemies":"Gremlin Nob","floor":6,"turns":3},{"damage":1,"enemies":"Looter","floor":7,"turns":4},{"damage":31,"enemies":"3 Sentries","floor":8,"turns":10},{"damage":0,"enemies":"Lots of Slimes","floor":14,"turns":5},{"damage":48,"enemies":"Hexaghost","floor":16,"turns":14}],"seed_played":"2188951858274310083","potions_obtained":[{"floor":2,"key":"Swift Potion"},{"floor":3,"key":"AttackPotion"}],"is_trial":false,"path_per_floor":["M","M","M","M","?","E","M","E","T","R","?","R","?","M","R","B"],"character_chosen":"THE_SILENT","items_purchased":[],"campfire_rested":1,"item_purchase_floors":[],"current_hp_per_floor":[59,59,58,56,56,48,47,16,16,35,40,40,40,40,40,0],"gold":151,"neow_bonus":"THREE_CARDS","is_prod":false,"is_daily":false,"chose_seed":false,"campfire_upgraded":2,"win_rate":0,"timestamp":1549984346,"path_taken":["M","M","M","M","?","E","?","E","T","R","?","R","?","M","R","BOSS"],"build_version":"2019-01-23","purchased_purges":0,"victory":false,"max_hp_per_floor":[66,66,66,66,66,66,66,66,66,66,71,71,71,71,71,71],"card_choices":[{"not_picked":["Acrobatics","Infinite Blades"],"picked":"Dagger Throw","floor":0},{"not_picked":["Acrobatics","Outmaneuver"],"picked":"Dash","floor":1},{"not_picked":["Prepared","Deflect"],"picked":"Dagger Throw","floor":2},{"not_picked":["Prepared","Leg Sweep"],"picked":"Underhanded Strike","floor":3},{"not_picked":["Poisoned Stab","Well Laid Plans"],"picked":"Tactician","floor":4},{"not_picked":["Prepared","Dodge and Roll"],"picked":"Deflect","floor":6},{"not_picked":["Bane","Dagger Throw"],"picked":"Masterful Stab","floor":7},{"not_picked":["Glass Knife","All Out Attack"],"picked":"Dash","floor":8},{"not_picked":["Flechettes","Poisoned Stab"],"picked":"Dagger Throw","floor":14}],"player_experience":4274234,"relics_obtained":[{"floor":6,"key":"Happy Flower"},{"floor":8,"key":"Lantern"},{"floor":9,"key":"Ninja Scroll"}],"event_choices":[{"damage_healed":0,"gold_gain":0,"player_choice":"1 cards matched","damage_taken":0,"max_hp_gain":0,"max_hp_loss":0,"event_name":"Match and Keep!","floor":5,"gold_loss":0,"cards_obtained":["PiercingWail"]},{"damage_healed":0,"gold_gain":0,"player_choice":"Donut","damage_taken":0,"max_hp_gain":5,"max_hp_loss":0,"event_name":"Big Fish","floor":11,"gold_loss":0},{"cards_removed":["Strike_G"],"damage_healed":0,"gold_gain":0,"player_choice":"Card Removal","damage_taken":0,"max_hp_gain":0,"max_hp_loss":0,"event_name":"The Cleric","floor":13,"gold_loss":75}],"is_beta":false,"boss_relics":[],"items_purged_floors":[],"is_endless":false,"potions_floor_spawned":[2,3],"killed_by":"Hexaghost","ascension_level":20}