{"gold_per_floor":[115,115,128,140,155,190,190,45,68,87,99,134,134,159,159,256,256,225,30,30,30,50,76,76,90,90,290,290,317,334,368,368,465,465,484,32,49,49,49,84,84,115,163,163,163,163,181,55,55,55],"floor_reached":51,"playtime":2418,"items_purged":["Clash","Strike_R+1","Inflame"],"score":964,"play_id":"20d7320b-90ab-4af4-a9ca-0c85535b803f","local_time":"20190310012834","is_ascension_mode":true,"campfire_choices":[{"data":"Clothesline","floor":7,"key":"SMITH"},{"data":"Shrug It Off","floor":15,"key":"SMITH"},{"floor":24,"key":"REST"},{"floor":28,"key":"REST"},{"floor":32,"key":"REST"},{"data":"Secret Technique","floor":41,"key":"SMITH"},{"floor":46,"key":"REST"},{"floor":49,"key":"REST"}],"neow_cost":"NONE","seed_source_timestamp":32819516955433,"circlet_count":0,"master_deck":["Strike_R+1","Strike_R+1","Defend_R","Defend_R+1","Defend_R","Defend_R","Bash+1","Intimidate","Clothesline+1","Spot Weakness","Shrug It Off","Shrug It Off+1","Limit Break+1","Twin Strike+1","Flame Barrier+1","Inflame","Sword Boomerang+1","Disarm+1","Flame Barrier+1","Shockwave","Juggernaut+1","Seeing Red","Inflame+1","Warcry","Exhume","Flame Barrier+1","Inflame+1","Secret Technique+1","Blind","Bandage Up","Whirlwind+1","Battle Trance"],"relics":["Burning Blood","Dream Catcher","PreservedInsect","Blood Vial","Art of War","Lantern","Runic Pyramid","Whetstone","Frozen Egg 2","War Paint","Bottled Flame","Velvet Choker","WingedGreaves","Smiling Mask","Juzu Bracelet","Bronze Scales"],"potions_floor_usage":[6,16,16,40,50,50],"damage_taken":[{"damage":4,"enemies":"2 Louse","floor":1,"turns":4},{"damage":4,"enemies":"Cultist","floor":3,"turns":3},{"damage":5,"enemies":"Small Slimes","floor":4,"turns":4},{"damage":15,"enemies":"2 Fungi Beasts","floor":5,"turns":5},{"damage":5,"enemies":"Gremlin Nob","floor":6,"turns":3},{"damage":10,"enemies":"Lots of Slimes","floor":10,"turns":4},{"damage":6,"enemies":"3 Louse","floor":11,"turns":3},{"damage":9,"enemies":"Lagavulin","floor":12,"turns":7},{"damage":20,"enemies":"Gremlin Nob","floor":14,"turns":4},{"damage":26,"enemies":"Slime Boss","floor":16,"turns":9},{"damage":20,"enemies":"2 Thieves","floor":18,"turns":5},{"damage":0,"enemies":"Spheric Guardian","floor":22,"turns":3},{"damage":35,"enemies":"Slavers","floor":23,"turns":5},{"damage":12,"enemies":"Shelled Parasite and Fungi","floor":25,"turns":3},{"damage":14,"enemies":"Gremlin Leader","floor":29,"turns":6},{"damage":3,"enemies":"Cultist and Chosen","floor":30,"turns":7},{"damage":19,"enemies":"Slavers","floor":31,"turns":5},{"damage":53,"enemies":"Champ","floor":33,"turns":10},{"damage":21,"enemies":"Orb Walker","floor":35,"turns":3},{"damage":21,"enemies":"3 Darklings","floor":37,"turns":5},{"damage":8,"enemies":"Giant Head","floor":40,"turns":7},{"damage":34,"enemies":"Nemesis","floor":42,"turns":5},{"damage":32,"enemies":"Jaw Worm Horde","floor":47,"turns":4},{"damage":50,"enemies":"Time Eater","floor":50,"turns":9}],"seed_played":"830724326126616650","potions_obtained":[{"floor":4,"key":"Strength Potion"},{"floor":5,"key":"AttackPotion"},{"floor":6,"key":"AttackPotion"},{"floor":10,"key":"FearPotion"},{"floor":22,"key":"SpeedPotion"},{"floor":29,"key":"Dexterity Potion"},{"floor":30,"key":"SteroidPotion"},{"floor":42,"key":"BloodPotion"},{"floor":47,"key":"EssenceOfSteel"}],"is_trial":false,"path_per_floor":["M","?","M","M","M","E","R","$","T","M","M","E","?","E","R","B",null,"M","$","?","?","M","E","R","M","T","?","R","E","M","E","R","B",null,"M","$","M","?","?","E","R","E","T","?","T","R","M","$","R","B",null],"character_chosen":"IRONCLAD","items_purchased":["PreservedInsect","Flame Barrier","Inflame","Inflame+1","Secret Technique","Blind","Battle Trance"],"campfire_rested":5,"item_purchase_floors":[8,19,19,36,36,36,48],"current_hp_per_floor":[80,80,80,80,71,72,72,72,72,70,72,71,55,43,43,25,66,54,54,39,39,47,20,45,41,41,41,66,60,65,54,79,34,72,59,59,46,46,46,50,50,24,24,24,24,49,25,25,50,12],"gold":55,"neow_bonus":"TRANSFORM_CARD","is_prod":false,"is_daily":false,"chose_seed":false,"campfire_upgraded":3,"win_rate":0,"timestamp":1552199314,"path_taken":["M","?","?","M","M","E","R","$","T","M","M","E","?","E","R","BOSS","M","$","?","?","M","E","R","?","T","?","R","E","M","E","R","BOSS","M","$","?","?","?","E","R","E","T","?","?","R","M","$","R","BOSS"],"build_version":"2019-01-23","purchased_purges":3,"victory":true,"max_hp_per_floor":[80,80,80,80,80,80,80,80,80,80,80,80,80,80,80,80,80,80,80,85,85,85,85,85,85,85,85,85,85,85,85,85,85,85,85,85,85,85,85,85,85,85,85,85,85,85,85,85,85,85],"card_choices":[{"not_picked":["Thunderclap","Sentinel"],"picked":"Clothesline","floor":1},{"not_picked":["Corruption","Wild Strike","Dropkick"],"picked":"SKIP","floor":3},{"not_picked":["Battle Trance","Pummel"],"picked":"Inflame","floor":4},{"not_picked":["True Grit","Pommel Strike"],"picked":"Clash","floor":5},{"not_picked":["Seeing Red","Ghostly Armor"],"picked":"Spot Weakness","floor":6},{"not_picked":["Armaments","Perfected Strike","Sentinel"],"picked":"SKIP","floor":10},{"not_picked":["Iron Wave","Armaments"],"picked":"Shrug It Off","floor":11},{"not_picked":["Havoc","Cleave"],"picked":"Shrug It Off","floor":12},{"not_picked":["Pommel Strike","Blood for Blood","Brutality"],"picked":"SKIP","floor":14},{"not_picked":["Brutality","Juggernaut"],"picked":"Limit Break","floor":16},{"not_picked":["Bloodletting","Cleave"],"picked":"Twin Strike+1","floor":18},{"not_picked":["Evolve","True Grit"],"picked":"Sword Boomerang+1","floor":22},{"not_picked":["Rampage","Flex"],"picked":"Disarm+1","floor":23},{"not_picked":["True Grit","Sword Boomerang"],"picked":"Flame Barrier+1","floor":25},{"not_picked":["Warcry","Anger"],"picked":"Shockwave","floor":28},{"not_picked":["Rampage","Headbutt"],"picked":"Juggernaut+1","floor":29},{"not_picked":["Flame Barrier","Body Slam"],"picked":"Seeing Red","floor":30},{"not_picked":["Double Tap","Offering"],"picked":"Inflame+1","floor":31},{"not_picked":["Armaments","Second Wind"],"picked":"Warcry","floor":32},{"not_picked":["Immolate","Berserk+1"],"picked":"Exhume","floor":33},{"not_picked":["Armaments","Dropkick+1"],"picked":"Flame Barrier+1","floor":35},{"not_picked":["Heavy Blade","Spot Weakness","Wild Strike"],"picked":"SKIP","floor":37},{"not_picked":["Deep Breath","Dramatic Entrance"],"picked":"Bandage Up","floor":38},{"not_picked":["Pommel Strike+1","Shockwave+1","Anger"],"picked":"SKIP","floor":40},{"not_picked":["Anger+1","Perfected Strike","Cleave+1"],"picked":"SKIP","floor":42},{"not_picked":["Body Slam","Intimidate+1"],"picked":"Whirlwind+1","floor":46},{"not_picked":["Headbutt","Clothesline+1","Entrench"],"picked":"SKIP","floor":47}],"player_experience":287927,"relics_obtained":[{"floor":6,"key":"Dream Catcher"},{"floor":9,"key":"Blood Vial"},{"floor":12,"key":"Art of War"},{"floor":14,"key":"Lantern"},{"floor":23,"key":"Whetstone"},{"floor":26,"key":"Frozen Egg 2"},{"floor":29,"key":"War Paint"},{"floor":31,"key":"Bottled Flame"},{"floor":40,"key":"Smiling Mask"},{"floor":42,"key":"Juzu Bracelet"},{"floor":43,"key":"Bronze Scales"}],"event_choices":[{"cards_removed":["Strike_R"],"damage_healed":0,"gold_gain":0,"player_choice":"Purged","damage_taken":0,"max_hp_gain":0,"max_hp_loss":0,"event_name":"Purifier","floor":2,"gold_loss":0},{"damage_healed":0,"gold_gain":0,"player_choice":"Entered Light","damage_taken":16,"max_hp_gain":0,"max_hp_loss":0,"event_name":"Shining Light","floor":13,"gold_loss":0,"cards_upgraded":["Strike_R","Bash"]},{"damage_healed":0,"gold_gain":0,"player_choice":"Shed Blood","damage_taken":20,"max_hp_gain":5,"max_hp_loss":0,"event_name":"Forgotten Altar","floor":20,"gold_loss":0},{"damage_healed":0,"gold_gain":0,"player_choice":"Forge","damage_taken":0,"max_hp_gain":0,"max_hp_loss":0,"event_name":"Accursed Blacksmith","floor":21,"gold_loss":0,"cards_upgraded":["Limit Break"]},{"damage_healed":0,"gold_gain":250,"player_choice":"Bet on Owner","damage_taken":0,"max_hp_gain":0,"max_hp_loss":0,"event_name":"The Joust","floor":27,"gold_loss":50},{"damage_healed":0,"gold_gain":0,"player_choice":"Memory 1","damage_taken":0,"max_hp_gain":0,"max_hp_loss":0,"event_name":"SensoryStone","floor":38,"gold_loss":0},{"damage_healed":0,"gold_gain":0,"player_choice":"Gave Potion","damage_taken":0,"relics_obtained":["WingedGreaves"],"max_hp_gain":0,"max_hp_loss":0,"event_name":"WeMeetAgain","floor":39,"gold_loss":0},{"damage_healed":0,"gold_gain":0,"player_choice":"Ignored","damage_taken":0,"max_hp_gain":0,"max_hp_loss":0,"event_name":"Tomb of Lord Red Mask","floor":44,"gold_loss":0}],"is_beta":false,"boss_relics":[{"not_picked":["Runic Dome","Pandora\u0027s Box"],"picked":"Runic Pyramid"},{"not_picked":["Empty Cage","Orrery"],"picked":"Velvet Choker"}],"items_purged_floors":[19,36,48],"is_endless":false,"potions_floor_spawned":[4,5,6,10,14,22,29,30,37,42,47],"ascension_level":5}