{"gold_per_floor":[111,131,149,163,177,177,210,210,259,259,40,98,98,108,108,206,206,223,223,29,47,57,87,87,87,87,87,98,98,117,131,131,131],"floor_reached":33,"playtime":2581,"items_purged":[],"score":350,"play_id":"0b35f197-2292-4be0-a4e9-53b7aa14d160","local_time":"20190320180056","is_ascension_mode":true,"campfire_choices":[{"floor":6.0,"key":"REST"},{"data":"Stack","floor":8.0,"key":"SMITH"},{"data":"Stack","floor":10.0,"key":"SMITH"},{"data":"Loop","floor":13.0,"key":"SMITH"},{"data":"Cold Snap","floor":15.0,"key":"SMITH"},{"floor":24.0,"key":"REST"},{"floor":29,"key":"REST"},{"floor":32,"key":"REST"}],"neow_cost":"NONE","seed_source_timestamp":429647578896400,"circlet_count":0,"master_deck":["Strike_B","Strike_B","Strike_B","Defend_B","Defend_B","Defend_B","Defend_B","Zap","Dualcast","Loop+1","Leap","Cold Snap+1","Stack+1","Stack+1","Ball Lightning","Core Surge","Conserve Battery","Fission+1","Beam Cell+1","Self Repair+1","Reinforced Body+1","RitualDagger","Pain","Sunder","BootSequence+1"],"special_seed":0,"relics":["Cracked Core","Mercury Hourglass","Boot","PreservedInsect","Eternal Feather","Strange Spoon","Ornamental Fan","Blue Candle","WarpedTongs"],"potions_floor_usage":[28,30],"damage_taken":[{"damage":0.0,"enemies":"Cultist","floor":1.0,"turns":4.0},{"damage":2.0,"enemies":"2 Louse","floor":2.0,"turns":3.0},{"damage":0.0,"enemies":"Jaw Worm","floor":3.0,"turns":4.0},{"damage":19.0,"enemies":"Exordium Thugs","floor":4.0,"turns":6.0},{"damage":0.0,"enemies":"Looter","floor":5.0,"turns":3.0},{"damage":18.0,"enemies":"Gremlin Nob","floor":7.0,"turns":5.0},{"damage":4.0,"enemies":"Red Slaver","floor":14.0,"turns":3.0},{"damage":9.0,"enemies":"Slime Boss","floor":16.0,"turns":7.0},{"damage":14.0,"enemies":"Shell Parasite","floor":18.0,"turns":6.0},{"damage":6.0,"enemies":"3 Byrds","floor":21.0,"turns":4.0},{"damage":25.0,"enemies":"Centurion and Healer","floor":22.0,"turns":9.0},{"damage":38.0,"enemies":"Gremlin Leader","floor":23.0,"turns":6.0},{"damage":27,"enemies":"Shelled Parasite and Fungi","floor":28,"turns":6},{"damage":21,"enemies":"Snake Plant","floor":30,"turns":3},{"damage":28,"enemies":"Cultist and Chosen","floor":31,"turns":5},{"damage":55,"enemies":"Automaton","floor":33,"turns":8}],"seed_played":"-4199708201959398141","potions_obtained":[{"floor":1.0,"key":"SkillPotion"},{"floor":5.0,"key":"Block Potion"},{"floor":7.0,"key":"GamblersBrew"},{"floor":16.0,"key":"LiquidBronze"},{"floor":21.0,"key":"Weak Potion"},{"floor":22.0,"key":"FairyPotion"},{"floor":23.0,"key":"AttackPotion"}],"is_trial":false,"path_per_floor":["M","M","M","M","M","R","E","R","T","R","$","?","R","M","R","B",null,"M","?","$","M","M","E","R","?","T","?","M","R","M","M","R","B"],"character_chosen":"DEFECT","items_purchased":["PreservedInsect","Core Surge","Strange Spoon"],"campfire_rested":4,"item_purchase_floors":[11,11,20],"current_hp_per_floor":[68,66,66,47,47,69,51,51,51,51,51,51,51,47,47,38,66,52,52,52,46,31,7,41,35,35,35,8,42,31,13,50,0],"gold":131,"neow_bonus":"REMOVE_CARD","is_prod":false,"is_daily":false,"chose_seed":false,"campfire_upgraded":4,"win_rate":0,"timestamp":1553101256,"path_taken":["M","M","M","M","?","R","E","R","T","R","?","?","R","M","R","BOSS","M","?","?","M","M","E","R","?","T","?","M","R","M","M","R","BOSS"],"build_version":"2019-01-23","purchased_purges":0,"victory":false,"max_hp_per_floor":[75,75,75,75,75,75,75,75,75,75,75,75,75,75,75,75,75,75,75,75,75,75,75,75,75,75,75,75,75,75,75,75,75],"card_choices":[{"not_picked":["Sunder","Hologram"],"picked":"Loop","floor":1.0},{"not_picked":["Ball Lightning","BootSequence"],"picked":"Leap","floor":2.0},{"not_picked":["Skim","Reprogram"],"picked":"Cold Snap","floor":3.0},{"not_picked":["Storm","Ball Lightning"],"picked":"Stack","floor":4.0},{"not_picked":["Barrage","Darkness"],"picked":"Stack","floor":5.0},{"not_picked":["Sunder","Gash"],"picked":"Ball Lightning","floor":7.0},{"not_picked":["Coolheaded","Biased Cognition"],"picked":"Conserve Battery","floor":14.0},{"not_picked":["All For One","Buffer"],"picked":"Fission","floor":16.0},{"not_picked":["Force Field+1","Rebound"],"picked":"Beam Cell+1","floor":18.0},{"not_picked":["Consume","Doom and Gloom+1"],"picked":"Self Repair+1","floor":21.0},{"not_picked":["Coolheaded","Barrage","Storm"],"picked":"SKIP","floor":22.0},{"not_picked":["Ball Lightning","Steam"],"picked":"Reinforced Body+1","floor":23.0},{"not_picked":["Loop+1","Stack"],"picked":"Sunder","floor":28},{"not_picked":["Undo","Coolheaded"],"picked":"BootSequence+1","floor":30},{"not_picked":["Stack","Recycle+1","Leap"],"picked":"SKIP","floor":31}],"player_experience":578960,"relics_obtained":[{"floor":7.0,"key":"Mercury Hourglass"},{"floor":9.0,"key":"Boot"},{"floor":23.0,"key":"Ornamental Fan"},{"floor":26.0,"key":"Blue Candle"}],"event_choices":[{"damage_healed":0.0,"max_hp_gain":0.0,"max_hp_loss":0.0,"gold_gain":58.0,"event_name":"Golden Wing","player_choice":"Gained Gold","floor":12.0,"gold_loss":0.0,"damage_taken":0.0},{"damage_healed":0.0,"max_hp_gain":0.0,"max_hp_loss":0.0,"gold_gain":0.0,"event_name":"Upgrade Shrine","player_choice":"Upgraded","floor":19.0,"gold_loss":0.0,"damage_taken":0.0,"cards_upgraded":["Fission"]},{"damage_healed":0.0,"max_hp_gain":0.0,"max_hp_loss":0.0,"gold_gain":0.0,"event_name":"Nest","player_choice":"Joined the Cult","floor":25.0,"gold_loss":0.0,"damage_taken":6.0,"cards_obtained":["RitualDagger"]},{"damage_healed":0.0,"max_hp_gain":0.0,"max_hp_loss":0.0,"gold_gain":0.0,"event_name":"Accursed Blacksmith","player_choice":"Rummage","floor":27.0,"gold_loss":0.0,"damage_taken":0.0,"relics_obtained":["WarpedTongs"],"cards_obtained":["Pain"]}],"is_beta":false,"boss_relics":[{"not_picked":["Runic Pyramid","Ectoplasm"],"picked":"Eternal Feather"}],"items_purged_floors":[],"is_endless":false,"potions_floor_spawned":[1,5,7,16,21,22,23],"killed_by":"Automaton","ascension_level":6}