{"gold_per_floor":[118,129,142,67,67,102,102,146,170,185,185,24,24,49,49,49],"floor_reached":16,"playtime":544,"items_purged":[],"score":220,"play_id":"3d4d8df3-3036-4719-aafc-037e82f41b3c","local_time":"20190323031758","is_ascension_mode":true,"campfire_choices":[{"data":"Bludgeon","floor":7,"key":"SMITH"},{"floor":11,"key":"REST"},{"data":"Combust","floor":15,"key":"SMITH"}],"neow_cost":"PERCENT_DAMAGE","seed_source_timestamp":11607086999358,"circlet_count":0,"master_deck":["AscendersBane","Strike_R","Strike_R","Strike_R","Strike_R","Defend_R","Defend_R","Defend_R","Defend_R","Bash+1","Bludgeon+1","Disarm","Flame Barrier","Combust+1","Shrug It Off","Headbutt","Thunderclap"],"relics":["Burning Blood","Golden Idol","Dream Catcher","Strawberry","Smiling Mask","Oddly Smooth Stone"],"potions_floor_usage":[8,16],"damage_taken":[{"damage":1,"enemies":"Cultist","floor":1,"turns":3},{"damage":6,"enemies":"Small Slimes","floor":2,"turns":2},{"damage":2,"enemies":"Jaw Worm","floor":3,"turns":6},{"damage":33,"enemies":"Gremlin Nob","floor":6,"turns":4},{"damage":18,"enemies":"Lagavulin","floor":8,"turns":7},{"damage":25,"enemies":"Exordium Wildlife","floor":10,"turns":3},{"damage":3,"enemies":"Large Slime","floor":14,"turns":6},{"damage":47,"enemies":"Slime Boss","floor":16,"turns":5}],"seed_played":"3937453659926493651","potions_obtained":[{"floor":3,"key":"PowerPotion"},{"floor":6,"key":"SteroidPotion"},{"floor":10,"key":"Poison Potion"}],"is_trial":false,"path_per_floor":["M","M","M","?","?","E","R","E","T","M","R","$","?","M","R","B"],"character_chosen":"IRONCLAD","items_purchased":["Oddly Smooth Stone"],"campfire_rested":1,"item_purchase_floors":[12],"current_hp_per_floor":[55,55,59,59,59,32,32,27,27,8,30,30,30,33,33,0],"gold":49,"neow_bonus":"THREE_RARE_CARDS","is_prod":false,"is_daily":false,"chose_seed":false,"campfire_upgraded":2,"win_rate":0,"timestamp":1553325478,"path_taken":["M","M","?","?","?","E","R","E","T","M","R","?","?","?","R","BOSS"],"build_version":"2019-03-15","purchased_purges":0,"victory":false,"max_hp_per_floor":[75,75,75,75,68,68,68,75,75,75,75,75,75,75,75,75],"card_choices":[{"not_picked":["Limit Break","Impervious"],"picked":"Bludgeon","floor":0},{"not_picked":["Flex","Headbutt"],"picked":"Disarm","floor":1},{"not_picked":["True Grit","Sword Boomerang"],"picked":"Flame Barrier","floor":2},{"not_picked":["Warcry","Bloodletting"],"picked":"Combust","floor":3},{"not_picked":["Combust","Armaments"],"picked":"Shrug It Off","floor":6},{"not_picked":["Rupture","Dual Wield","Rampage"],"picked":"SKIP","floor":8},{"not_picked":["Iron Wave","Wild Strike"],"picked":"Headbutt","floor":10},{"not_picked":["Infernal Blade","Wild Strike"],"picked":"Thunderclap","floor":11},{"not_picked":["Inflame","Pommel Strike","Perfected Strike"],"picked":"SKIP","floor":14}],"player_experience":921481,"relics_obtained":[{"floor":6,"key":"Dream Catcher"},{"floor":8,"key":"Strawberry"},{"floor":9,"key":"Smiling Mask"}],"event_choices":[{"cards_removed":["Strike_R"],"damage_healed":0,"gold_gain":0,"player_choice":"Card Removal","damage_taken":0,"max_hp_gain":0,"max_hp_loss":0,"event_name":"The Cleric","floor":4,"gold_loss":75},{"damage_healed":0,"gold_gain":0,"player_choice":"Lose Max HP","damage_taken":0,"relics_obtained":["Golden Idol"],"max_hp_gain":0,"max_hp_loss":7,"event_name":"Golden Idol","floor":5,"gold_loss":0},{"damage_healed":0,"gold_gain":0,"player_choice":"Forge","damage_taken":0,"max_hp_gain":0,"max_hp_loss":0,"event_name":"Accursed Blacksmith","floor":13,"gold_loss":0,"cards_upgraded":["Bash"]}],"is_beta":true,"boss_relics":[],"items_purged_floors":[],"is_endless":false,"potions_floor_spawned":[3,6,10],"killed_by":"Slime Boss","ascension_level":20}