{"gold_per_floor":[119,119,136,40,50,77,94,113,113,113,124,124,124],"floor_reached":13,"playtime":826,"items_purged":[],"score":87,"play_id":"facf319e-f947-4494-953f-7996e55db0d4","local_time":"20190320133217","is_ascension_mode":false,"campfire_choices":[{"data":"Iron Wave","floor":10,"key":"SMITH"},{"data":"Iron Wave","floor":12,"key":"SMITH"}],"neow_cost":"NONE","seed_source_timestamp":445120308252482,"circlet_count":0,"master_deck":["Strike_R","Strike_R","Strike_R","Strike_R","Strike_R","Defend_R","Defend_R","Defend_R","Defend_R","Bash+1","Rage","Thunderclap","Trip","Iron Wave+1","Rampage","Thunderclap","Iron Wave","Iron Wave+1"],"relics":["Black Star","Bag of Preparation","Gremlin Horn","Shuriken"],"potions_floor_usage":[],"damage_taken":[{"damage":10,"enemies":"Small Slimes","floor":1,"turns":5},{"damage":4,"enemies":"Cultist","floor":3,"turns":4},{"damage":2,"enemies":"2 Louse","floor":5,"turns":2},{"damage":56,"enemies":"Gremlin Nob","floor":6,"turns":6},{"damage":5,"enemies":"Large Slime","floor":7,"turns":4},{"damage":0,"enemies":"2 Fungi Beasts","floor":8,"turns":3},{"damage":0,"enemies":"Looter","floor":11,"turns":3},{"damage":7,"enemies":"Exordium Wildlife","floor":13,"turns":1}],"seed_played":"-1138725776148422971","potions_obtained":[{"floor":1,"key":"Ancient Potion"},{"floor":7,"key":"Regen Potion"},{"floor":11,"key":"Regen Potion"}],"is_trial":false,"path_per_floor":["M","?","M","$","M","E","M","M","T","R","M","R","M"],"character_chosen":"IRONCLAD","items_purchased":["Trip"],"campfire_rested":0,"item_purchase_floors":[4],"current_hp_per_floor":[70,70,66,66,64,8,3,3,3,3,3,3,0],"gold":124,"neow_bonus":"BOSS_RELIC","is_prod":false,"is_daily":false,"chose_seed":false,"campfire_upgraded":2,"win_rate":0.0,"timestamp":1553106737,"path_taken":["M","?","M","$","M","E","M","M","T","R","?","R","M"],"build_version":"2019-01-23","purchased_purges":0,"victory":false,"max_hp_per_floor":[80,80,80,80,80,80,80,80,80,80,80,80,80],"card_choices":[{"not_picked":["Twin Strike","Iron Wave"],"picked":"Rage","floor":1},{"not_picked":["Corruption","Uppercut"],"picked":"Thunderclap","floor":3},{"not_picked":["Wild Strike","Perfected Strike"],"picked":"Iron Wave","floor":5},{"not_picked":["Searing Blow","Perfected Strike"],"picked":"Rampage","floor":6},{"not_picked":["Pummel","Feed"],"picked":"Thunderclap","floor":7},{"not_picked":["Twin Strike","Warcry"],"picked":"Iron Wave","floor":8},{"not_picked":["Rampage","Pummel"],"picked":"Iron Wave","floor":11}],"player_experience":18219,"relics_obtained":[{"floor":6,"key":"Bag of Preparation"},{"floor":6,"key":"Gremlin Horn"},{"floor":9,"key":"Shuriken"}],"event_choices":[{"damage_healed":0,"gold_gain":0,"player_choice":"Forge","damage_taken":0,"max_hp_gain":0,"max_hp_loss":0,"event_name":"Accursed Blacksmith","floor":2,"gold_loss":0,"cards_upgraded":["Bash"]}],"is_beta":false,"boss_relics":[],"items_purged_floors":[],"is_endless":false,"potions_floor_spawned":[1,7,11],"killed_by":"Exordium Wildlife","ascension_level":0}