{"gold_per_floor":[114,189,189,27,47,74,74,85,85,99,274,250,280,296,296,399,399,409,409,424,441,468,501,501,416,416,430,5,15,33,45,45,143,143,162,162,62,79,79,79,93,93,93,13,13,13,48,68,68,68],"floor_reached":51,"playtime":3535,"items_purged":["Doubt","Predator"],"score":803,"play_id":"3fce2331-5f46-4dc8-b2af-a471a160d62b","local_time":"20190323044637","is_ascension_mode":true,"campfire_choices":[{"data":"A Thousand Cuts","floor":7.0,"key":"SMITH"},{"data":"Endless Agony","floor":15.0,"key":"SMITH"},{"data":"Tactician","floor":24.0,"key":"SMITH"},{"data":"Envenom","floor":32.0,"key":"SMITH"},{"data":"Setup","floor":40.0,"key":"SMITH"},{"data":"Wraith Form v2","floor":42.0,"key":"SMITH"},{"data":"Well Laid Plans","floor":45.0,"key":"SMITH"},{"floor":49.0,"key":"REST"}],"neow_cost":"NONE","seed_source_timestamp":38408485064445,"circlet_count":0,"master_deck":["Survivor","Neutralize","Backflip","A Thousand Cuts+1","Wraith Form v2+1","Endless Agony+1","Prepared","Acrobatics","Dagger Throw","Acrobatics","Envenom+1","A Thousand Cuts","Infinite Blades","Bullet Time","Setup+1","Tactician+1","Endless Agony","Calculated Gamble","A Thousand Cuts","Corpse Explosion","Underhanded Strike+1","Backflip+1","Cloak And Dagger+1","Reflex","Noxious Fumes","Writhe","Venomology","Jack Of All Trades","Neutralize","Parasite","Caltrops","Well Laid Plans+1","Pain"],"special_seed":0,"relics":["Ring of the Snake","NeowsBlessing","Meat on the Bone","Oddly Smooth Stone","Bottled Tornado","Ornamental Fan","Pandora\u0027s Box","Red Mask","Pocketwatch","Bag of Marbles","Du-Vu Doll","Shuriken","HoveringKite","Bronze Scales","Paper Crane","WarpedTongs","Kunai"],"potions_floor_usage":[50,50,50,50],"damage_taken":[{"damage":0.0,"enemies":"Jaw Worm","floor":1.0,"turns":1.0},{"damage":0.0,"enemies":"Cultist","floor":5.0,"turns":1.0},{"damage":0.0,"enemies":"Gremlin Nob","floor":6.0,"turns":1.0},{"damage":0.0,"enemies":"Small Slimes","floor":8.0,"turns":4.0},{"damage":0.0,"enemies":"Exordium Thugs","floor":10.0,"turns":3.0},{"damage":15.0,"enemies":"3 Sentries","floor":13.0,"turns":6.0},{"damage":9.0,"enemies":"Looter","floor":14.0,"turns":3.0},{"damage":32.0,"enemies":"The Guardian","floor":16.0,"turns":17.0},{"damage":29.0,"enemies":"Spheric Guardian","floor":18.0,"turns":4.0},{"damage":0.0,"enemies":"Chosen","floor":20.0,"turns":4.0},{"damage":27.0,"enemies":"Snecko","floor":21.0,"turns":5.0},{"damage":0.0,"enemies":"Masked Bandits","floor":22.0,"turns":3.0},{"damage":31.0,"enemies":"Gremlin Leader","floor":23.0,"turns":5.0},{"damage":6.0,"enemies":"Snake Plant","floor":27.0,"turns":3.0},{"damage":4.0,"enemies":"Centurion and Healer","floor":29.0,"turns":5.0},{"damage":13.0,"enemies":"Snecko","floor":30.0,"turns":3.0},{"damage":20.0,"enemies":"Sentry and Sphere","floor":31.0,"turns":4.0},{"damage":3.0,"enemies":"Collector","floor":33.0,"turns":6.0},{"damage":8.0,"enemies":"3 Shapes","floor":35.0,"turns":3.0},{"damage":18.0,"enemies":"3 Darklings","floor":38.0,"turns":3.0},{"damage":24.0,"enemies":"Writhing Mass","floor":41.0,"turns":5.0},{"damage":31.0,"enemies":"Reptomancer","floor":47.0,"turns":5.0},{"damage":3.0,"enemies":"Spire Growth","floor":48.0,"turns":4.0},{"damage":37,"enemies":"Donu and Deca","floor":50,"turns":6}],"seed_played":"-19896590722348206","potions_obtained":[{"floor":1.0,"key":"AttackPotion"},{"floor":13.0,"key":"Ancient Potion"},{"floor":16.0,"key":"Poison Potion"},{"floor":21.0,"key":"SpeedPotion"},{"floor":23.0,"key":"Block Potion"},{"floor":30.0,"key":"LiquidBronze"},{"floor":33.0,"key":"Explosive Potion"},{"floor":38.0,"key":"Swift Potion"},{"floor":41.0,"key":"Strength Potion"}],"is_trial":false,"path_per_floor":["M","?","T","$","M","E","R","M","T","M","?","$","E","M","R","B",null,"M","?","M","M","?","E","R","?","T","M","$","M","M","M","R","B",null,"M","?","$","M","?","R","M","R","T","$","R","?","E","M","R","B",null],"character_chosen":"THE_SILENT","items_purchased":["A Thousand Cuts","Acrobatics","Shuriken","Purity","Well Laid Plans"],"campfire_rested":1,"item_purchase_floors":[4,12,28,28,44],"current_hp_per_floor":[70,59,59,59,59,59,59,59,59,59,59,59,44,47,47,27,70,41,34,46,31,43,24,24,24,24,30,30,38,37,29,29,38,70,62,62,62,44,44,44,32,32,32,32,32,32,13,22,43,18],"gold":68,"neow_bonus":"THREE_ENEMY_KILL","is_prod":false,"is_daily":false,"chose_seed":false,"campfire_upgraded":7,"win_rate":0,"timestamp":1553283997,"path_taken":["M","?","?","$","M","E","R","M","T","?","?","$","E","M","R","BOSS","M","?","?","M","?","E","R","?","T","M","$","M","M","M","R","BOSS","M","?","$","?","?","R","?","R","T","?","R","?","E","M","R","BOSS"],"build_version":"2019-01-23","purchased_purges":2,"victory":true,"max_hp_per_floor":[70,70,70,70,70,70,70,70,70,70,70,70,70,70,70,70,70,70,70,70,70,70,70,70,70,70,70,70,70,70,70,70,70,70,70,70,70,70,70,70,70,70,70,70,70,70,70,70,70,70],"card_choices":[{"not_picked":["Footwork","Flying Knee"],"picked":"Backflip","floor":1.0},{"not_picked":["Blade Dance","Outmaneuver","Sucker Punch"],"picked":"SKIP","floor":5.0},{"not_picked":["Endless Agony","PiercingWail"],"picked":"Wraith Form v2","floor":6.0},{"not_picked":["Setup","Deflect"],"picked":"Endless Agony","floor":8.0},{"not_picked":["PiercingWail","Cloak And Dagger"],"picked":"Prepared","floor":10.0},{"not_picked":["PiercingWail","Bane"],"picked":"Dagger Throw","floor":13.0},{"not_picked":["Bane","Caltrops"],"picked":"Acrobatics","floor":14.0},{"not_picked":["Glass Knife","Storm of Steel"],"picked":"Envenom","floor":16.0},{"not_picked":["Sucker Punch","Slice","Backstab+1"],"picked":"SKIP","floor":18.0},{"not_picked":["Terror","Dodge and Roll","Poisoned Stab"],"picked":"SKIP","floor":20.0},{"not_picked":["Bouncing Flask","Accuracy"],"picked":"Underhanded Strike+1","floor":21.0},{"not_picked":["Venomology","Endless Agony"],"picked":"Backflip+1","floor":22.0},{"not_picked":["Dodge and Roll","Dagger Spray","Quick Slash"],"picked":"SKIP","floor":23.0},{"not_picked":["Acrobatics","Quick Slash","PiercingWail"],"picked":"SKIP","floor":27.0},{"not_picked":["Eviscerate","Dodge and Roll"],"picked":"Cloak And Dagger+1","floor":29.0},{"not_picked":["Quick Slash","Acrobatics"],"picked":"Reflex","floor":30.0},{"not_picked":["Setup","Cloak And Dagger","Bane"],"picked":"SKIP","floor":31.0},{"not_picked":["Blade Dance+1","Eviscerate"],"picked":"Noxious Fumes","floor":35.0},{"not_picked":["Acrobatics+1","Footwork","Dagger Spray+1"],"picked":"SKIP","floor":38.0},{"not_picked":["Choke+1","Quick Slash+1"],"picked":"Caltrops","floor":41.0},{"not_picked":["Accuracy","Noxious Fumes","Choke+1"],"picked":"SKIP","floor":47.0},{"not_picked":["Calculated Gamble","Distraction","Choke+1"],"picked":"SKIP","floor":48.0}],"player_experience":527545,"relics_obtained":[{"floor":3.0,"key":"Meat on the Bone"},{"floor":6.0,"key":"Oddly Smooth Stone"},{"floor":9.0,"key":"Bottled Tornado"},{"floor":13.0,"key":"Ornamental Fan"},{"floor":22.0,"key":"Red Mask"},{"floor":23.0,"key":"Pocketwatch"},{"floor":26.0,"key":"Du-Vu Doll"},{"floor":43.0,"key":"Paper Crane"},{"floor":47.0,"key":"Kunai"}],"event_choices":[{"damage_healed":0.0,"max_hp_gain":0.0,"max_hp_loss":0.0,"gold_gain":75.0,"event_name":"World of Goop","player_choice":"Gather Gold","floor":2.0,"gold_loss":0.0,"damage_taken":11.0},{"damage_healed":0.0,"max_hp_gain":0.0,"max_hp_loss":0.0,"gold_gain":175.0,"event_name":"Liars Game","player_choice":"AGREE","floor":11.0,"gold_loss":0.0,"damage_taken":0.0,"cards_obtained":["Doubt"]},{"damage_healed":0.0,"max_hp_gain":0.0,"max_hp_loss":0.0,"gold_gain":0.0,"event_name":"Knowing Skull","player_choice":"","floor":19.0,"potions_obtained":[],"gold_loss":0.0,"damage_taken":7.0,"cards_obtained":[]},{"damage_healed":0.0,"max_hp_gain":0.0,"max_hp_loss":0.0,"gold_gain":0.0,"event_name":"Masked Bandits","player_choice":"Fought Bandits","floor":22.0,"gold_loss":0.0,"damage_taken":0.0},{"damage_healed":0.0,"max_hp_gain":0.0,"max_hp_loss":0.0,"gold_gain":0.0,"event_name":"Addict","player_choice":"Obtained Relic","floor":25.0,"gold_loss":85.0,"damage_taken":0.0,"relics_obtained":["Bag of Marbles"]},{"cards_removed":["Purity"],"damage_healed":0.0,"max_hp_gain":0.0,"max_hp_loss":0.0,"gold_gain":0.0,"event_name":"WeMeetAgain","player_choice":"Gave Card","floor":36.0,"gold_loss":0.0,"damage_taken":0.0,"relics_obtained":["Bronze Scales"]},{"damage_healed":0.0,"max_hp_gain":0.0,"max_hp_loss":0.0,"gold_gain":0.0,"event_name":"Match and Keep!","player_choice":"4 cards matched","floor":39.0,"gold_loss":0.0,"damage_taken":0.0,"cards_obtained":["Writhe","Venomology","Jack Of All Trades","Neutralize"]},{"damage_healed":0.0,"max_hp_gain":0.0,"max_hp_loss":0.0,"gold_gain":0.0,"event_name":"Accursed Blacksmith","player_choice":"Rummage","floor":46.0,"gold_loss":0.0,"damage_taken":0.0,"relics_obtained":["WarpedTongs"],"cards_obtained":["Pain"]}],"is_beta":false,"boss_relics":[{"not_picked":["Eternal Feather","WristBlade"],"picked":"Pandora\u0027s Box"},{"not_picked":["Sozu","Velvet Choker"],"picked":"HoveringKite"}],"items_purged_floors":[28,37],"is_endless":false,"potions_floor_spawned":[1,13,16,21,23,30,33,38,41,47],"ascension_level":2}