{"gold_per_floor":[119,133,144,194,42,57,57,332,332,332,100,100,111,111,111,184,184,204,204,21,21,37,63,0,12],"floor_reached":25,"playtime":1275,"items_purged":["Regret","Strike_R"],"score":418,"play_id":"4f2dbb89-f9f0-401f-b130-6224a189744f","local_time":"20181023003916","is_ascension_mode":true,"campfire_choices":[{"data":"Demon Form","floor":7.0,"key":"SMITH"},{"data":"Bash","floor":10.0,"key":"SMITH"},{"data":"Whirlwind","floor":12.0,"key":"SMITH"},{"data":"True Grit","floor":15.0,"key":"SMITH"}],"neow_cost":"TEN_PERCENT_HP_LOSS","seed_source_timestamp":1042846587614755,"circlet_count":0,"master_deck":["Strike_R","Defend_R","Defend_R","Defend_R","Defend_R","Bash+1","AscendersBane","Hemokinesis","Whirlwind+1","Headbutt","Demon Form+1","True Grit+1","Pommel Strike","Feed","Heavy Blade","Shrug It Off","True Grit","Corruption+1","Armaments+1"],"special_seed":0,"relics":["Burning Blood","Bronze Scales","Tiny Chest","Velvet Choker","Mummified Hand","MawBank"],"potions_floor_usage":[],"damage_taken":[{"damage":0.0,"enemies":"2 Louse","floor":1.0,"turns":4.0},{"damage":6.0,"enemies":"Cultist","floor":2.0,"turns":3.0},{"damage":8.0,"enemies":"Jaw Worm","floor":3.0,"turns":3.0},{"damage":16.0,"enemies":"3 Louse","floor":6.0,"turns":4.0},{"damage":6.0,"enemies":"Red Slaver","floor":13.0,"turns":3.0},{"damage":44.0,"enemies":"Slime Boss","floor":16.0,"turns":7.0},{"damage":7.0,"enemies":"Chosen","floor":18.0,"turns":3.0},{"damage":27.0,"enemies":"Colosseum Slavers","floor":21.0,"turns":4.0},{"damage":26.0,"enemies":"Shell Parasite","floor":22.0,"turns":5.0},{"damage":18.0,"enemies":"Gremlin Leader","floor":23.0,"turns":5.0},{"damage":6,"enemies":"Chosen and Byrds","floor":25,"turns":3}],"seed_played":"2209128774912546893","potions_obtained":[{"floor":2.0,"key":"FearPotion"},{"floor":3.0,"key":"BloodPotion"},{"floor":18.0,"key":"Energy Potion"},{"floor":22.0,"key":"Strength Potion"}],"is_trial":false,"path_per_floor":["M","M","M","?","$","M","R","?","T","R","$","R","M","?","R","B",null,"M","?","$","?","M","E","?"],"character_chosen":"IRONCLAD","items_purchased":["Demon Form","True Grit","Tiny Chest","Shrug It Off","True Grit"],"campfire_rested":0,"item_purchase_floors":[5,11,11,20,20],"current_hp_per_floor":[68,68,66,60,60,50,50,50,50,50,50,50,50,50,50,12,54,53,53,53,32,21,9,9,3],"gold":12,"neow_bonus":"REMOVE_TWO","is_prod":false,"is_daily":false,"chose_seed":false,"campfire_upgraded":4,"win_rate":0,"timestamp":1540269556,"path_taken":["M","M","M","?","$","M","R","?","T","R","$","R","M","?","R","BOSS","M","?","$","?","M","E","?","M"],"build_version":"2018-10-19","purchased_purges":2,"victory":false,"max_hp_per_floor":[68,68,68,68,68,68,68,68,68,68,68,68,68,68,68,68,68,68,68,68,68,71,71,71,71],"card_choices":[{"not_picked":["Warcry","Reckless Charge"],"picked":"Hemokinesis","floor":1.0},{"not_picked":["Clash","Flex"],"picked":"Whirlwind","floor":2.0},{"not_picked":["Clash","Pommel Strike"],"picked":"Headbutt","floor":3.0},{"not_picked":["Warcry","Exhume"],"picked":"Iron Wave","floor":6.0},{"not_picked":["Headbutt","Clash"],"picked":"Pommel Strike","floor":13.0},{"not_picked":["Fiend Fire","Impervious"],"picked":"Feed","floor":16.0},{"not_picked":["Sentinel","Wild Strike"],"picked":"Heavy Blade","floor":18.0},{"not_picked":["Dual Wield+1","Wild Strike"],"picked":"Corruption+1","floor":22.0},{"not_picked":["Burning Pact","Anger"],"picked":"Armaments+1","floor":23.0}],"player_experience":714561,"relics_obtained":[{"floor":9.0,"key":"Bronze Scales"},{"floor":23.0,"key":"MawBank"}],"event_choices":[{"damage_healed":0.0,"max_hp_gain":0.0,"max_hp_loss":0.0,"gold_gain":50.0,"event_name":"FaceTrader","player_choice":"Touch","floor":4.0,"gold_loss":0.0,"damage_taken":6.0},{"damage_healed":0.0,"max_hp_gain":0.0,"max_hp_loss":0.0,"gold_gain":275.0,"event_name":"Golden Shrine","player_choice":"Desecrate","floor":8.0,"gold_loss":0.0,"damage_taken":0.0,"cards_obtained":["Regret"]},{"cards_removed":["Strike_R"],"damage_healed":0.0,"max_hp_gain":0.0,"max_hp_loss":0.0,"gold_gain":0.0,"event_name":"Bonfire Elementals","player_choice":"Offered Basic","floor":14.0,"gold_loss":0.0,"damage_taken":0.0},{"cards_removed":["Iron Wave"],"damage_healed":0.0,"max_hp_gain":0.0,"max_hp_loss":0.0,"gold_gain":0.0,"event_name":"WeMeetAgain","player_choice":"Gave Card","floor":19.0,"gold_loss":0.0,"damage_taken":0.0,"relics_obtained":["Mummified Hand"]},{"damage_healed":0.0,"max_hp_gain":0.0,"max_hp_loss":0.0,"gold_gain":0.0,"event_name":"Colosseum","player_choice":"Fight","floor":21.0,"gold_loss":0.0,"damage_taken":0.0},{"damage_healed":0.0,"max_hp_gain":0.0,"max_hp_loss":0.0,"gold_gain":0.0,"event_name":"Colosseum","player_choice":"Fled From Nobs","floor":21.0,"gold_loss":0.0,"damage_taken":0.0},{"damage_healed":0.0,"max_hp_gain":0.0,"max_hp_loss":0.0,"gold_gain":0.0,"event_name":"Masked Bandits","player_choice":"Paid Fearfully","floor":24.0,"gold_loss":75.0,"damage_taken":0.0}],"is_beta":true,"boss_relics":[{"not_picked":["Busted Crown","Fusion Hammer"],"picked":"Velvet Choker"}],"items_purged_floors":[11,20],"is_endless":false,"potions_floor_spawned":[2,3,18,22],"killed_by":"Chosen and Byrds","ascension_level":20}