{"gold_per_floor":[119,119,94,94,1,1,33,33,78,91,108,33,58,77,77,149,149,168,188,188,199,210,210,221,221,221,231,231,231,231,264,264,336,336,350,350,15,115,134,134,150,150,203,223,223,240,256,66,66,66,66],"floor_reached":51,"playtime":2067,"items_purged":["Normality"],"score":1303,"play_id":"0cb89999-fd1c-473f-8a3e-be25c8d97e21","local_time":"20190315180203","is_ascension_mode":true,"campfire_choices":[{"data":"Uppercut","floor":6.0,"key":"SMITH"},{"floor":8.0,"key":"REST"},{"floor":15.0,"key":"REST"},{"floor":23.0,"key":"REST"},{"data":"Limit Break","floor":25.0,"key":"SMITH"},{"data":"Flame Barrier","floor":28.0,"key":"SMITH"},{"data":"Fiend Fire","floor":30.0,"key":"SMITH"},{"floor":32.0,"key":"REST"},{"data":"Spot Weakness","floor":40.0,"key":"SMITH"},{"data":"Heavy Blade","floor":45.0,"key":"SMITH"},{"floor":49.0,"key":"REST"}],"neow_cost":"CURSE","seed_source_timestamp":233956829828300,"circlet_count":0,"master_deck":["AscendersBane","Strike_R","Strike_R","Defend_R","Defend_R","Defend_R","Defend_R","Bash","Twin Strike","Cleave","Iron Wave","Shrug It Off","Uppercut+1","Burning Pact","Pommel Strike+1","Spot Weakness+1","Shrug It Off","Thunderclap","Fiend Fire+1","Pommel Strike+1","Seeing Red","Intimidate","Limit Break+1","Shockwave","Flame Barrier+1","Ghostly Armor","Offering","Pummel+1","Sword Boomerang+1","Heavy Blade+1","Feel No Pain","Dropkick"],"special_seed":0,"relics":["Burning Blood","Turnip","Bag of Preparation","Bronze Scales","Vajra","Cursed Key","Paper Frog","Meat on the Bone","Boot","White Beast Statue","Spirit Poop","Oddly Smooth Stone","Whetstone","Thread and Needle","Anchor"],"potions_floor_usage":[51],"damage_taken":[{"damage":9.0,"enemies":"Cultist","floor":1.0,"turns":4.0},{"damage":27.0,"enemies":"3 Sentries","floor":7.0,"turns":6.0},{"damage":26.0,"enemies":"Jaw Worm","floor":10.0,"turns":3.0},{"damage":0.0,"enemies":"Small Slimes","floor":11.0,"turns":2.0},{"damage":14.0,"enemies":"Gremlin Nob","floor":13.0,"turns":4.0},{"damage":29.0,"enemies":"Gremlin Gang","floor":14.0,"turns":3.0},{"damage":43.0,"enemies":"Slime Boss","floor":16.0,"turns":11.0},{"damage":19.0,"enemies":"2 Thieves","floor":18.0,"turns":3.0},{"damage":16.0,"enemies":"Shell Parasite","floor":19.0,"turns":4.0},{"damage":13.0,"enemies":"Snecko","floor":21.0,"turns":3.0},{"damage":12.0,"enemies":"Sentry and Sphere","floor":22.0,"turns":5.0},{"damage":0.0,"enemies":"Centurion and Healer","floor":24.0,"turns":4.0},{"damage":10.0,"enemies":"Snecko","floor":27.0,"turns":3.0},{"damage":48.0,"enemies":"Gremlin Leader","floor":31.0,"turns":4.0},{"damage":31.0,"enemies":"Champ","floor":33.0,"turns":8.0},{"damage":24.0,"enemies":"3 Shapes","floor":35.0,"turns":5.0},{"damage":0.0,"enemies":"Mind Bloom Boss Battle","floor":38.0,"turns":4.0},{"damage":6.0,"enemies":"Orb Walker","floor":39.0,"turns":2.0},{"damage":0.0,"enemies":"Transient","floor":41.0,"turns":6.0},{"damage":6.0,"enemies":"Maw","floor":44.0,"turns":4.0},{"damage":31.0,"enemies":"Sphere and 2 Shapes","floor":46.0,"turns":6.0},{"damage":19.0,"enemies":"Writhing Mass","floor":47.0,"turns":2.0},{"damage":40.0,"enemies":"Time Eater","floor":50.0,"turns":8.0},{"damage":57,"enemies":"Donu and Deca","floor":51,"turns":5}],"seed_played":"-1313708676280536357","potions_obtained":[{"floor":10.0,"key":"Regen Potion"},{"floor":11.0,"key":"Ancient Potion"},{"floor":16.0,"key":"Block Potion"},{"floor":24.0,"key":"Fire Potion"},{"floor":35.0,"key":"PowerPotion"}],"is_trial":false,"path_per_floor":["M","?","$","T","$","R","E","R","T","M","M","?","E","M","R","B",null,"M","M","?","M","M","R","M","R","T","M","R","$","R","E","R","B",null,"M","?","$","?","M","R","M","?","T","M","R","M","M","$","R","B","B"],"character_chosen":"IRONCLAD","items_purchased":["Iron Wave","Shrug It Off","Uppercut","Oddly Smooth Stone","Whetstone","Feel No Pain","Dropkick"],"campfire_rested":5,"item_purchase_floors":[3,5,5,37,37,48,48],"current_hp_per_floor":[65,65,65,65,65,65,44,66,66,46,52,52,44,21,43,21,62,49,39,39,32,26,48,54,54,54,50,50,50,50,20,42,29,64,46,46,46,52,52,52,58,75,75,75,75,50,49,49,71,49,0],"gold":66,"neow_bonus":"TRANSFORM_TWO_CARDS","is_prod":false,"is_daily":false,"chose_seed":false,"campfire_upgraded":6,"win_rate":0,"timestamp":1552687323,"path_taken":["M","?","?","?","$","R","E","R","T","M","M","?","E","M","R","BOSS","M","M","?","?","?","R","M","R","T","M","R","$","R","E","R","BOSS","M","?","?","?","?","R","M","?","T","?","R","M","M","$","R","BOSS","BOSS"],"build_version":"2019-02-06","purchased_purges":1,"victory":false,"max_hp_per_floor":[75,75,75,75,75,75,75,75,75,75,75,75,75,75,75,75,75,75,75,75,75,75,75,75,75,75,75,75,75,75,75,75,75,75,75,75,75,75,75,75,75,75,75,75,75,75,75,75,75,75,75],"card_choices":[{"not_picked":["Pommel Strike","Entrench"],"picked":"Cleave","floor":1.0},{"not_picked":["Anger","Heavy Blade"],"picked":"Burning Pact","floor":7.0},{"not_picked":["Sever Soul","Second Wind"],"picked":"Pommel Strike","floor":10.0},{"not_picked":["Clothesline","Anger"],"picked":"Spot Weakness","floor":11.0},{"not_picked":["Cleave","Entrench"],"picked":"Shrug It Off","floor":13.0},{"not_picked":["Inflame","Spot Weakness"],"picked":"Thunderclap","floor":14.0},{"not_picked":["Brutality","Impervious"],"picked":"Fiend Fire","floor":16.0},{"not_picked":["Warcry","Shockwave"],"picked":"Pommel Strike+1","floor":18.0},{"not_picked":["Heavy Blade+1","Evolve"],"picked":"Seeing Red","floor":19.0},{"not_picked":["Bloodletting","Rupture"],"picked":"Intimidate","floor":21.0},{"not_picked":["Warcry","Entrench"],"picked":"Limit Break","floor":22.0},{"not_picked":["Body Slam","Warcry"],"picked":"Shockwave","floor":24.0},{"not_picked":["Fire Breathing","Armaments+1"],"picked":"Flame Barrier","floor":27.0},{"not_picked":["Reckless Charge","Power Through"],"picked":"Ghostly Armor","floor":31.0},{"not_picked":["Feed","Exhume"],"picked":"Offering","floor":33.0},{"not_picked":["Thunderclap","Headbutt"],"picked":"Pummel","floor":35.0},{"not_picked":["Twin Strike","Combust+1"],"picked":"Sword Boomerang+1","floor":38.0},{"not_picked":["Whirlwind","Hemokinesis"],"picked":"Heavy Blade","floor":39.0},{"not_picked":["Second Wind","Perfected Strike","Seeing Red"],"picked":"SKIP","floor":41.0},{"not_picked":["Seeing Red","True Grit","Headbutt"],"picked":"SKIP","floor":44.0},{"not_picked":["Iron Wave","Sword Boomerang+1","Entrench"],"picked":"SKIP","floor":46.0},{"not_picked":["Rupture","Pommel Strike","Clothesline+1"],"picked":"SKIP","floor":47.0}],"player_experience":664681,"relics_obtained":[{"floor":4.0,"key":"Turnip"},{"floor":7.0,"key":"Bag of Preparation"},{"floor":9.0,"key":"Bronze Scales"},{"floor":13.0,"key":"Vajra"},{"floor":26.0,"key":"Meat on the Bone"},{"floor":31.0,"key":"Boot"},{"floor":38.0,"key":"Thread and Needle"},{"floor":43.0,"key":"Anchor"}],"event_choices":[{"cards_removed":["Shame"],"damage_healed":0.0,"max_hp_gain":0.0,"max_hp_loss":0.0,"gold_gain":0.0,"event_name":"Fountain of Cleansing","player_choice":"Removed Curses","floor":2.0,"gold_loss":0.0,"damage_taken":0.0},{"cards_removed":["Strike_R"],"damage_healed":0.0,"max_hp_gain":0.0,"max_hp_loss":0.0,"gold_gain":0.0,"event_name":"The Cleric","player_choice":"Card Removal","floor":12.0,"gold_loss":75.0,"damage_taken":0.0},{"cards_removed":["Fire Breathing"],"damage_healed":0.0,"max_hp_gain":0.0,"max_hp_loss":0.0,"gold_gain":0.0,"event_name":"WeMeetAgain","player_choice":"Gave Card","floor":20.0,"gold_loss":0.0,"damage_taken":0.0,"relics_obtained":["Paper Frog"]},{"cards_removed":["Injury"],"damage_healed":0.0,"max_hp_gain":0.0,"max_hp_loss":0.0,"gold_gain":0.0,"event_name":"Bonfire Elementals","player_choice":"Offered Curse","floor":36.0,"gold_loss":0.0,"damage_taken":0.0,"relics_obtained":["Spirit Poop"]},{"damage_healed":0.0,"max_hp_gain":0.0,"max_hp_loss":0.0,"gold_gain":0.0,"event_name":"MindBloom","player_choice":"Fight","floor":38.0,"gold_loss":0.0,"damage_taken":0.0},{"damage_healed":17.0,"max_hp_gain":0.0,"max_hp_loss":0.0,"gold_gain":0.0,"event_name":"Wheel of Change","player_choice":"Full Heal","floor":42.0,"gold_loss":0.0,"damage_taken":0.0}],"is_beta":true,"boss_relics":[{"not_picked":["Lizard Tail","Ectoplasm"],"picked":"Cursed Key"},{"not_picked":["Sozu","Fusion Hammer"],"picked":"White Beast Statue"}],"items_purged_floors":[48],"is_endless":false,"potions_floor_spawned":[10,11,16,21,22,24,33,35,38,39,41,44,46,47],"killed_by":"Donu and Deca","ascension_level":20}