{"gold_per_floor":[142,217,233,305,318,353,367,367,367,367,385,416,430,430],"floor_reached":14,"playtime":723,"items_purged":[],"score":107,"play_id":"6768b100-3ec9-4c83-a126-084dd2911df2","local_time":"20190301183859","is_ascension_mode":true,"campfire_choices":[{"floor":8,"key":"REST"},{"floor":10,"key":"REST"}],"neow_cost":"NONE","seed_source_timestamp":196436689484700,"circlet_count":0,"master_deck":["Strike_B","Strike_B","Strike_B","Strike_B","Defend_B","Defend_B","Defend_B","Defend_B","Zap","Dualcast","Stack","Doom and Gloom","Static Discharge","Recycle","Leap","Gash","Core Surge","Sweeping Beam"],"relics":["Cracked Core","Tiny Chest","Pear","The Courier"],"potions_floor_usage":[],"damage_taken":[{"damage":1,"enemies":"Jaw Worm","floor":1,"turns":4},{"damage":0,"enemies":"Small Slimes","floor":3,"turns":3},{"damage":0,"enemies":"2 Louse","floor":5,"turns":2},{"damage":27,"enemies":"Gremlin Nob","floor":6,"turns":5},{"damage":38,"enemies":"Exordium Thugs","floor":7,"turns":4},{"damage":9,"enemies":"Blue Slaver","floor":11,"turns":4},{"damage":27,"enemies":"3 Sentries","floor":12,"turns":7},{"damage":10,"enemies":"Lots of Slimes","floor":13,"turns":4},{"damage":12,"enemies":"Large Slime","floor":14,"turns":3}],"seed_played":"-6037258979631359631","potions_obtained":[{"floor":3,"key":"Ancient Potion"},{"floor":13,"key":"Explosive Potion"}],"is_trial":false,"path_per_floor":["M","?","M","?","M","E","M","R","T","R","M","E","M","M"],"character_chosen":"DEFECT","items_purchased":[],"campfire_rested":2,"item_purchase_floors":[],"current_hp_per_floor":[74,63,63,63,63,46,8,33,33,58,49,22,12,0],"gold":430,"neow_bonus":"RANDOM_COMMON_RELIC","is_prod":false,"is_daily":false,"chose_seed":false,"campfire_upgraded":0,"win_rate":0,"timestamp":1551461939,"path_taken":["M","?","M","?","M","E","M","R","T","R","M","E","M","M"],"build_version":"2019-01-23","purchased_purges":0,"victory":false,"max_hp_per_floor":[75,75,75,75,75,85,85,85,85,85,85,85,85,85],"card_choices":[{"not_picked":["Leap","Beam Cell"],"picked":"Stack","floor":1},{"not_picked":["Compile Driver","Redo"],"picked":"Doom and Gloom","floor":3},{"not_picked":["Rebound","Conserve Battery"],"picked":"Static Discharge","floor":5},{"not_picked":["Steam Power","Stack"],"picked":"Recycle","floor":6},{"not_picked":["Coolheaded","Double Energy"],"picked":"Leap","floor":7},{"not_picked":["Scrape","Turbo"],"picked":"Gash","floor":11},{"not_picked":["Aggregate","Hologram"],"picked":"Core Surge","floor":12},{"not_picked":["Steam","Stack"],"picked":"Sweeping Beam","floor":13}],"player_experience":509971,"relics_obtained":[{"floor":6,"key":"Pear"},{"floor":12,"key":"The Courier"}],"event_choices":[{"damage_healed":0,"gold_gain":75,"player_choice":"Gather Gold","damage_taken":11,"max_hp_gain":0,"max_hp_loss":0,"event_name":"World of Goop","floor":2,"gold_loss":0},{"damage_healed":0,"gold_gain":72,"player_choice":"Gained Gold","damage_taken":0,"max_hp_gain":0,"max_hp_loss":0,"event_name":"Golden Wing","floor":4,"gold_loss":0}],"is_beta":false,"boss_relics":[],"items_purged_floors":[],"is_endless":false,"potions_floor_spawned":[3,13],"killed_by":"Large Slime","ascension_level":1}