{"gold_per_floor":[109,109,184,202,19,52,64,64,64,64,89,89,101,135,135,208,208,219,0,0,19,19,47,47,47,47,47,66,66,86,86,86,163,163,179,197,156,176,156,156,176,176],"floor_reached":42,"playtime":1754,"items_purged":["Strike_R"],"score":868,"play_id":"a69cde5a-eecd-4550-a9fa-58938be22a05","local_time":"20190126201916","is_ascension_mode":true,"campfire_choices":[{"data":"Immolate","floor":8.0,"key":"SMITH"},{"data":"Bash","floor":10.0,"key":"SMITH"},{"floor":12.0,"key":"REST"},{"data":"Disarm","floor":15.0,"key":"SMITH"},{"data":"Flame Barrier","floor":25.0,"key":"SMITH"},{"data":"Shockwave","floor":27.0,"key":"SMITH"},{"data":"Seeing Red","floor":29.0,"key":"SMITH"},{"floor":32.0,"key":"REST"},{"data":"True Grit","floor":40,"key":"SMITH"}],"neow_cost":"NONE","seed_source_timestamp":1384683609150,"circlet_count":0,"master_deck":["AscendersBane","Bash+1","Immolate+1","Flame Barrier+1","Anger+1","True Grit+1","Disarm+1","Power Through","Immolate","Bludgeon","Limit Break","Shrug It Off","Uppercut","Seeing Red+1","Metallicize","Pummel","Shockwave+1","Juggernaut","Disarm","Rupture"],"special_seed":0,"relics":["Burning Blood","Dodecahedron","Bottled Lightning","Art of War","Whetstone","Singing Bowl","Pandora\u0027s Box","Happy Flower","Potion Belt","Pantograph","Runic Pyramid"],"potions_floor_usage":[33,33,33,33,33,41,42],"damage_taken":[{"damage":1.0,"enemies":"Cultist","floor":1.0,"turns":3.0},{"damage":10.0,"enemies":"Small Slimes","floor":4.0,"turns":4.0},{"damage":6.0,"enemies":"3 Sentries","floor":6.0,"turns":5.0},{"damage":0.0,"enemies":"Jaw Worm","floor":7.0,"turns":3.0},{"damage":37.0,"enemies":"Lagavulin","floor":11.0,"turns":6.0},{"damage":8.0,"enemies":"Gremlin Gang","floor":13.0,"turns":2.0},{"damage":15.0,"enemies":"3 Sentries","floor":14.0,"turns":5.0},{"damage":37.0,"enemies":"The Guardian","floor":16.0,"turns":10.0},{"damage":10.0,"enemies":"2 Thieves","floor":18.0,"turns":2.0},{"damage":12.0,"enemies":"Chosen","floor":21.0,"turns":6.0},{"damage":30.0,"enemies":"Slavers","floor":23.0,"turns":4.0},{"damage":9.0,"enemies":"Snake Plant","floor":28.0,"turns":4.0},{"damage":4.0,"enemies":"Shelled Parasite and Fungi","floor":30.0,"turns":6.0},{"damage":88,"enemies":"Automaton","floor":33,"turns":11},{"damage":9,"enemies":"3 Shapes","floor":35,"turns":4},{"damage":1,"enemies":"Orb Walker","floor":36,"turns":3},{"damage":22,"enemies":"4 Shapes","floor":38,"turns":4},{"damage":29,"enemies":"Spire Growth","floor":41,"turns":5},{"damage":45,"enemies":"Transient","floor":42,"turns":5}],"seed_played":"2308301875376195511","potions_obtained":[{"floor":1.0,"key":"Explosive Potion"},{"floor":7.0,"key":"PowerPotion"},{"floor":28.0,"key":"EntropicBrew"},{"floor":33,"key":"SteroidPotion"},{"floor":35,"key":"SpeedPotion"},{"floor":38,"key":"Fire Potion"},{"floor":39,"key":"EssenceOfSteel"}],"is_trial":false,"path_per_floor":["M","T","?","M","$","E","M","R","T","R","E","R","M","E","R","B",null,"M","$","?","M","?","E","$","R","T","R","M","R","M","?","R","B",null,"M","M","$","M","?","R","M","M"],"character_chosen":"IRONCLAD","items_purchased":["Anger","True Grit","Happy Flower","Swift Potion","Rupture"],"campfire_rested":2,"item_purchase_floors":[5,5,19,19,37],"current_hp_per_floor":[73,73,62,58,58,58,64,64,64,64,33,55,53,46,46,15,62,60,60,60,56,56,34,34,34,34,34,33,33,37,37,63,10,68,67,72,72,58,58,58,37,0],"gold":176,"neow_bonus":"ONE_RANDOM_RARE_CARD","is_prod":false,"is_daily":false,"chose_seed":false,"campfire_upgraded":7,"win_rate":0,"timestamp":1548551956,"path_taken":["M","?","?","?","$","E","?","R","T","R","E","R","M","E","R","BOSS","M","$","?","?","?","E","$","R","T","R","M","R","M","?","R","BOSS","M","M","$","M","?","R","?","M"],"build_version":"2019-01-23","purchased_purges":1,"victory":false,"max_hp_per_floor":[75,75,75,75,75,75,75,75,75,75,75,75,75,77,77,77,77,79,79,79,81,81,83,83,83,83,83,85,85,87,87,87,87,87,89,89,89,91,91,91,93,93],"card_choices":[{"not_picked":["Fire Breathing","Body Slam","Iron Wave"],"picked":"SKIP","floor":1.0},{"not_picked":["Iron Wave","Sentinel"],"picked":"Flame Barrier","floor":4.0},{"not_picked":["Cleave","Body Slam","Perfected Strike"],"picked":"SKIP","floor":6.0},{"not_picked":["Shrug It Off","Clothesline"],"picked":"Disarm","floor":7.0},{"not_picked":["Sword Boomerang","Heavy Blade"],"picked":"Power Through","floor":11.0},{"not_picked":["True Grit","Seeing Red","Flex"],"picked":"SKIP","floor":13.0},{"not_picked":["Warcry","Havoc","Infernal Blade"],"picked":"Singing Bowl","floor":14.0},{"not_picked":["Berserk","Juggernaut"],"picked":"Immolate","floor":16.0},{"not_picked":["Uppercut","Flex","Combust"],"picked":"Singing Bowl","floor":18.0},{"not_picked":["Evolve","Searing Blow","Metallicize"],"picked":"Singing Bowl","floor":21.0},{"not_picked":["Anger","Ghostly Armor","Wild Strike"],"picked":"Singing Bowl","floor":23.0},{"not_picked":["Intimidate","Clash","Dual Wield"],"picked":"Singing Bowl","floor":28.0},{"not_picked":["Cleave","Headbutt","Warcry"],"picked":"Singing Bowl","floor":30.0},{"not_picked":["Fiend Fire","Feed"],"picked":"Juggernaut","floor":33},{"not_picked":["True Grit","Dual Wield","Power Through+1"],"picked":"Singing Bowl","floor":35},{"not_picked":["Twin Strike","Flex"],"picked":"Disarm","floor":36},{"not_picked":["Perfected Strike","Thunderclap","Blood for Blood"],"picked":"Singing Bowl","floor":38},{"not_picked":["Wild Strike","Hemokinesis","Heavy Blade+1"],"picked":"Singing Bowl","floor":41}],"player_experience":842931,"relics_obtained":[{"floor":2.0,"key":"Dodecahedron"},{"floor":6.0,"key":"Bottled Lightning"},{"floor":9.0,"key":"Art of War"},{"floor":11.0,"key":"Whetstone"},{"floor":14.0,"key":"Singing Bowl"},{"floor":23.0,"key":"Potion Belt"},{"floor":26.0,"key":"Pantograph"}],"event_choices":[{"damage_healed":0.0,"max_hp_gain":0.0,"max_hp_loss":0.0,"gold_gain":75.0,"event_name":"World of Goop","player_choice":"Gather Gold","floor":3.0,"gold_loss":0.0,"damage_taken":11.0},{"damage_healed":0.0,"max_hp_gain":0.0,"max_hp_loss":0.0,"gold_gain":0.0,"cards_transformed":["Searing Blow"],"event_name":"Transmorgrifier","player_choice":"Transformed","floor":20.0,"gold_loss":0.0,"damage_taken":0.0,"cards_obtained":["Shockwave"]},{"damage_healed":0.0,"max_hp_gain":0.0,"max_hp_loss":0.0,"gold_gain":0.0,"event_name":"Vampires","player_choice":"Ignored","floor":22.0,"gold_loss":0.0,"damage_taken":0.0},{"damage_healed":0.0,"max_hp_gain":0.0,"max_hp_loss":0.0,"gold_gain":0.0,"event_name":"The Mausoleum","player_choice":"Ignored","floor":31.0,"gold_loss":0.0,"damage_taken":0.0},{"damage_healed":0,"gold_gain":0,"player_choice":"Bought 1 Potion","damage_taken":0,"max_hp_gain":0,"max_hp_loss":0,"event_name":"The Woman in Blue","floor":39,"gold_loss":0}],"is_beta":true,"boss_relics":[{"not_picked":["Black Star","Lizard Tail"],"picked":"Pandora\u0027s Box"},{"not_picked":["Calling Bell","Fusion Hammer"],"picked":"Runic Pyramid"}],"items_purged_floors":[5],"is_endless":false,"potions_floor_spawned":[1,7,28,33,35,38],"killed_by":"Transient","ascension_level":20}