{"gold_per_floor":[116,132,148,159,179,208,208,208,208,208,208,218,245,271,283,295],"floor_reached":16,"playtime":458,"items_purged":[],"score":208,"play_id":"711927a0-b1d1-4a38-8ea7-ebfef6dd13c8","local_time":"20190203025317","is_ascension_mode":true,"campfire_choices":[{"floor":7,"key":"REST"},{"data":"Neutralize","floor":10,"key":"SMITH"},{"data":"Slice","floor":15,"key":"SMITH"}],"neow_cost":"NONE","seed_source_timestamp":288153398918800,"circlet_count":0,"master_deck":["AscendersBane","Defend_G","Defend_G","Defend_G","Defend_G","Defend_G","Strike_G","Strike_G","Strike_G","Strike_G","Survivor","Neutralize+1","Slice+1","Quick Slash","Dagger Throw","Slice","Blur","Well Laid Plans","Blur","Bouncing Flask","Bullet Time"],"relics":["Ring of the Snake","Ancient Tea Set","Centennial Puzzle","Pocketwatch","MawBank"],"potions_floor_usage":[6],"damage_taken":[{"damage":0,"enemies":"Jaw Worm","floor":1,"turns":5},{"damage":1,"enemies":"2 Louse","floor":2,"turns":2},{"damage":1,"enemies":"Cultist","floor":3,"turns":3},{"damage":10,"enemies":"Exordium Thugs","floor":4,"turns":5},{"damage":7,"enemies":"3 Louse","floor":5,"turns":4},{"damage":32,"enemies":"Gremlin Nob","floor":6,"turns":4},{"damage":0,"enemies":"Lots of Slimes","floor":12,"turns":6},{"damage":0,"enemies":"2 Fungi Beasts","floor":14,"turns":3},{"damage":37,"enemies":"Slime Boss","floor":16,"turns":9}],"seed_played":"-7017432732613087048","potions_obtained":[{"floor":2,"key":"GamblersBrew"},{"floor":3,"key":"Swift Potion"},{"floor":12,"key":"GamblersBrew"}],"is_trial":false,"path_per_floor":["M","M","M","M","M","E","R","?","T","R","?","M","T","M","R","B"],"character_chosen":"THE_SILENT","items_purchased":[],"campfire_rested":1,"item_purchase_floors":[],"current_hp_per_floor":[59,58,57,47,40,8,27,27,27,27,27,27,27,27,27,0],"gold":295,"neow_bonus":"RANDOM_COMMON_RELIC","is_prod":false,"is_daily":false,"chose_seed":false,"campfire_upgraded":2,"win_rate":0,"timestamp":1549129997,"path_taken":["M","M","M","M","M","E","R","?","T","R","?","?","?","M","R","BOSS"],"build_version":"2019-01-23","purchased_purges":0,"victory":false,"max_hp_per_floor":[66,66,66,66,66,66,66,66,66,66,66,66,66,66,66,66],"card_choices":[{"not_picked":["Blade Dance","Acrobatics"],"picked":"Slice","floor":1},{"not_picked":["Well Laid Plans","Footwork"],"picked":"Quick Slash","floor":2},{"not_picked":["Deadly Poison","Acrobatics"],"picked":"Dagger Throw","floor":3},{"not_picked":["PiercingWail","Catalyst"],"picked":"Slice","floor":4},{"not_picked":["Setup","Bane"],"picked":"Blur","floor":5},{"not_picked":["Deadly Poison","Reflex"],"picked":"Well Laid Plans","floor":6},{"not_picked":["Outmaneuver","Choke"],"picked":"Bouncing Flask","floor":12},{"not_picked":["Dagger Throw","Flying Knee"],"picked":"Bullet Time","floor":14}],"player_experience":4199025,"relics_obtained":[{"floor":6,"key":"Centennial Puzzle"},{"floor":9,"key":"Pocketwatch"},{"floor":13,"key":"MawBank"}],"event_choices":[{"damage_healed":0,"gold_gain":0,"player_choice":"Ignored","damage_taken":0,"max_hp_gain":0,"max_hp_loss":0,"event_name":"Liars Game","floor":8,"gold_loss":0},{"damage_healed":0,"gold_gain":0,"cards_transformed":["Strike_G"],"player_choice":"Transformed","damage_taken":0,"max_hp_gain":0,"max_hp_loss":0,"event_name":"Transmorgrifier","floor":11,"gold_loss":0,"cards_obtained":["Blur"]}],"is_beta":false,"boss_relics":[],"items_purged_floors":[],"is_endless":false,"potions_floor_spawned":[2,3,12],"killed_by":"Slime Boss","ascension_level":20}