{"gold_per_floor":[109,109,184,197,173,201,211,211,211,211,63,25,25,58,58,189,189,202,327,252,273,125,191,211,126,126,96,96,143,143,156,156,286,286,300,210,210,210,210,253,153,153,153,197,12,36,36,55,55,55],"floor_reached":51,"playtime":3373,"items_purged":["Strike_G","Survivor"],"score":896,"play_id":"2c712f62-a2b0-4391-bf2f-7e65389cd4c5","local_time":"20190324023944","is_ascension_mode":true,"campfire_choices":[{"floor":13.0,"key":"REST"},{"data":"Storm of Steel","floor":15.0,"key":"SMITH"},{"data":"Tactician","floor":30.0,"key":"SMITH"},{"floor":32.0,"key":"REST"},{"floor":42.0,"key":"REST"},{"floor":49.0,"key":"REST"}],"neow_cost":"NONE","seed_source_timestamp":0,"circlet_count":0,"master_deck":["Defend_G+1","Defend_G+1","Defend_G","Neutralize","Doppelganger+1","Quick Slash+1","Sucker Punch+1","Caltrops","Backflip","Storm of Steel+1","Acrobatics+1","Well Laid Plans+1","Accuracy+1","Tactician","Burst","Blade Dance+1","Tactician+1","Underhanded Strike+1","Unload+1","A Thousand Cuts+1","Flechettes+1","Dagger Throw+1","A Thousand Cuts+1","Madness","Madness+1","Escape Plan+1","Cloak And Dagger+1","Clumsy","Apotheosis","Envenom+1","Reflex+1","Backflip+1","Concentrate+1"],"special_seed":0,"relics":["Astrolabe","Frozen Egg 2","Golden Idol","Art of War","Meat on the Bone","Pantograph","Cursed Key","Prayer Wheel","Molten Egg 2","Juzu Bracelet","Tiny Chest","Omamori","Bronze Scales","Dream Catcher","Philosopher\u0027s Stone","Shuriken","Question Card","Bottled Flame"],"potions_floor_usage":[],"damage_taken":[{"damage":0.0,"enemies":"Small Slimes","floor":1.0,"turns":3.0},{"damage":0.0,"enemies":"Jaw Worm","floor":4.0,"turns":5.0},{"damage":27.0,"enemies":"Gremlin Nob","floor":6.0,"turns":5.0},{"damage":1.0,"enemies":"2 Louse","floor":7.0,"turns":2.0},{"damage":13.0,"enemies":"3 Sentries","floor":14.0,"turns":5.0},{"damage":2.0,"enemies":"The Guardian","floor":16.0,"turns":8.0},{"damage":13.0,"enemies":"Spheric Guardian","floor":18.0,"turns":4.0},{"damage":13.0,"enemies":"Colosseum Slavers","floor":19.0,"turns":4.0},{"damage":16.0,"enemies":"Colosseum Nobs","floor":19.0,"turns":3.0},{"damage":6.0,"enemies":"Shell Parasite","floor":21.0,"turns":4.0},{"damage":23.0,"enemies":"Book of Stabbing","floor":23.0,"turns":4.0},{"damage":7.0,"enemies":"Snake Plant","floor":24.0,"turns":4.0},{"damage":13.0,"enemies":"Centurion and Healer","floor":31.0,"turns":4.0},{"damage":41.0,"enemies":"Collector","floor":33.0,"turns":7.0},{"damage":22.0,"enemies":"3 Darklings","floor":35.0,"turns":2.0},{"damage":14.0,"enemies":"Giant Head","floor":40.0,"turns":7.0},{"damage":31.0,"enemies":"Nemesis","floor":44.0,"turns":3.0},{"damage":0.0,"enemies":"3 Shapes","floor":46.0,"turns":6.0},{"damage":0.0,"enemies":"Spire Growth","floor":47.0,"turns":1.0},{"damage":7.0,"enemies":"Transient","floor":48.0,"turns":5.0},{"damage":46,"enemies":"Time Eater","floor":50,"turns":9}],"seed_played":"5307879244195312653","potions_obtained":[{"floor":4.0,"key":"Regen Potion"},{"floor":7.0,"key":"Dexterity Potion"},{"floor":14.0,"key":"PowerPotion"},{"floor":16.0,"key":"EssenceOfSteel"},{"floor":18.0,"key":"SkillPotion"},{"floor":21.0,"key":"Energy Potion"},{"floor":24.0,"key":"PowerPotion"},{"floor":27.0,"key":"PowerPotion"},{"floor":27.0,"key":"SmokeBomb"},{"floor":40.0,"key":"FearPotion"},{"floor":44.0,"key":"Block Potion"}],"is_trial":false,"path_per_floor":["M","?","?","M","$","E","M","?","T","T","$","$","R","E","R","B",null,"M","?","?","M","$","E","M","?","T","?","?","T","R","M","R","B",null,"M","?","?","?","?","E","$","R","T","E","$","M","M","M","R","B",null],"character_chosen":"THE_SILENT","items_purchased":["Poisoned Stab","Well Laid Plans+1","Accuracy+1","Juzu Bracelet","Apotheosis"],"campfire_rested":4,"item_purchase_floors":[5,11,12,22,45],"current_hp_per_floor":[70,56,45,45,45,18,17,17,17,17,17,17,36,37,37,60,64,51,34,34,40,40,29,34,34,34,34,34,34,34,33,52,36,58,36,36,28,28,28,26,26,45,45,26,26,38,38,43,62,31],"gold":55,"neow_bonus":"BOSS_RELIC","is_prod":false,"is_daily":false,"chose_seed":false,"campfire_upgraded":2,"win_rate":0,"timestamp":1553362784,"path_taken":["M","?","?","M","$","E","M","?","T","?","?","$","R","E","R","BOSS","M","?","?","M","$","E","M","?","T","?","?","?","R","M","R","BOSS","BOSS","M","?","?","?","?","E","$","R","T","E","?","M","M","M","R","BOSS"],"build_version":"2019-01-23","purchased_purges":2,"victory":true,"max_hp_per_floor":[70,70,70,70,70,70,70,65,65,65,65,65,65,65,65,65,65,65,65,65,65,65,65,65,65,65,65,65,65,65,65,65,65,65,65,65,65,65,65,65,65,65,65,65,65,65,65,65,65,65],"card_choices":[{"not_picked":["Quick Slash","Bane"],"picked":"Caltrops","floor":1.0},{"not_picked":["Poisoned Stab","Quick Slash"],"picked":"Backflip","floor":4.0},{"not_picked":["Concentrate","Leg Sweep"],"picked":"Storm of Steel","floor":6.0},{"not_picked":["PiercingWail","Outmaneuver"],"picked":"Acrobatics","floor":7.0},{"not_picked":["Acrobatics","Underhanded Strike"],"picked":"Tactician","floor":14.0},{"not_picked":["Grand Finale","Bullet Time"],"picked":"Burst","floor":16.0},{"not_picked":["Poisoned Stab","Underhanded Strike+1"],"picked":"Blade Dance+1","floor":18.0},{"not_picked":["Outmaneuver","Slice"],"picked":"Tactician","floor":19.0},{"not_picked":["Footwork+1","Cloak And Dagger"],"picked":"Underhanded Strike+1","floor":21.0},{"not_picked":["Bane+1","Skewer+1"],"picked":"Unload+1","floor":21.0},{"not_picked":["Outmaneuver+1","Poisoned Stab+1"],"picked":"A Thousand Cuts+1","floor":23.0},{"not_picked":["Infinite Blades+1","Bouncing Flask+1"],"picked":"Flechettes+1","floor":24.0},{"not_picked":["Cloak And Dagger","Distraction"],"picked":"Dagger Throw+1","floor":24.0},{"not_picked":["Bouncing Flask","Deflect","Slice+1"],"picked":"SKIP","floor":31.0},{"not_picked":["Dagger Spray+1","Flying Knee+1","Deadly Poison+1"],"picked":"SKIP","floor":31.0},{"not_picked":["Unload+1","Envenom+1"],"picked":"A Thousand Cuts+1","floor":33.0},{"not_picked":["Deadly Poison+1","Bane+1","Poisoned Stab+1"],"picked":"SKIP","floor":35.0},{"not_picked":["Cloak And Dagger","Catalyst+1","Terror+1"],"picked":"SKIP","floor":35.0},{"not_picked":["Poisoned Stab+1","Backstab+1"],"picked":"Escape Plan+1","floor":40.0},{"not_picked":["Skewer+1","Riddle With Holes+1"],"picked":"Cloak And Dagger+1","floor":42.0},{"not_picked":["Skewer+1","Flying Knee+1","Deadly Poison","Acrobatics+1"],"picked":"SKIP","floor":44.0},{"not_picked":["Dagger Spray+1","Dagger Throw+1","Poisoned Stab+1"],"picked":"Envenom+1","floor":46.0},{"not_picked":["All Out Attack+1","Deadly Poison+1","Flying Knee+1","Poisoned Stab+1"],"picked":"SKIP","floor":46.0},{"not_picked":["Deflect","Deadly Poison+1","Finisher+1"],"picked":"Reflex+1","floor":48.0},{"not_picked":["Blade Dance","Deadly Poison","Poisoned Stab+1"],"picked":"Backflip+1","floor":48.0},{"not_picked":["Quick Slash+1","Doppelganger","Outmaneuver"],"picked":"Concentrate+1","floor":49.0}],"player_experience":548546,"relics_obtained":[{"floor":6.0,"key":"Frozen Egg 2"},{"floor":9.0,"key":"Art of War"},{"floor":10.0,"key":"Meat on the Bone"},{"floor":14.0,"key":"Pantograph"},{"floor":19.0,"key":"Prayer Wheel"},{"floor":19.0,"key":"Molten Egg 2"},{"floor":23.0,"key":"Tiny Chest"},{"floor":26.0,"key":"Bronze Scales"},{"floor":29.0,"key":"Dream Catcher"},{"floor":40.0,"key":"Shuriken"},{"floor":43.0,"key":"Question Card"},{"floor":44.0,"key":"Bottled Flame"}],"event_choices":[{"damage_healed":0.0,"max_hp_gain":0.0,"max_hp_loss":0.0,"gold_gain":0.0,"event_name":"Shining Light","player_choice":"Entered Light","floor":2.0,"gold_loss":0.0,"damage_taken":14.0,"cards_upgraded":["Defend_G","Defend_G"]},{"damage_healed":0.0,"max_hp_gain":0.0,"max_hp_loss":0.0,"gold_gain":75.0,"event_name":"World of Goop","player_choice":"Gather Gold","floor":3.0,"gold_loss":0.0,"damage_taken":11.0},{"damage_healed":0.0,"max_hp_gain":0.0,"max_hp_loss":5.0,"gold_gain":0.0,"event_name":"Golden Idol","player_choice":"Lose Max HP","floor":8.0,"gold_loss":0.0,"damage_taken":0.0,"relics_obtained":["Golden Idol"]},{"damage_healed":0.0,"max_hp_gain":0.0,"max_hp_loss":0.0,"gold_gain":0.0,"event_name":"Colosseum","player_choice":"Fight","floor":19.0,"gold_loss":0.0,"damage_taken":0.0},{"damage_healed":0.0,"max_hp_gain":0.0,"max_hp_loss":0.0,"gold_gain":0.0,"event_name":"Colosseum","player_choice":"Fought Nobs","floor":19.0,"gold_loss":0.0,"damage_taken":0.0},{"cards_removed":["Strike_G"],"damage_healed":0.0,"max_hp_gain":0.0,"max_hp_loss":0.0,"gold_gain":0.0,"event_name":"Beggar","player_choice":"Gave Gold","floor":20.0,"gold_loss":75.0,"damage_taken":0.0},{"damage_healed":0.0,"max_hp_gain":0.0,"max_hp_loss":0.0,"gold_gain":0.0,"event_name":"Addict","player_choice":"Obtained Relic","floor":25.0,"gold_loss":85.0,"damage_taken":0.0,"relics_obtained":["Omamori"]},{"damage_healed":0.0,"max_hp_gain":0.0,"max_hp_loss":0.0,"gold_gain":0.0,"event_name":"The Woman in Blue","player_choice":"Bought 2 Potions","floor":27.0,"gold_loss":0.0,"damage_taken":0.0},{"cards_removed":["Defend_G"],"damage_healed":0.0,"max_hp_gain":0.0,"max_hp_loss":0.0,"gold_gain":0.0,"event_name":"Back to Basics","player_choice":"Elegance","floor":28.0,"gold_loss":0.0,"damage_taken":0.0},{"cards_removed":["Poisoned Stab"],"damage_healed":0.0,"max_hp_gain":0.0,"max_hp_loss":0.0,"gold_gain":0.0,"event_name":"Designer","player_choice":"Upgrade and Remove","floor":36.0,"gold_loss":90.0,"damage_taken":0.0,"cards_upgraded":["Acrobatics"]},{"damage_healed":0.0,"max_hp_gain":0.0,"max_hp_loss":0.0,"gold_gain":0.0,"event_name":"Winding Halls","player_choice":"Embrace Madness","floor":37.0,"gold_loss":0.0,"damage_taken":8.0,"cards_obtained":["Madness","Madness"]},{"cards_removed":["Defend_G"],"damage_healed":0.0,"max_hp_gain":0.0,"max_hp_loss":0.0,"gold_gain":0.0,"event_name":"Purifier","player_choice":"Purged","floor":38.0,"gold_loss":0.0,"damage_taken":0.0},{"damage_healed":0.0,"max_hp_gain":0.0,"max_hp_loss":0.0,"gold_gain":0.0,"event_name":"Accursed Blacksmith","player_choice":"Forge","floor":39.0,"gold_loss":0.0,"damage_taken":0.0,"cards_upgraded":["Madness"]}],"is_beta":false,"boss_relics":[{"not_picked":["Coffee Dripper","Runic Dome"],"picked":"Cursed Key"},{"not_picked":["Velvet Choker","Tiny House"],"picked":"Philosopher\u0027s Stone"}],"items_purged_floors":[11,41],"is_endless":false,"potions_floor_spawned":[4,7,14,16,18,21,24,40,44,47],"ascension_level":5}