{"gold_per_floor":[118,118,133,12,25,51,51,85,108,15,40,50,79,79,79,184,184,198,210,210,7,7,34,51,84,110,110,144,419,450,463,463,558,558,576,588,605,622,640,674,674,434,434,303,113,145,155,201,201,201,201,201,12,40,40],"floor_reached":56,"playtime":7101,"items_purged":["Strike_G","Strike_G","Doubt"],"score":1677,"play_id":"1285b76f-1c8b-4714-b73e-fd56d3b670d6","local_time":"20190323233150","is_ascension_mode":true,"campfire_choices":[{"floor":7,"key":"REST"},{"floor":15,"key":"REST"},{"data":"Well Laid Plans","floor":27,"key":"SMITH"},{"data":"Night Terror","floor":32,"key":"SMITH"},{"data":"Adrenaline","floor":41,"key":"SMITH"},{"floor":49,"key":"RECALL"},{"data":"Adrenaline","floor":52,"key":"SMITH"}],"neow_cost":"TEN_PERCENT_HP_LOSS","seed_source_timestamp":877803449707813,"circlet_count":0,"master_deck":["Defend_G","Defend_G","Defend_G","Defend_G","Defend_G","Strike_G","Survivor","Neutralize","Grand Finale","Backstab","Neutralize","PiercingWail","Backflip","Acrobatics","Discovery","Well Laid Plans+1","Leg Sweep","Acrobatics","Finesse","Backflip","After Image","Acrobatics","Adrenaline+1","Prepared","Prepared","Malaise","Night Terror+1","Regret","Prepared","Adrenaline+1","Backflip","Well Laid Plans","Acrobatics","Escape Plan","Escape Plan","Apotheosis"],"relics":["Ring of the Snake","Art of War","Dream Catcher","Lantern","Incense Burner","Boot","Shuriken","Empty Cage","Mercury Hourglass","Ornamental Fan","Bag of Marbles","The Courier","FossilizedHelix","Dodecahedron","Cursed Key","Sundial","Ancient Tea Set","Gremlin Horn","Kunai","Thread and Needle","Nunchaku","Pear"],"potions_floor_usage":[6,16,19,24,31,33,33,37,38,50,50,55],"damage_taken":[{"damage":1,"enemies":"Cultist","floor":1,"turns":5},{"damage":3,"enemies":"Jaw Worm","floor":3,"turns":5},{"damage":0,"enemies":"Small Slimes","floor":5,"turns":4},{"damage":38,"enemies":"3 Sentries","floor":6,"turns":19},{"damage":0,"enemies":"Lagavulin","floor":8,"turns":7},{"damage":12,"enemies":"3 Sentries","floor":11,"turns":7},{"damage":7,"enemies":"Exordium Thugs","floor":12,"turns":7},{"damage":0,"enemies":"Lagavulin","floor":13,"turns":7},{"damage":16,"enemies":"The Guardian","floor":16,"turns":11},{"damage":0,"enemies":"Spheric Guardian","floor":18,"turns":3},{"damage":0,"enemies":"3 Byrds","floor":19,"turns":4},{"damage":14,"enemies":"Slavers","floor":23,"turns":3},{"damage":0,"enemies":"Centurion and Healer","floor":24,"turns":3},{"damage":0,"enemies":"Gremlin Leader","floor":25,"turns":5},{"damage":0,"enemies":"Slavers","floor":28,"turns":6},{"damage":0,"enemies":"Book of Stabbing","floor":30,"turns":4},{"damage":0,"enemies":"Snecko","floor":31,"turns":4},{"damage":12,"enemies":"Champ","floor":33,"turns":9},{"damage":5,"enemies":"3 Shapes","floor":35,"turns":3},{"damage":0,"enemies":"Orb Walker","floor":36,"turns":2},{"damage":22,"enemies":"Transient","floor":37,"turns":5},{"damage":0,"enemies":"Spire Growth","floor":38,"turns":3},{"damage":0,"enemies":"Writhing Mass","floor":39,"turns":3},{"damage":0,"enemies":"Giant Head","floor":40,"turns":6},{"damage":0,"enemies":"Nemesis","floor":46,"turns":7},{"damage":0,"enemies":"Jaw Worm Horde","floor":47,"turns":3},{"damage":0,"enemies":"2 Orb Walkers","floor":48,"turns":2},{"damage":0,"enemies":"Time Eater","floor":50,"turns":6},{"damage":0,"enemies":"Shield and Spear","floor":54,"turns":3},{"damage":57,"enemies":"The Heart","floor":55,"turns":8}],"seed_played":"1668639337106060229","potions_obtained":[{"floor":5,"key":"SteroidPotion"},{"floor":11,"key":"Weak Potion"},{"floor":12,"key":"LiquidBronze"},{"floor":13,"key":"Weak Potion"},{"floor":16,"key":"Energy Potion"},{"floor":30,"key":"Poison Potion"},{"floor":31,"key":"SteroidPotion"},{"floor":35,"key":"SpeedPotion"},{"floor":37,"key":"GamblersBrew"},{"floor":38,"key":"Dexterity Potion"},{"floor":47,"key":"Energy Potion"}],"is_trial":false,"path_per_floor":["M","?","M","$","M","E","R","E","T","$","E","M","E","?","R","B",null,"M","M","?","$","T","E","M","E","T","R","E","?","E","M","R","B",null,"M","M","M","M","M","E","R","$","T","$","$","E","M","?","R","B",null,"R","$","E","B",null],"character_chosen":"THE_SILENT","items_purchased":["Acrobatics","Discovery","Finesse","GamblersBrew","Block Potion","Ancient Tea Set","FearPotion","Escape Plan","Kunai","Energy Potion","Apotheosis"],"campfire_rested":2,"item_purchase_floors":[4,4,10,21,21,42,42,44,45,53,53],"current_hp_per_floor":[62,62,59,59,59,21,39,39,39,39,27,20,20,8,26,10,63,63,63,63,63,63,49,49,49,49,49,49,49,49,49,49,37,63,58,58,36,36,36,36,36,36,36,36,36,36,36,36,36,36,63,63,63,73,16],"gold":40,"neow_bonus":"THREE_RARE_CARDS","is_prod":false,"is_daily":false,"chose_seed":false,"campfire_upgraded":4,"win_rate":0,"timestamp":1553380310,"path_taken":["M","?","M","$","?","E","R","E","T","$","E","M","E","?","R","BOSS","M","M","?","$","?","E","M","E","T","R","E","?","E","M","R","BOSS","M","M","?","M","?","E","R","$","T","?","$","E","M","?","R","BOSS","R","$","E","BOSS"],"build_version":"2019-01-23","purchased_purges":3,"victory":true,"max_hp_per_floor":[63,63,63,63,63,63,63,63,63,63,63,63,63,63,63,63,63,63,63,63,63,63,63,63,63,63,63,63,63,63,63,63,63,63,63,63,63,63,63,63,63,63,63,63,63,63,63,63,63,63,63,63,63,73,73],"card_choices":[{"not_picked":["Doppelganger","Bullet Time"],"picked":"Grand Finale","floor":0},{"not_picked":["Flying Knee","Blade Dance"],"picked":"Backstab","floor":1},{"not_picked":["PiercingWail","Poisoned Stab"],"picked":"Backflip","floor":3},{"not_picked":["Riddle With Holes","Corpse Explosion"],"picked":"Well Laid Plans","floor":5},{"not_picked":["Tactician","Deflect"],"picked":"Leg Sweep","floor":6},{"not_picked":["Outmaneuver","Prepared"],"picked":"Acrobatics","floor":8},{"not_picked":["Dagger Spray","Deadly Poison","Corpse Explosion"],"picked":"SKIP","floor":11},{"not_picked":["Reflex","Dagger Spray"],"picked":"Backflip","floor":12},{"not_picked":["Prepared","Acrobatics"],"picked":"After Image","floor":13},{"not_picked":["Riddle With Holes","Bullet Time"],"picked":"Acrobatics","floor":15},{"not_picked":["Venomology","A Thousand Cuts"],"picked":"Adrenaline","floor":16},{"not_picked":["Heel Hook","Underhanded Strike"],"picked":"Prepared","floor":18},{"not_picked":["Deflect","Heel Hook","Poisoned Stab"],"picked":"SKIP","floor":19},{"not_picked":["Bane","Slice+1"],"picked":"Prepared","floor":23},{"not_picked":["Flechettes+1","Poisoned Stab+1"],"picked":"Malaise","floor":24},{"not_picked":["Outmaneuver","Deadly Poison","Underhanded Strike"],"picked":"SKIP","floor":25},{"not_picked":["Dodge and Roll+1","Eviscerate"],"picked":"Night Terror","floor":28},{"not_picked":["Bane","Dagger Spray","Underhanded Strike"],"picked":"SKIP","floor":30},{"not_picked":["Flying Knee","Deadly Poison"],"picked":"Prepared","floor":31},{"not_picked":["Die Die Die","Night Terror"],"picked":"Adrenaline","floor":33},{"not_picked":["Dagger Spray","Bane+1"],"picked":"Backflip","floor":35},{"not_picked":["Concentrate","Bane"],"picked":"Well Laid Plans","floor":36},{"not_picked":["Burst","Sucker Punch+1"],"picked":"Acrobatics","floor":37},{"not_picked":["Noxious Fumes+1","Flying Knee+1","Crippling Poison+1"],"picked":"SKIP","floor":38},{"not_picked":["Underhanded Strike+1","Blur+1","Outmaneuver"],"picked":"SKIP","floor":39},{"not_picked":["Bane","A Thousand Cuts","Dash"],"picked":"SKIP","floor":40},{"not_picked":["Deflect+1","Distraction","Outmaneuver"],"picked":"SKIP","floor":46},{"not_picked":["Flechettes+1","Underhanded Strike+1"],"picked":"Escape Plan","floor":47},{"not_picked":["Dagger Throw","Reflex","Crippling Poison+1"],"picked":"SKIP","floor":54}],"player_experience":109979,"relics_obtained":[{"floor":6,"key":"Art of War"},{"floor":8,"key":"Dream Catcher"},{"floor":9,"key":"Lantern"},{"floor":11,"key":"Incense Burner"},{"floor":13,"key":"Boot"},{"floor":22,"key":"Ornamental Fan"},{"floor":23,"key":"Bag of Marbles"},{"floor":25,"key":"The Courier"},{"floor":28,"key":"FossilizedHelix"},{"floor":30,"key":"Dodecahedron"},{"floor":40,"key":"Sundial"},{"floor":43,"key":"Gremlin Horn"},{"floor":46,"key":"Thread and Needle"},{"floor":48,"key":"Nunchaku"},{"floor":54,"key":"Pear"}],"event_choices":[{"damage_healed":0,"gold_gain":0,"player_choice":"2 cards matched","damage_taken":0,"max_hp_gain":0,"max_hp_loss":0,"event_name":"Match and Keep!","floor":2,"gold_loss":0,"cards_obtained":["Neutralize","PiercingWail"]},{"damage_healed":0,"gold_gain":0,"player_choice":"Success","damage_taken":12,"relics_obtained":["Shuriken"],"max_hp_gain":0,"max_hp_loss":0,"event_name":"Scrap Ooze","floor":14,"gold_loss":0},{"damage_healed":0,"gold_gain":0,"player_choice":"Gave Potion","damage_taken":0,"relics_obtained":["Mercury Hourglass"],"max_hp_gain":0,"max_hp_loss":0,"event_name":"WeMeetAgain","floor":20,"gold_loss":0},{"damage_healed":0,"gold_gain":275,"player_choice":"Desecrate","damage_taken":0,"max_hp_gain":0,"max_hp_loss":0,"event_name":"Golden Shrine","floor":29,"gold_loss":0,"cards_obtained":["Regret"]},{"damage_healed":0,"gold_gain":0,"player_choice":"Fight","damage_taken":0,"max_hp_gain":0,"max_hp_loss":0,"event_name":"Mysterious Sphere","floor":48,"gold_loss":0}],"is_beta":false,"boss_relics":[{"not_picked":["Velvet Choker","Astrolabe"],"picked":"Empty Cage"},{"not_picked":["Lizard Tail","Philosopher\u0027s Stone"],"picked":"Cursed Key"}],"items_purged_floors":[21,42,44],"is_endless":false,"potions_floor_spawned":[5,11,12,13,16,23,30,31,35,37,38,47,48],"ascension_level":1}