{"path_per_floor":["M","$","M","T","M","R","?","M","T","M","M","M","$","M","R","B",null,"M","?","M","?","M","R","M"],"character_chosen":"THE_SILENT","items_purchased":[],"gold_per_floor":[110,35,46,46,57,57,57,76,130,147,160,172,72,92,92,195,195,208,208,189,114,132,132,144],"floor_reached":25,"campfire_rested":0,"playtime":2186,"current_hp_per_floor":[68,68,68,68,66,66,52,49,49,49,49,41,41,40,40,38,70,64,64,48,48,41,41,18],"items_purged":["Strike_G","Strike_G"],"gold":144,"play_id":"a9a51d3b-9482-485c-a2e8-fdbe99894d29","is_prod":false,"is_daily":false,"is_ascension_mode":false,"campfire_upgraded":3,"path_taken":["M","$","M","?","M","R","?","M","T","M","M","M","?","M","R","BOSS","M","?","M","?","M","R","M","M"],"build_version":"2018-01-25-PROD2","purchased_purges":2,"victory":false,"master_deck":["Defend_G","Defend_G","Defend_G+1","Defend_G","Defend_G","Strike_G","Strike_G","Strike_G","Survivor+1","Neutralize","Backflip+1","Outmaneuver+1","Terror+1","Masterful Stab","Dash","PiercingWail","Sucker Punch+1","Slice","Die Die Die+1","Flying Knee","Night Terror+1","Flying Knee","Prepared+1"],"max_hp_per_floor":[70,70,70,70,70,70,70,70,70,70,70,70,70,70,70,70,70,70,70,70,70,70,70,70],"relics":["Ring of the Snake","War Paint","Bag of Preparation","Philosopher\u0027s Stone"],"card_choices":[{"not_picked":["Blade Dance","Dagger Throw"],"picked":"Backflip"},{"not_picked":["Prepared","Flying Knee"],"picked":"Outmaneuver"},{"not_picked":["Night Terror","Dodge and Roll"],"picked":"Terror"},{"not_picked":["Acrobatics","Slice"],"picked":"Masterful Stab"},{"not_picked":["Flechettes","Deadly Poison"],"picked":"Dash"},{"not_picked":["Acrobatics","Dagger Spray"],"picked":"PiercingWail"},{"not_picked":["Endless Agony","Flechettes"],"picked":"Sucker Punch"},{"not_picked":["Skewer","Deadly Poison"],"picked":"Slice"},{"not_picked":["Venomology","Night Terror"],"picked":"Die Die Die"},{"not_picked":["Dagger Spray","Poisoned Stab"],"picked":"Flying Knee"},{"not_picked":["Deadly Poison","Poisoned Stab"],"picked":"Night Terror"},{"not_picked":["Bane","Crippling Poison"],"picked":"Flying Knee"},{"not_picked":["Quick Slash","Deflect"],"picked":"Prepared"}],"player_experience":19558,"potions_floor_usage":[8,14,16,16],"damage_taken":[{"damage":2,"enemies":"Blue Slaver","floor":1,"turns":6},{"damage":0,"enemies":"2 Louse","floor":3,"turns":4},{"damage":2,"enemies":"Jaw Worm","floor":5,"turns":7},{"damage":15,"enemies":"Exordium Thugs","floor":8,"turns":8},{"damage":0,"enemies":"Exordium Wildlife","floor":10,"turns":4},{"damage":0,"enemies":"2 Fungi Beasts","floor":11,"turns":6},{"damage":8,"enemies":"Red Slaver","floor":12,"turns":5},{"damage":1,"enemies":"Large Slime","floor":14,"turns":10},{"damage":2,"enemies":"Hexaghost","floor":16,"turns":9},{"damage":6,"enemies":"Shell Parasite","floor":18,"turns":4},{"damage":16,"enemies":"2 Thieves","floor":20,"turns":4},{"damage":7,"enemies":"3 Cultists","floor":22,"turns":7},{"damage":23,"enemies":"Snecko","floor":24,"turns":6},{"damage":18,"enemies":"Chosen and Byrds","floor":25,"turns":3}],"event_choices":[{"event_name":"Shining Light","player_choice":"Entered Light","floor":7,"damage_taken":0},{"event_name":"Accursed Blacksmith","player_choice":"Forge","floor":19,"damage_taken":0},{"event_name":"Beggar","player_choice":"Gave Gold","floor":21,"damage_taken":0}],"boss_relics":[{"not_picked":["The Specimen","Ectoplasm"],"picked":"Philosopher\u0027s Stone"}],"potions_floor_spawned":[1,8,10,12,14,16,24],"seed_played":"-6780825198897467115","killed_by":"Chosen and Byrds","ascension_level":0,"is_trial":false}