{"gold_per_floor":[114,114,132,132,151,194,194,237,237,237,262,29,52,17,17,110,110,126,140,140,55,25,65,65,96,96,134,159,159,159,184,184,274,274,292,317,337,337,360,400,400,438,463,18,18,36,5,23,23,23,23,23,23,1,37,37],"floor_reached":56,"playtime":2458,"items_purged":[],"score":2081,"play_id":"5ae2134c-dce6-44c4-b83a-8f452d5a9f58","local_time":"20181110062418","is_ascension_mode":true,"campfire_choices":[{"data":"1","floor":7.0,"key":"LIFT"},{"data":"Armaments","floor":10.0,"key":"SMITH"},{"data":"2","floor":15.0,"key":"LIFT"},{"data":"3","floor":24.0,"key":"LIFT"},{"data":"Corruption","floor":29.0,"key":"SMITH"},{"floor":32.0,"key":"RECALL"},{"floor":41.0,"key":"REST"},{"floor":49.0,"key":"REST"},{"floor":53.0,"key":"REST"}],"neow_cost":"TEN_PERCENT_HP_LOSS","seed_source_timestamp":1400336481286388,"circlet_count":0,"master_deck":["AscendersBane","Bash","Carnage+1","Clothesline","Whirlwind","Armaments+1","Power Through+1","Battle Trance+1","Ghostly Armor+1","Reaper","Power Through+1","Twin Strike","Iron Wave","Twin Strike","Shrug It Off+1","Dual Wield+1","Sever Soul","Havoc+1","Sword Boomerang","Ghostly Armor+1","Corruption+1","Shockwave+1","Anger+1","Battle Trance+1","Warcry+1","Fiend Fire+1","Sword Boomerang+1","Power Through+1","Power Through+1","Battle Trance+1","Burning Pact+1"],"special_seed":0,"relics":["Burning Blood","Golden Idol","Girya","The Courier","Toxic Egg 2","Brimstone","Happy Flower","Pandora\u0027s Box","Nilry\u0027s Codex","Vajra","Strawberry","Lantern","Molten Egg 2","Boot","Fusion Hammer","War Paint","Art of War","Membership Card","Centennial Puzzle","Ice Cream","PreservedInsect","Matryoshka"],"potions_floor_usage":[55],"damage_taken":[{"damage":7.0,"enemies":"Cultist","floor":1.0,"turns":4.0},{"damage":0.0,"enemies":"Small Slimes","floor":3.0,"turns":2.0},{"damage":2.0,"enemies":"Jaw Worm","floor":5.0,"turns":2.0},{"damage":39.0,"enemies":"Gremlin Nob","floor":6.0,"turns":5.0},{"damage":10.0,"enemies":"3 Sentries","floor":8.0,"turns":4.0},{"damage":6.0,"enemies":"Looter","floor":11.0,"turns":3.0},{"damage":6.0,"enemies":"Hexaghost","floor":16.0,"turns":5.0},{"damage":0.0,"enemies":"Spheric Guardian","floor":18.0,"turns":3.0},{"damage":1.0,"enemies":"3 Byrds","floor":19.0,"turns":2.0},{"damage":6.0,"enemies":"Gremlin Leader","floor":23.0,"turns":4.0},{"damage":0.0,"enemies":"Slavers","floor":25.0,"turns":1.0},{"damage":24.0,"enemies":"Book of Stabbing","floor":27.0,"turns":4.0},{"damage":0.0,"enemies":"Cultist and Chosen","floor":28.0,"turns":3.0},{"damage":0.0,"enemies":"Sentry and Sphere","floor":31.0,"turns":3.0},{"damage":11.0,"enemies":"Champ","floor":33.0,"turns":7.0},{"damage":0.0,"enemies":"3 Darklings","floor":35.0,"turns":1.0},{"damage":1.0,"enemies":"Orb Walker","floor":36.0,"turns":2.0},{"damage":0.0,"enemies":"3 Darklings","floor":37.0,"turns":2.0},{"damage":9.0,"enemies":"4 Shapes","floor":39.0,"turns":4.0},{"damage":0.0,"enemies":"Giant Head","floor":40.0,"turns":4.0},{"damage":8.0,"enemies":"Reptomancer","floor":42.0,"turns":3.0},{"damage":0.0,"enemies":"Spire Growth","floor":46.0,"turns":3.0},{"damage":0.0,"enemies":"3 Darklings","floor":48.0,"turns":3.0},{"damage":65.0,"enemies":"Awakened One","floor":50.0,"turns":8.0},{"damage":37.0,"enemies":"Donu and Deca","floor":51.0,"turns":6.0},{"damage":54,"enemies":"Shield and Spear","floor":55,"turns":5},{"damage":43,"enemies":"The Heart","floor":56,"turns":2}],"seed_played":"-7999854191145113769","potions_obtained":[{"floor":3.0,"key":"PowerPotion"},{"floor":5.0,"key":"SteroidPotion"},{"floor":11.0,"key":"SteroidPotion"},{"floor":16.0,"key":"Poison Potion"},{"floor":25.0,"key":"PowerPotion"},{"floor":33.0,"key":"FearPotion"},{"floor":35.0,"key":"SneckoOil"},{"floor":38.0,"key":"GamblersBrew"}],"is_trial":false,"path_per_floor":["M","?","M","?","M","E","R","E","T","R","M","$","T","$","R","B",null,"M","M","?","?","$","E","R","E","T","E","M","R","?","M","R","B",null,"M","M","M","?","M","E","R","E","T","$","?","M","$","M","R","B","B",null,"R","$","E","B"],"character_chosen":"IRONCLAD","items_purchased":["Brimstone","Battle Trance+1","Ghostly Armor+1","Ghostly Armor+1","Membership Card","Battle Trance+1","Centennial Puzzle","Ice Cream","PreservedInsect","Burning Pact+1","Dexterity Potion"],"campfire_rested":3,"item_purchase_floors":[12,12,14,22,44,44,44,44,44,47,54],"current_hp_per_floor":[67,67,68,62,62,29,29,25,25,25,25,25,25,25,25,25,53,59,62,41,41,41,59,59,69,69,69,69,69,69,69,69,69,69,69,69,69,69,69,69,69,67,67,67,69,69,69,69,69,37,32,60,69,69,21,0],"gold":37,"neow_bonus":"REMOVE_TWO","is_prod":false,"is_daily":false,"chose_seed":false,"campfire_upgraded":2,"win_rate":0,"timestamp":1541849058,"path_taken":["M","?","M","?","M","E","R","E","T","R","M","$","?","$","R","BOSS","M","M","?","?","?","E","R","E","T","E","?","R","?","M","R","BOSS","M","?","M","?","?","E","R","E","T","$","?","M","?","M","R","BOSS","BOSS","R","$","E","BOSS"],"build_version":"2018-11-08","purchased_purges":0,"victory":false,"max_hp_per_floor":[68,68,68,62,62,62,62,62,62,62,62,62,62,62,62,62,62,62,62,62,62,62,69,69,69,69,69,69,69,69,69,69,69,69,69,69,69,69,69,69,69,69,69,69,69,69,69,69,69,69,69,69,69,69,69,69],"card_choices":[{"not_picked":["Thunderclap","Twin Strike"],"picked":"Carnage","floor":1.0},{"not_picked":["Seeing Red","Blood for Blood"],"picked":"Iron Wave","floor":3.0},{"not_picked":["Cleave","Iron Wave"],"picked":"Clothesline","floor":5.0},{"not_picked":["Clothesline","Anger"],"picked":"Whirlwind","floor":6.0},{"not_picked":["Headbutt","Dark Embrace"],"picked":"Armaments","floor":8.0},{"not_picked":["Twin Strike","Infernal Blade+1"],"picked":"Power Through+1","floor":11.0},{"not_picked":["Bludgeon","Barricade"],"picked":"Reaper","floor":16.0},{"not_picked":["Armaments+1","Heavy Blade"],"picked":"Havoc+1","floor":18.0},{"not_picked":["Clash","Armaments+1"],"picked":"Sword Boomerang","floor":19.0},{"not_picked":["Ghostly Armor+1","Hemokinesis"],"picked":"Corruption","floor":23.0},{"not_picked":["Battle Trance+1","Pommel Strike"],"picked":"Shockwave+1","floor":25.0},{"not_picked":["Clothesline+1","Flex+1","Thunderclap+1"],"picked":"SKIP","floor":27.0},{"not_picked":["Pommel Strike+1","Brutality"],"picked":"Anger+1","floor":28.0},{"not_picked":["Anger+1","Sever Soul+1"],"picked":"Warcry+1","floor":31.0},{"not_picked":["Feed+1","Demon Form"],"picked":"Fiend Fire+1","floor":33.0},{"not_picked":["Clash+1","Flex+1","Second Wind+1"],"picked":"SKIP","floor":35.0},{"not_picked":["Armaments+1","Inflame"],"picked":"Sword Boomerang+1","floor":36.0},{"not_picked":["Anger+1","Dropkick+1","Clash+1"],"picked":"SKIP","floor":37.0},{"not_picked":["Clothesline+1","True Grit+1","Iron Wave+1"],"picked":"SKIP","floor":39.0},{"not_picked":["Rampage+1","Juggernaut"],"picked":"Power Through+1","floor":40.0},{"not_picked":["Rage+1","Armaments+1"],"picked":"Power Through+1","floor":42.0},{"not_picked":["Anger+1","Iron Wave+1","Cleave+1"],"picked":"SKIP","floor":46.0},{"not_picked":["Reckless Charge+1","Second Wind+1","Iron Wave+1"],"picked":"SKIP","floor":48.0},{"not_picked":["Infernal Blade+1","Spot Weakness+1","Seeing Red+1"],"picked":"SKIP","floor":55}],"player_experience":793161,"relics_obtained":[{"floor":6.0,"key":"Girya"},{"floor":8.0,"key":"The Courier"},{"floor":9.0,"key":"Toxic Egg 2"},{"floor":13.0,"key":"Happy Flower"},{"floor":20.0,"key":"Nilry\u0027s Codex"},{"floor":23.0,"key":"Strawberry"},{"floor":25.0,"key":"Lantern"},{"floor":26.0,"key":"Molten Egg 2"},{"floor":27.0,"key":"Boot"},{"floor":40.0,"key":"War Paint"},{"floor":42.0,"key":"Art of War"},{"floor":55,"key":"Matryoshka"}],"event_choices":[{"damage_healed":0.0,"max_hp_gain":0.0,"max_hp_loss":0.0,"gold_gain":0.0,"event_name":"Living Wall","player_choice":"Grow","floor":2.0,"gold_loss":0.0,"damage_taken":0.0,"cards_upgraded":["Carnage"]},{"damage_healed":0.0,"max_hp_gain":0.0,"max_hp_loss":6.0,"gold_gain":0.0,"event_name":"Golden Idol","player_choice":"Lose Max HP","floor":4.0,"gold_loss":0.0,"damage_taken":0.0,"relics_obtained":["Golden Idol"]},{"damage_healed":0.0,"max_hp_gain":0.0,"max_hp_loss":0.0,"gold_gain":0.0,"event_name":"Cursed Tome","player_choice":"Obtained Book","floor":20.0,"gold_loss":0.0,"damage_taken":21.0},{"damage_healed":0.0,"max_hp_gain":0.0,"max_hp_loss":0.0,"gold_gain":0.0,"event_name":"Addict","player_choice":"Obtained Relic","floor":21.0,"gold_loss":85.0,"damage_taken":0.0,"relics_obtained":["Vajra"]},{"damage_healed":0.0,"max_hp_gain":0.0,"max_hp_loss":0.0,"gold_gain":0.0,"event_name":"Duplicator","player_choice":"Copied","floor":30.0,"gold_loss":0.0,"damage_taken":0.0,"cards_obtained":["Battle Trance"]},{"damage_healed":0.0,"max_hp_gain":0.0,"max_hp_loss":0.0,"gold_gain":0.0,"event_name":"Lab","player_choice":"Got Potions","floor":38.0,"gold_loss":0.0,"damage_taken":0.0},{"cards_removed":["Iron Wave"],"damage_healed":5.0,"max_hp_gain":0.0,"max_hp_loss":0.0,"gold_gain":0.0,"event_name":"Bonfire Elementals","player_choice":"Offered Common","floor":45.0,"gold_loss":0.0,"damage_taken":0.0},{"cards_removed":["Iron Wave"],"damage_healed":5.0,"max_hp_gain":0.0,"max_hp_loss":0.0,"gold_gain":0.0,"event_name":"Bonfire Elementals","player_choice":"Offered Special","floor":45.0,"gold_loss":0.0,"damage_taken":0.0}],"is_beta":true,"boss_relics":[{"not_picked":["Runic Dome","Mark of Pain"],"picked":"Pandora\u0027s Box"},{"not_picked":["Calling Bell","Orrery"],"picked":"Fusion Hammer"}],"items_purged_floors":[],"is_endless":false,"potions_floor_spawned":[3,5,11,16,18,25,33,35,40,42],"killed_by":"The Heart","ascension_level":20}