{"gold_per_floor":[11,11,11,11,28,28,39,66,89,89,14,30,44,56,56,158,158,170,82,96,96,96,96,96,106,133,37,37,63,63,63,63,63],"floor_reached":33,"playtime":1743,"items_purged":["Rupture"],"score":288,"play_id":"ea9edfa1-d5a7-4f2d-a4ea-c10fc9c97238","local_time":"20190321001759","is_ascension_mode":false,"campfire_choices":[{"data":"Flex","floor":6,"key":"SMITH"},{"data":"Infernal Blade","floor":15,"key":"SMITH"},{"data":"Armaments","floor":23,"key":"SMITH"},{"data":"Immolate","floor":30,"key":"SMITH"},{"data":"Metallicize","floor":32,"key":"SMITH"}],"neow_cost":"NO_GOLD","seed_source_timestamp":472940241537501,"circlet_count":0,"master_deck":["Strike_R","Strike_R","Strike_R+1","Defend_R","Defend_R","Defend_R+1","Defend_R","Bash","Flex+1","Iron Wave","Twin Strike","Anger","Infernal Blade+1","Metallicize+1","Ghostly Armor","Heavy Blade","Immolate+1","Carnage+1","Good Instincts","Armaments+1","RitualDagger","Trip","Flex+1"],"relics":["Burning Blood","Vajra","Mango","PreservedInsect","Coffee Dripper","Singing Bowl","Potion Belt","Nilry\u0027s Codex","Blue Candle","Ornamental Fan"],"potions_floor_usage":[33],"damage_taken":[{"damage":1,"enemies":"Cultist","floor":1,"turns":3},{"damage":4,"enemies":"Small Slimes","floor":5,"turns":3},{"damage":2,"enemies":"Jaw Worm","floor":7,"turns":3},{"damage":23,"enemies":"3 Sentries","floor":8,"turns":8},{"damage":0,"enemies":"Looter","floor":12,"turns":3},{"damage":1,"enemies":"Gremlin Gang","floor":13,"turns":4},{"damage":3,"enemies":"Red Slaver","floor":14,"turns":3},{"damage":19,"enemies":"Slime Boss","floor":16,"turns":9},{"damage":14,"enemies":"2 Thieves","floor":18,"turns":3},{"damage":2,"enemies":"Spheric Guardian","floor":20,"turns":3},{"damage":22,"enemies":"Cultist and Chosen","floor":25,"turns":7},{"damage":24,"enemies":"Slavers","floor":29,"turns":4},{"damage":31,"enemies":"Collector","floor":33,"turns":6}],"seed_played":"7301579811216001764","potions_obtained":[{"floor":5,"key":"SkillPotion"},{"floor":8,"key":"EntropicBrew"},{"floor":12,"key":"SpeedPotion"},{"floor":18,"key":"Poison Potion"}],"is_trial":false,"path_per_floor":["M","?","?","$","M","R","M","E","T","?","$","M","M","M","R","B",null,"M","$","M","T","?","R","?","M","T","$","?","E","R","T","R","B"],"character_chosen":"IRONCLAD","items_purchased":["Good Instincts","Trip"],"campfire_rested":0,"item_purchase_floors":[19,27],"current_hp_per_floor":[80,64,64,64,66,66,70,67,67,60,60,66,71,74,74,61,94,86,86,90,90,84,84,84,70,70,70,54,36,36,36,36,5],"gold":63,"neow_bonus":"TRANSFORM_TWO_CARDS","is_prod":false,"is_daily":false,"chose_seed":false,"campfire_upgraded":5,"win_rate":0,"timestamp":1553145479,"path_taken":["M","?","?","?","M","R","M","E","T","?","?","M","M","M","R","BOSS","M","$","?","?","?","R","?","M","T","$","?","E","R","?","R","BOSS"],"build_version":"2019-01-23","purchased_purges":1,"victory":false,"max_hp_per_floor":[80,80,80,80,80,80,80,94,94,94,94,94,94,94,94,94,94,94,94,94,94,94,94,94,96,96,96,96,96,96,96,96,96],"card_choices":[{"not_picked":["Clothesline","Dual Wield"],"picked":"Twin Strike","floor":1},{"not_picked":["Dropkick","Armaments"],"picked":"Anger","floor":5},{"not_picked":["Bloodletting","Havoc"],"picked":"Infernal Blade","floor":7},{"not_picked":["Combust","Inflame"],"picked":"Rupture","floor":8},{"not_picked":["Infernal Blade","Iron Wave"],"picked":"Metallicize","floor":12},{"not_picked":["Sword Boomerang","Fire Breathing"],"picked":"Ghostly Armor","floor":13},{"not_picked":["Flex","Dropkick"],"picked":"Heavy Blade","floor":14},{"not_picked":["Berserk","Exhume"],"picked":"Immolate","floor":16},{"not_picked":["Cleave","Perfected Strike"],"picked":"Carnage+1","floor":18},{"not_picked":["Heavy Blade","Clash"],"picked":"Armaments","floor":20},{"not_picked":["Heavy Blade+1","Bloodletting","Searing Blow"],"picked":"Singing Bowl","floor":25},{"not_picked":["Whirlwind","Bludgeon"],"picked":"Flex+1","floor":29}],"player_experience":38805,"relics_obtained":[{"floor":8,"key":"Mango"},{"floor":9,"key":"PreservedInsect"},{"floor":21,"key":"Singing Bowl"},{"floor":26,"key":"Potion Belt"},{"floor":28,"key":"Nilry\u0027s Codex"},{"floor":29,"key":"Blue Candle"},{"floor":31,"key":"Ornamental Fan"}],"event_choices":[{"damage_healed":0,"gold_gain":0,"player_choice":"Entered Light","damage_taken":16,"max_hp_gain":0,"max_hp_loss":0,"event_name":"Shining Light","floor":2,"gold_loss":0,"cards_upgraded":["Strike_R","Defend_R"]},{"damage_healed":0,"gold_gain":0,"player_choice":"Box","damage_taken":0,"relics_obtained":["Vajra"],"max_hp_gain":0,"max_hp_loss":0,"event_name":"Big Fish","floor":3,"gold_loss":0,"cards_obtained":["Regret"]},{"cards_removed":["Regret"],"damage_healed":0,"gold_gain":0,"player_choice":"Card Removal","damage_taken":7,"max_hp_gain":0,"max_hp_loss":0,"event_name":"Golden Wing","floor":10,"gold_loss":0},{"damage_healed":0,"gold_gain":0,"player_choice":"Joined the Cult","damage_taken":6,"max_hp_gain":0,"max_hp_loss":0,"event_name":"Nest","floor":22,"gold_loss":0,"cards_obtained":["RitualDagger"]},{"damage_healed":0,"gold_gain":0,"player_choice":"Ignored","damage_taken":0,"max_hp_gain":0,"max_hp_loss":0,"event_name":"Ghosts","floor":24,"gold_loss":0},{"damage_healed":0,"gold_gain":0,"player_choice":"Obtained Book","damage_taken":16,"max_hp_gain":0,"max_hp_loss":0,"event_name":"Cursed Tome","floor":28,"gold_loss":0}],"is_beta":false,"boss_relics":[{"not_picked":["Lizard Tail","Runic Pyramid"],"picked":"Coffee Dripper"}],"items_purged_floors":[11],"is_endless":false,"potions_floor_spawned":[5,8,12,18,25],"killed_by":"Collector","ascension_level":0}