{"gold_per_floor":[115,115,131,131,32,32,61,61,108,108,118,118,182,193,193,193],"floor_reached":16,"playtime":503,"items_purged":["Pain"],"score":140,"play_id":"0bde7766-3919-43f5-b54f-61bf9ba33eca","local_time":"20190320212606","is_ascension_mode":true,"campfire_choices":[{"data":"Rip and Tear","floor":6,"key":"SMITH"},{"data":"Defragment","floor":8,"key":"SMITH"},{"data":"Leap","floor":12,"key":"SMITH"},{"floor":15,"key":"REST"}],"neow_cost":"NONE","seed_source_timestamp":967005788978438,"circlet_count":0,"master_deck":["Strike_B","Strike_B","Strike_B","Strike_B","Defend_B","Defend_B","Defend_B","Defend_B","Zap","Dualcast+1","Rip and Tear+1","Leap+1","Leap","Defragment+1","FTL","Hologram","Auto Shields"],"relics":["Cracked Core","WarpedTongs","Ornamental Fan","Regal Pillow","Tiny Chest"],"potions_floor_usage":[13,16,16],"damage_taken":[{"damage":1,"enemies":"2 Louse","floor":1,"turns":2},{"damage":4,"enemies":"Cultist","floor":3,"turns":3},{"damage":9,"enemies":"Lagavulin","floor":7,"turns":8},{"damage":0,"enemies":"Small Slimes","floor":11,"turns":2},{"damage":7,"enemies":"3 Sentries","floor":13,"turns":5},{"damage":19,"enemies":"Exordium Wildlife","floor":14,"turns":3},{"damage":79,"enemies":"Hexaghost","floor":16,"turns":11}],"seed_played":"-6853299937232572676","potions_obtained":[{"floor":1,"key":"Explosive Potion"},{"floor":7,"key":"SkillPotion"},{"floor":14,"key":"PowerPotion"}],"is_trial":false,"path_per_floor":["M","?","M","$","$","R","E","R","T","?","M","R","E","M","R","B"],"character_chosen":"DEFECT","items_purchased":["Leap"],"campfire_rested":1,"item_purchase_floors":[5],"current_hp_per_floor":[74,74,70,70,70,70,61,61,61,61,61,61,54,35,74,0],"gold":193,"neow_bonus":"TEN_PERCENT_HP_BONUS","is_prod":false,"is_daily":false,"chose_seed":false,"campfire_upgraded":3,"win_rate":0,"timestamp":1553131566,"path_taken":["M","?","M","?","$","R","E","R","T","?","M","R","E","M","R","BOSS"],"build_version":"2019-01-23","purchased_purges":1,"victory":false,"max_hp_per_floor":[82,82,82,82,82,82,82,82,82,82,82,82,82,82,82,82],"card_choices":[{"not_picked":["Reprogram","Redo"],"picked":"Rip and Tear","floor":1},{"not_picked":["Compile Driver","Stack"],"picked":"Leap","floor":3},{"not_picked":["Gash","Aggregate"],"picked":"Defragment","floor":7},{"not_picked":["Fusion","Streamline"],"picked":"FTL","floor":11},{"not_picked":["Beam Cell","Reprogram"],"picked":"Hologram","floor":13},{"not_picked":["Gash","Cold Snap"],"picked":"Auto Shields","floor":14}],"player_experience":319257,"relics_obtained":[{"floor":7,"key":"Ornamental Fan"},{"floor":9,"key":"Regal Pillow"},{"floor":13,"key":"Tiny Chest"}],"event_choices":[{"damage_healed":0,"gold_gain":0,"player_choice":"Rummage","damage_taken":0,"relics_obtained":["WarpedTongs"],"max_hp_gain":0,"max_hp_loss":0,"event_name":"Accursed Blacksmith","floor":2,"gold_loss":0,"cards_obtained":["Pain"]},{"damage_healed":0,"gold_gain":0,"player_choice":"Grow","damage_taken":0,"max_hp_gain":0,"max_hp_loss":0,"event_name":"Living Wall","floor":10,"gold_loss":0,"cards_upgraded":["Dualcast"]}],"is_beta":false,"boss_relics":[],"items_purged_floors":[5],"is_endless":false,"potions_floor_spawned":[1,7,14],"killed_by":"Hexaghost","ascension_level":6}