{"gold_per_floor":[114,189,205,222,233,263,263,283,283,283,293,58,75,109,109,205,205,216,12,12,23,34,63,63,89,89,102,102,102],"floor_reached":29,"playtime":1883,"items_purged":["Strike_B"],"score":403,"play_id":"19e86a34-7e11-4c1c-9cff-fd58e3a09773","local_time":"20190307194620","is_ascension_mode":true,"campfire_choices":[{"floor":7,"key":"REST"},{"data":"Go for the Eyes","floor":10,"key":"SMITH"},{"floor":15,"key":"REST"},{"floor":24,"key":"REST"}],"neow_cost":"PERCENT_DAMAGE","seed_source_timestamp":1565837687124862,"circlet_count":0,"master_deck":["Strike_B","Strike_B","Strike_B","Defend_B","Defend_B","Defend_B","Defend_B","Zap","Dualcast","Steam","Darkness","Coolheaded","Echo Form","Go for the Eyes+1","Turbo","Undo","Loop","Steam","BootSequence","Biased Cognition","Leap","Conserve Battery+1","Compile Driver+1","Redo","Steam+1"],"relics":["Cracked Core","Pocketwatch","Cables","Shuriken","Nuclear Battery","Oddly Smooth Stone","Gremlin Horn","Blood Vial","Mummified Hand","Frozen Egg 2"],"potions_floor_usage":[13,24,25],"damage_taken":[{"damage":1,"enemies":"Cultist","floor":1,"turns":3},{"damage":0,"enemies":"Small Slimes","floor":3,"turns":3},{"damage":2,"enemies":"2 Louse","floor":4,"turns":3},{"damage":6,"enemies":"Large Slime","floor":5,"turns":5},{"damage":27,"enemies":"Lagavulin","floor":6,"turns":8},{"damage":8,"enemies":"Blue Slaver","floor":8,"turns":3},{"damage":1,"enemies":"2 Fungi Beasts","floor":11,"turns":3},{"damage":17,"enemies":"Gremlin Gang","floor":13,"turns":5},{"damage":17,"enemies":"3 Sentries","floor":14,"turns":7},{"damage":7,"enemies":"Slime Boss","floor":16,"turns":6},{"damage":10,"enemies":"Spheric Guardian","floor":18,"turns":5},{"damage":12,"enemies":"Chosen","floor":21,"turns":6},{"damage":0,"enemies":"3 Cultists","floor":22,"turns":7},{"damage":46,"enemies":"Slavers","floor":23,"turns":8},{"damage":18,"enemies":"Gremlin Leader","floor":25,"turns":8},{"damage":1,"enemies":"Centurion and Healer","floor":27,"turns":7},{"damage":14,"enemies":"Snecko","floor":29,"turns":4}],"seed_played":"-5148073236183761371","potions_obtained":[{"floor":1,"key":"Strength Potion"},{"floor":5,"key":"FearPotion"},{"floor":6,"key":"Weak Potion"},{"floor":13,"key":"FocusPotion"},{"floor":18,"key":"Ancient Potion"},{"floor":22,"key":"Strength Potion"},{"floor":23,"key":"Fruit Juice"}],"is_trial":false,"path_per_floor":["M","?","M","M","M","E","R","M","T","R","M","$","M","E","R","B",null,"M","$","?","M","M","E","R","E","T","M","?","M"],"character_chosen":"DEFECT","items_purchased":["Undo","Loop","Oddly Smooth Stone","Leap"],"campfire_rested":3,"item_purchase_floors":[12,12,19,19],"current_hp_per_floor":[67,56,56,54,48,21,47,39,39,39,38,38,21,4,30,23,73,63,63,63,51,51,5,36,20,20,21,2,0],"gold":102,"neow_bonus":"TWENTY_PERCENT_HP_BONUS","is_prod":false,"is_daily":false,"chose_seed":false,"campfire_upgraded":1,"win_rate":0,"timestamp":1552005980,"path_taken":["M","?","M","M","M","E","R","M","T","R","M","$","M","E","R","BOSS","M","$","?","M","M","E","R","E","T","?","?","M"],"build_version":"2019-01-23","purchased_purges":1,"victory":false,"max_hp_per_floor":[89,89,89,89,89,89,89,89,89,89,89,89,89,89,89,89,89,89,89,89,89,89,89,94,94,94,94,99,99],"card_choices":[{"not_picked":["Genetic Algorithm","Stack"],"picked":"Steam","floor":1},{"not_picked":["Go for the Eyes","Hologram"],"picked":"Darkness","floor":3},{"not_picked":["Chaos","Reinforced Body","Genetic Algorithm"],"picked":"SKIP","floor":4},{"not_picked":["Compile Driver","Steam"],"picked":"Coolheaded","floor":5},{"not_picked":["Gash","Amplify"],"picked":"Echo Form","floor":6},{"not_picked":["Doom and Gloom","Sweeping Beam"],"picked":"Go for the Eyes","floor":8},{"not_picked":["Reprogram","Coolheaded"],"picked":"Turbo","floor":11},{"not_picked":["Static Discharge","Cold Snap"],"picked":"Steam","floor":13},{"not_picked":["Turbo","Hologram"],"picked":"BootSequence","floor":14},{"not_picked":["Machine Learning","Core Surge"],"picked":"Biased Cognition","floor":16},{"not_picked":["Rebound","Beam Cell","Gash"],"picked":"SKIP","floor":18},{"not_picked":["Streamline","Leap+1"],"picked":"Conserve Battery+1","floor":21},{"not_picked":["Ball Lightning","Capacitor"],"picked":"Compile Driver+1","floor":22},{"not_picked":["Capacitor","Creative AI"],"picked":"Redo","floor":23},{"not_picked":["Conserve Battery","Lockon","Reinforced Body"],"picked":"SKIP","floor":25},{"not_picked":["Conserve Battery","Lockon","Reinforced Body"],"picked":"SKIP","floor":25},{"not_picked":["Barrage","Go for the Eyes"],"picked":"Steam+1","floor":27}],"player_experience":260964,"relics_obtained":[{"floor":6,"key":"Pocketwatch"},{"floor":9,"key":"Cables"},{"floor":14,"key":"Shuriken"},{"floor":23,"key":"Blood Vial"},{"floor":25,"key":"Mummified Hand"},{"floor":26,"key":"Frozen Egg 2"}],"event_choices":[{"damage_healed":0,"gold_gain":75,"player_choice":"Gather Gold","damage_taken":11,"max_hp_gain":0,"max_hp_loss":0,"event_name":"World of Goop","floor":2,"gold_loss":0},{"damage_healed":0,"gold_gain":0,"player_choice":"Gave Potion","damage_taken":0,"relics_obtained":["Gremlin Horn"],"max_hp_gain":0,"max_hp_loss":0,"event_name":"WeMeetAgain","floor":20,"gold_loss":0},{"damage_healed":0,"gold_gain":0,"player_choice":"Shed Blood","damage_taken":24,"max_hp_gain":5,"max_hp_loss":0,"event_name":"Forgotten Altar","floor":28,"gold_loss":0}],"is_beta":false,"boss_relics":[{"not_picked":["Runic Dome","Coffee Dripper"],"picked":"Nuclear Battery"}],"items_purged_floors":[12],"is_endless":false,"potions_floor_spawned":[1,5,6,13,18,22,23],"killed_by":"Snecko","ascension_level":5}