{"gold_per_floor":[113,126,143,68,68,68,82,82,160,160,160,198,218,231,231,329,329,350,364,3,3,3,3],"floor_reached":23,"playtime":696,"items_purged":["Strike_R"],"score":382,"play_id":"f46fd8b9-3b90-40a9-8485-3a8e196ed7ac","local_time":"20181109013605","is_ascension_mode":true,"campfire_choices":[{"data":"Bash","floor":6.0,"key":"SMITH"},{"data":"Feel No Pain","floor":10.0,"key":"SMITH"},{"floor":15.0,"key":"REST"}],"neow_cost":"TEN_PERCENT_HP_LOSS","seed_source_timestamp":1298722104771843,"circlet_count":0,"master_deck":["AscendersBane","Strike_R","Strike_R+1","Strike_R+1","Defend_R","Defend_R","Defend_R","Defend_R","Bash+1","Offering","Feel No Pain+1","Cleave","Clothesline","Anger","Corruption","Ghostly Armor","Immolate","True Grit","True Grit"],"special_seed":0,"relics":["Burning Blood","Golden Idol","Matryoshka","Bag of Marbles","Coffee Dripper","TheAbacus"],"potions_floor_usage":[23],"damage_taken":[{"damage":10.0,"enemies":"Small Slimes","floor":1.0,"turns":3.0},{"damage":15.0,"enemies":"Jaw Worm","floor":2.0,"turns":5.0},{"damage":3.0,"enemies":"2 Louse","floor":3.0,"turns":3.0},{"damage":7.0,"enemies":"2 Fungi Beasts","floor":7.0,"turns":3.0},{"damage":12.0,"enemies":"Gremlin Nob","floor":12.0,"turns":3.0},{"damage":15.0,"enemies":"Exordium Wildlife","floor":13.0,"turns":4.0},{"damage":12.0,"enemies":"Large Slime","floor":14.0,"turns":6.0},{"damage":32.0,"enemies":"Slime Boss","floor":16.0,"turns":8.0},{"damage":21.0,"enemies":"3 Byrds","floor":18.0,"turns":6.0},{"damage":17.0,"enemies":"2 Thieves","floor":19.0,"turns":4.0},{"damage":19,"enemies":"Slavers","floor":23,"turns":2}],"seed_played":"6406163598430497608","potions_obtained":[{"floor":1.0,"key":"Poison Potion"},{"floor":7.0,"key":"EssenceOfSteel"},{"floor":13.0,"key":"SteroidPotion"}],"is_trial":false,"path_per_floor":["M","M","M","?","?","R","M","?","T","R","?","E","M","M","R","B",null,"M","M","$","?","?","E"],"character_chosen":"IRONCLAD","items_purchased":["True Grit","TheAbacus"],"campfire_rested":1,"item_purchase_floors":[20,20],"current_hp_per_floor":[64,55,58,58,63,63,62,62,62,62,42,36,27,21,40,14,53,38,27,27,27,27,8],"gold":3,"neow_bonus":"THREE_RARE_CARDS","is_prod":false,"is_daily":false,"chose_seed":false,"campfire_upgraded":2,"win_rate":0,"timestamp":1541745365,"path_taken":["M","M","M","?","?","R","M","?","T","R","?","E","M","?","R","BOSS","M","M","$","?","?","E"],"build_version":"2018-11-08","purchased_purges":1,"victory":false,"max_hp_per_floor":[68,68,68,68,73,73,73,66,66,66,66,66,66,66,66,66,66,66,66,66,66,66,66],"card_choices":[{"not_picked":["Impervious","Exhume"],"picked":"Offering","floor":0.0},{"not_picked":["Reckless Charge","Twin Strike"],"picked":"Feel No Pain","floor":1.0},{"not_picked":["Searing Blow","Pommel Strike"],"picked":"Cleave","floor":2.0},{"not_picked":["Clash","Fire Breathing"],"picked":"Clothesline","floor":3.0},{"not_picked":["Rupture","Clothesline"],"picked":"Anger","floor":7.0},{"not_picked":["Evolve","Bloodletting"],"picked":"Corruption","floor":12.0},{"not_picked":["Bloodletting","Flex"],"picked":"Ghostly Armor","floor":13.0},{"not_picked":["Flex","Whirlwind","Body Slam"],"picked":"SKIP","floor":14.0},{"not_picked":["Barricade","Berserk"],"picked":"Immolate","floor":16.0},{"not_picked":["Clothesline","Clash"],"picked":"True Grit","floor":18.0},{"not_picked":["Sword Boomerang+1","Wild Strike","Heavy Blade"],"picked":"SKIP","floor":19.0}],"player_experience":787038,"relics_obtained":[{"floor":9.0,"key":"Matryoshka"},{"floor":12.0,"key":"Bag of Marbles"}],"event_choices":[{"cards_removed":["Strike_R"],"damage_healed":0.0,"max_hp_gain":0.0,"max_hp_loss":0.0,"gold_gain":0.0,"event_name":"The Cleric","player_choice":"Card Removal","floor":4.0,"gold_loss":75.0,"damage_taken":0.0},{"damage_healed":0.0,"max_hp_gain":5.0,"max_hp_loss":0.0,"gold_gain":0.0,"event_name":"Big Fish","player_choice":"Donut","floor":5.0,"gold_loss":0.0,"damage_taken":0.0},{"damage_healed":0.0,"max_hp_gain":0.0,"max_hp_loss":7.0,"gold_gain":0.0,"event_name":"Golden Idol","player_choice":"Lose Max HP","floor":8.0,"gold_loss":0.0,"damage_taken":0.0,"relics_obtained":["Golden Idol"]},{"damage_healed":0.0,"max_hp_gain":0.0,"max_hp_loss":0.0,"gold_gain":0.0,"event_name":"Shining Light","player_choice":"Entered Light","floor":11.0,"gold_loss":0.0,"damage_taken":20.0,"cards_upgraded":["Strike_R","Strike_R"]},{"damage_healed":0.0,"max_hp_gain":0.0,"max_hp_loss":0.0,"gold_gain":0.0,"event_name":"The Mausoleum","player_choice":"Ignored","floor":21.0,"gold_loss":0.0,"damage_taken":0.0},{"damage_healed":0.0,"max_hp_gain":0.0,"max_hp_loss":0.0,"gold_gain":0.0,"event_name":"Beggar","player_choice":"Ignored","floor":22.0,"gold_loss":0.0,"damage_taken":0.0}],"is_beta":true,"boss_relics":[{"not_picked":["Runic Dome","White Beast Statue"],"picked":"Coffee Dripper"}],"items_purged_floors":[20],"is_endless":false,"potions_floor_spawned":[1,7,13,14],"killed_by":"Slavers","ascension_level":20}