{"gold_per_floor":[114,125,125,75,90,117,117,117,117,147,147,165,179,205,205,300,300,318,318,334,334,334],"floor_reached":22,"playtime":1240,"items_purged":[],"score":224,"play_id":"d54d5340-7766-4313-b8d7-8ce0e562cb5f","local_time":"20190323140833","is_ascension_mode":true,"campfire_choices":[{"floor":11.0,"key":"REST"},{"data":"Heavy Blade","floor":15.0,"key":"SMITH"}],"neow_cost":"NONE","seed_source_timestamp":10710328185766,"circlet_count":0,"master_deck":["Strike_R","Strike_R","Strike_R","Strike_R","Defend_R","Defend_R","Defend_R","Defend_R","Bash","Inflame","Heavy Blade+1","Shrug It Off","Cleave+1","Cleave","Shrug It Off","Battle Trance","Demon Form","Headbutt"],"special_seed":0,"relics":["Burning Blood","Bottled Lightning","Pantograph","Smiling Mask","Mercury Hourglass","Philosopher\u0027s Stone"],"potions_floor_usage":[],"damage_taken":[{"damage":7.0,"enemies":"Small Slimes","floor":1.0,"turns":5.0},{"damage":1.0,"enemies":"Cultist","floor":2.0,"turns":4.0},{"damage":9.0,"enemies":"2 Louse","floor":5.0,"turns":3.0},{"damage":33.0,"enemies":"3 Sentries","floor":6.0,"turns":6.0},{"damage":15.0,"enemies":"Gremlin Nob","floor":10.0,"turns":4.0},{"damage":0.0,"enemies":"Large Slime","floor":12.0,"turns":4.0},{"damage":14.0,"enemies":"Looter","floor":13.0,"turns":3.0},{"damage":14.0,"enemies":"3 Sentries","floor":14.0,"turns":4.0},{"damage":67.0,"enemies":"The Guardian","floor":16.0,"turns":9.0},{"damage":32.0,"enemies":"2 Thieves","floor":18.0,"turns":3.0},{"damage":24,"enemies":"Colosseum Slavers","floor":19,"turns":5},{"damage":1,"enemies":"Chosen","floor":20,"turns":4},{"damage":54,"enemies":"Shelled Parasite and Fungi","floor":22,"turns":5}],"seed_played":"-5132946175429986259","potions_obtained":[{"floor":2.0,"key":"Weak Potion"},{"floor":5.0,"key":"SkillPotion"},{"floor":16.0,"key":"Regen Potion"}],"is_trial":false,"path_per_floor":["M","M","?","$","M","E","?","?","T","E","R","M","M","E","R","B",null,"M","?","M","?","M"],"character_chosen":"IRONCLAD","items_purchased":["Shrug It Off"],"campfire_rested":1,"item_purchase_floors":[4],"current_hp_per_floor":[87,88,88,88,85,58,58,58,58,49,75,81,73,65,65,27,88,67,49,54,54,0],"gold":334,"neow_bonus":"TEN_PERCENT_HP_BONUS","is_prod":false,"is_daily":false,"chose_seed":false,"campfire_upgraded":1,"win_rate":0,"timestamp":1553360913,"path_taken":["M","M","?","?","M","E","?","?","T","E","R","M","M","E","R","BOSS","M","?","M","?","M"],"build_version":"2019-01-17","purchased_purges":0,"victory":false,"max_hp_per_floor":[88,88,88,88,88,88,88,88,88,88,88,88,88,88,88,88,88,88,88,88,88,88],"card_choices":[{"not_picked":["Headbutt","Armaments"],"picked":"Inflame","floor":1.0},{"not_picked":["Dual Wield","Body Slam"],"picked":"Heavy Blade","floor":2.0},{"not_picked":["Perfected Strike","Battle Trance"],"picked":"Cleave","floor":5.0},{"not_picked":["Shrug It Off","Corruption"],"picked":"Cleave","floor":6.0},{"not_picked":["Body Slam","Power Through","True Grit"],"picked":"SKIP","floor":10.0},{"not_picked":["Thunderclap","Body Slam"],"picked":"Shrug It Off","floor":12.0},{"not_picked":["Perfected Strike","Armaments"],"picked":"Battle Trance","floor":13.0},{"not_picked":["Thunderclap","Sword Boomerang","Anger"],"picked":"SKIP","floor":14.0},{"not_picked":["Barricade","Dark Embrace"],"picked":"Demon Form","floor":16.0},{"not_picked":["Sword Boomerang","Clash"],"picked":"Headbutt","floor":18.0},{"not_picked":["Body Slam","Sword Boomerang","Perfected Strike"],"picked":"SKIP","floor":20}],"player_experience":24480,"relics_obtained":[{"floor":6.0,"key":"Bottled Lightning"},{"floor":9.0,"key":"Pantograph"},{"floor":10.0,"key":"Smiling Mask"},{"floor":14.0,"key":"Mercury Hourglass"}],"event_choices":[{"cards_removed":["Strike_R"],"damage_healed":0.0,"max_hp_gain":0.0,"max_hp_loss":0.0,"gold_gain":0.0,"event_name":"Bonfire Elementals","player_choice":"Offered Basic","floor":3.0,"gold_loss":0.0,"damage_taken":0.0},{"damage_healed":0.0,"max_hp_gain":0.0,"max_hp_loss":0.0,"gold_gain":0.0,"event_name":"Living Wall","player_choice":"Grow","floor":7.0,"gold_loss":0.0,"damage_taken":0.0,"cards_upgraded":["Cleave"]},{"damage_healed":0.0,"max_hp_gain":0.0,"max_hp_loss":0.0,"gold_gain":0.0,"event_name":"The Cleric","player_choice":"Leave","floor":8.0,"gold_loss":0.0,"damage_taken":0.0},{"damage_healed":0,"gold_gain":0,"player_choice":"Fight","damage_taken":0,"max_hp_gain":0,"max_hp_loss":0,"event_name":"Colosseum","floor":19,"gold_loss":0},{"damage_healed":0,"gold_gain":0,"player_choice":"Fled From Nobs","damage_taken":0,"max_hp_gain":0,"max_hp_loss":0,"event_name":"Colosseum","floor":19,"gold_loss":0},{"damage_healed":0,"gold_gain":0,"player_choice":"Ignored","damage_taken":0,"max_hp_gain":0,"max_hp_loss":0,"event_name":"Beggar","floor":21,"gold_loss":0}],"is_beta":false,"boss_relics":[{"not_picked":["Mark of Pain","White Beast Statue"],"picked":"Philosopher\u0027s Stone"}],"items_purged_floors":[],"is_endless":false,"potions_floor_spawned":[2,5,16,19],"killed_by":"Shelled Parasite and Fungi","ascension_level":2}