{"gold_per_floor":[13,13,13,25,42,42,77,127,127,154,167,53,73,73,73,73],"floor_reached":16,"playtime":526,"items_purged":[],"score":220,"play_id":"6424d3fd-197e-42a6-bde7-d26f0990e779","local_time":"20190317200838","is_ascension_mode":true,"campfire_choices":[{"data":"Pommel Strike","floor":6,"key":"SMITH"},{"floor":15,"key":"REST"}],"neow_cost":"NO_GOLD","seed_source_timestamp":155772221960500,"circlet_count":0,"master_deck":["AscendersBane","Strike_R","Strike_R","Strike_R","Strike_R","Defend_R","Defend_R","Defend_R","Defend_R","Bash","Dramatic Entrance","Madness","Headbutt","Pommel Strike+1","Iron Wave","Twin Strike","Feed","Shockwave","Ghostly Armor","Pummel","Cleave"],"relics":["Burning Blood","Ginger","Du-Vu Doll","Smiling Mask","Bird Faced Urn"],"potions_floor_usage":[10,11,16],"damage_taken":[{"damage":0,"enemies":"Small Slimes","floor":1,"turns":2},{"damage":0,"enemies":"Cultist","floor":4,"turns":2},{"damage":7,"enemies":"Jaw Worm","floor":5,"turns":3},{"damage":27,"enemies":"Gremlin Nob","floor":7,"turns":4},{"damage":34,"enemies":"Lagavulin","floor":10,"turns":4},{"damage":24,"enemies":"Exordium Thugs","floor":11,"turns":3},{"damage":6,"enemies":"Gremlin Gang","floor":13,"turns":2},{"damage":38,"enemies":"The Guardian","floor":16,"turns":9}],"seed_played":"7293456251885837449","potions_obtained":[{"floor":1,"key":"Fire Potion"},{"floor":7,"key":"Energy Potion"},{"floor":13,"key":"Poison Potion"}],"is_trial":false,"path_per_floor":["M","$","?","M","M","R","E","?","T","E","M","$","M","T","R","B"],"character_chosen":"IRONCLAD","items_purchased":["Ghostly Armor","Pummel"],"campfire_rested":1,"item_purchase_floors":[12,12],"current_hp_per_floor":[74,74,74,75,74,74,53,53,53,25,10,10,13,13,37,0],"gold":73,"neow_bonus":"RANDOM_COLORLESS_2","is_prod":false,"is_daily":false,"chose_seed":false,"campfire_upgraded":1,"win_rate":0,"timestamp":1552867718,"path_taken":["M","$","?","?","M","R","E","?","T","E","M","?","?","?","R","BOSS"],"build_version":"2019-03-15","purchased_purges":0,"victory":false,"max_hp_per_floor":[75,75,75,75,75,75,75,75,75,75,78,78,81,81,81,81],"card_choices":[{"not_picked":["Dropkick","Blood for Blood"],"picked":"Headbutt","floor":1},{"not_picked":["Evolve","Clothesline"],"picked":"Pommel Strike","floor":4},{"not_picked":["Clash","Warcry"],"picked":"Iron Wave","floor":5},{"not_picked":["Iron Wave","Cleave"],"picked":"Twin Strike","floor":7},{"not_picked":["True Grit","Wild Strike"],"picked":"Feed","floor":10},{"not_picked":["Sword Boomerang","Heavy Blade"],"picked":"Shockwave","floor":11},{"not_picked":["Havoc","Rampage"],"picked":"Cleave","floor":13}],"player_experience":666748,"relics_obtained":[{"floor":7,"key":"Ginger"},{"floor":9,"key":"Du-Vu Doll"},{"floor":10,"key":"Smiling Mask"},{"floor":14,"key":"Bird Faced Urn"}],"event_choices":[{"cards_removed":["Strike_R"],"damage_healed":0,"gold_gain":0,"player_choice":"Offered Basic","damage_taken":0,"max_hp_gain":0,"max_hp_loss":0,"event_name":"Bonfire Elementals","floor":3,"gold_loss":0},{"damage_healed":0,"gold_gain":50,"player_choice":"Pray","damage_taken":0,"max_hp_gain":0,"max_hp_loss":0,"event_name":"Golden Shrine","floor":8,"gold_loss":0}],"is_beta":true,"boss_relics":[],"items_purged_floors":[],"is_endless":false,"potions_floor_spawned":[1,7,13],"killed_by":"The Guardian","ascension_level":20}