{"gold_per_floor":[15,90,100,120,120,120,134,148,172,172,200,200,125,169,169,300,300,320,66,66,85,101,101,115,115,195,226,246,246,266,34,34,162,162,176,191,215,215,231,231,251,376,376,395,395,144,162,32,32,32],"floor_reached":51,"playtime":4547,"items_purged":["Strike_R","Defend_R","Strike_R","Strike_R"],"score":706,"play_id":"df7b3e03-340b-47a7-b0b3-c68b7cc36a5f","local_time":"20190321114724","is_ascension_mode":false,"campfire_choices":[{"data":"Whirlwind","floor":6.0,"key":"SMITH"},{"data":"Anger","floor":10.0,"key":"SMITH"},{"data":"Infernal Blade","floor":15.0,"key":"SMITH"},{"data":"Juggernaut","floor":23.0,"key":"SMITH"},{"data":"Wild Strike","floor":25.0,"key":"SMITH"},{"data":"Disarm","floor":32.0,"key":"SMITH"},{"data":"Iron Wave","floor":40.0,"key":"SMITH"},{"floor":45.0,"key":"DIG"},{"floor":49,"key":"DIG"}],"neow_cost":"NO_GOLD","seed_source_timestamp":0,"circlet_count":0,"master_deck":["Strike_R","Defend_R","Bash","Pommel Strike","Wild Strike+1","Whirlwind+1","Metallicize","Anger+1","Shrug It Off","Infernal Blade+1","Juggernaut+1","Disarm+1","Iron Wave+1","Headbutt","Shrug It Off","Clothesline","Dual Wield+1","Pommel Strike","Discovery","Shrug It Off","Discovery","Fiend Fire+1","Inflame","Iron Wave+1","Headbutt+1","Anger+1","Blood for Blood+1","Flame Barrier+1","Ghostly Armor+1","Iron Wave+1"],"special_seed":0,"relics":["Burning Blood","Strawberry","Orichalcum","Red Skull","Golden Idol","Thread and Needle","Velvet Choker","Membership Card","Pear","Pocketwatch","Molten Egg 2","Eternal Feather","Shovel","Frozen Egg 2","Magic Flower","Happy Flower","ClockworkSouvenir","Mercury Hourglass","Mango"],"potions_floor_usage":[50],"damage_taken":[{"damage":1.0,"enemies":"Small Slimes","floor":1.0,"turns":4.0},{"damage":1.0,"enemies":"Jaw Worm","floor":3.0,"turns":3.0},{"damage":2.0,"enemies":"2 Louse","floor":4.0,"turns":3.0},{"damage":5.0,"enemies":"Looter","floor":7.0,"turns":3.0},{"damage":0.0,"enemies":"Gremlin Gang","floor":8.0,"turns":1.0},{"damage":9.0,"enemies":"3 Sentries","floor":11.0,"turns":4.0},{"damage":10.0,"enemies":"Gremlin Nob","floor":14.0,"turns":4.0},{"damage":5.0,"enemies":"Slime Boss","floor":16.0,"turns":10.0},{"damage":0.0,"enemies":"Chosen","floor":18.0,"turns":3.0},{"damage":0.0,"enemies":"3 Byrds","floor":21.0,"turns":4.0},{"damage":2.0,"enemies":"Snake Plant","floor":22.0,"turns":4.0},{"damage":5.0,"enemies":"Chosen and Byrds","floor":24.0,"turns":3.0},{"damage":14.0,"enemies":"Slavers","floor":27.0,"turns":4.0},{"damage":0.0,"enemies":"3 Cultists","floor":28.0,"turns":2.0},{"damage":11.0,"enemies":"Centurion and Healer","floor":30.0,"turns":3.0},{"damage":7.0,"enemies":"Champ","floor":33.0,"turns":9.0},{"damage":49.0,"enemies":"3 Shapes","floor":35.0,"turns":4.0},{"damage":12.0,"enemies":"3 Darklings","floor":36.0,"turns":5.0},{"damage":6.0,"enemies":"Spire Growth","floor":37.0,"turns":4.0},{"damage":0.0,"enemies":"Transient","floor":39.0,"turns":5.0},{"damage":2.0,"enemies":"Writhing Mass","floor":41.0,"turns":6.0},{"damage":0.0,"enemies":"Mind Bloom Boss Battle","floor":42.0,"turns":4.0},{"damage":13.0,"enemies":"4 Shapes","floor":44.0,"turns":4.0},{"damage":4.0,"enemies":"Jaw Worm Horde","floor":47.0,"turns":2.0},{"damage":53,"enemies":"Awakened One","floor":50,"turns":13}],"seed_played":"-1891042007484316951","potions_obtained":[{"floor":3.0,"key":"EssenceOfSteel"},{"floor":14.0,"key":"LiquidBronze"},{"floor":16.0,"key":"BloodPotion"},{"floor":28.0,"key":"Poison Potion"},{"floor":33.0,"key":"EntropicBrew"},{"floor":35.0,"key":"Energy Potion"},{"floor":36.0,"key":"Explosive Potion"}],"is_trial":false,"path_per_floor":["M","?","M","M","?","R","M","M","T","R","E","?","$","E","R","B",null,"M","$","?","M","M","R","M","R","T","E","M","?","M","$","R","B",null,"M","M","M","?","M","R","M","?","T","M","R","$","M","$","R","B",null],"character_chosen":"IRONCLAD","items_purchased":["Membership Card","Molten Egg 2","Discovery","Happy Flower","ClockworkSouvenir","Mercury Hourglass"],"campfire_rested":0,"item_purchase_floors":[19,31,31,46,46,48],"current_hp_per_floor":[80,69,74,78,82,82,83,87,87,87,84,63,63,59,59,60,87,87,87,87,87,87,87,87,87,97,89,95,77,72,72,72,71,97,54,48,48,97,97,97,97,97,97,90,97,97,97,97,111,84],"gold":32,"neow_bonus":"REMOVE_TWO","is_prod":false,"is_daily":false,"chose_seed":false,"campfire_upgraded":7,"win_rate":0,"timestamp":1553186844,"path_taken":["M","?","M","M","?","R","M","M","T","R","E","?","$","E","R","BOSS","M","$","?","M","?","R","M","R","T","E","M","?","?","?","R","BOSS","M","M","M","?","M","R","?","?","T","M","R","$","M","$","R","BOSS"],"build_version":"2019-01-23","purchased_purges":4,"victory":true,"max_hp_per_floor":[80,80,80,80,87,87,87,87,87,87,87,87,87,87,87,87,87,87,87,87,87,87,87,87,87,97,97,97,97,97,97,97,97,97,97,97,97,97,97,97,97,97,97,97,97,97,97,97,111,111],"card_choices":[{"not_picked":["Heavy Blade","Clash"],"picked":"Pommel Strike","floor":1.0},{"not_picked":["Cleave","Shockwave"],"picked":"Wild Strike","floor":3.0},{"not_picked":["Pommel Strike","Disarm"],"picked":"Whirlwind","floor":4.0},{"not_picked":["Barricade","Pummel"],"picked":"Metallicize","floor":7.0},{"not_picked":["Seeing Red","Pommel Strike"],"picked":"Anger","floor":8.0},{"not_picked":["Inflame","Clothesline"],"picked":"Shrug It Off","floor":11.0},{"not_picked":["Entrench","Dark Embrace"],"picked":"Infernal Blade","floor":14.0},{"not_picked":["Feed","Bludgeon"],"picked":"Juggernaut","floor":16.0},{"not_picked":["Body Slam","Cleave"],"picked":"Disarm","floor":18.0},{"not_picked":["Wild Strike","Corruption+1"],"picked":"Headbutt","floor":21.0},{"not_picked":["Shockwave","Cleave"],"picked":"Shrug It Off","floor":22.0},{"not_picked":["Heavy Blade","Armaments"],"picked":"Clothesline","floor":24.0},{"not_picked":["Rupture","Battle Trance"],"picked":"Dual Wield+1","floor":27.0},{"not_picked":["Body Slam","Evolve+1"],"picked":"Pommel Strike","floor":28.0},{"not_picked":["Clash","Bloodletting"],"picked":"Shrug It Off","floor":30.0},{"not_picked":["Impervious","Berserk"],"picked":"Fiend Fire+1","floor":33.0},{"not_picked":["Sword Boomerang+1","Reckless Charge+1"],"picked":"Inflame","floor":35.0},{"not_picked":["Warcry","Sword Boomerang+1"],"picked":"Iron Wave+1","floor":36.0},{"not_picked":["Disarm","Combust"],"picked":"Headbutt+1","floor":37.0},{"not_picked":["Sword Boomerang+1","Inflame"],"picked":"Anger+1","floor":39.0},{"not_picked":["Dual Wield","Sever Soul+1"],"picked":"Blood for Blood+1","floor":41.0},{"not_picked":["Body Slam+1","Perfected Strike+1"],"picked":"Flame Barrier+1","floor":42.0},{"not_picked":["Limit Break","Armaments"],"picked":"Ghostly Armor+1","floor":44.0},{"not_picked":["Shrug It Off","Wild Strike+1"],"picked":"Iron Wave+1","floor":47.0}],"player_experience":50218,"relics_obtained":[{"floor":9.0,"key":"Orichalcum"},{"floor":11.0,"key":"Red Skull"},{"floor":14.0,"key":"Thread and Needle"},{"floor":26.0,"key":"Pear"},{"floor":27.0,"key":"Pocketwatch"},{"floor":42.0,"key":"Shovel"},{"floor":43.0,"key":"Frozen Egg 2"},{"floor":45.0,"key":"Magic Flower"},{"floor":49,"key":"Mango"}],"event_choices":[{"damage_healed":0.0,"max_hp_gain":0.0,"max_hp_loss":0.0,"gold_gain":75.0,"event_name":"World of Goop","player_choice":"Gather Gold","floor":2.0,"gold_loss":0.0,"damage_taken":11.0},{"damage_healed":0.0,"max_hp_gain":0.0,"max_hp_loss":0.0,"gold_gain":0.0,"event_name":"Scrap Ooze","player_choice":"Success","floor":5.0,"gold_loss":0.0,"damage_taken":3.0,"relics_obtained":["Strawberry"]},{"damage_healed":0.0,"max_hp_gain":0.0,"max_hp_loss":0.0,"gold_gain":0.0,"event_name":"Golden Idol","player_choice":"Take Damage","floor":12.0,"gold_loss":0.0,"damage_taken":21.0,"relics_obtained":["Golden Idol"]},{"cards_removed":["Defend_R"],"damage_healed":0.0,"max_hp_gain":0.0,"max_hp_loss":0.0,"gold_gain":0.0,"event_name":"NoteForYourself","player_choice":"Took Card","floor":20.0,"gold_loss":0.0,"damage_taken":0.0,"cards_obtained":["Iron Wave"]},{"damage_healed":0.0,"max_hp_gain":0.0,"max_hp_loss":0.0,"gold_gain":0.0,"event_name":"Knowing Skull","player_choice":"CARD ","floor":29.0,"potions_obtained":[],"gold_loss":0.0,"damage_taken":18.0,"cards_obtained":["Discovery"]},{"damage_healed":49.0,"max_hp_gain":0.0,"max_hp_loss":0.0,"gold_gain":0.0,"event_name":"Wheel of Change","player_choice":"Full Heal","floor":38.0,"gold_loss":0.0,"damage_taken":0.0},{"damage_healed":0.0,"max_hp_gain":0.0,"max_hp_loss":0.0,"gold_gain":0.0,"event_name":"MindBloom","player_choice":"Fight","floor":42.0,"gold_loss":0.0,"damage_taken":0.0}],"is_beta":false,"boss_relics":[{"not_picked":["Runic Pyramid","Black Star"],"picked":"Velvet Choker"},{"not_picked":["Runic Dome","Calling Bell"],"picked":"Eternal Feather"}],"items_purged_floors":[13,19,31,46],"is_endless":false,"potions_floor_spawned":[3,14,16,22,27,28,30,33,35,36,37],"ascension_level":0}