{"gold_per_floor":[113,113,128,178,194,194,220,220,220,252,67,67,102,115,115,115],"floor_reached":16,"playtime":462,"items_purged":["Strike_R"],"score":236,"play_id":"ba737abc-073f-4145-8987-b896e40d9851","local_time":"20181104025315","is_ascension_mode":true,"campfire_choices":[{"data":"Havoc","floor":6.0,"key":"SMITH"},{"data":"Demon Form","floor":8.0,"key":"SMITH"},{"data":"Armaments","floor":15.0,"key":"SMITH"}],"neow_cost":"NONE","seed_source_timestamp":871529814198743,"circlet_count":0,"master_deck":["AscendersBane","Strike_R","Strike_R","Strike_R","Strike_R","Defend_R","Defend_R","Defend_R","Defend_R","Bash+1","Demon Form+1","Anger","Havoc+1","Uppercut","Armaments+1","Offering","Shockwave","Flame Barrier","Armaments+1","Ghostly Armor"],"special_seed":0,"relics":["Burning Blood","Ginger","The Courier","Kunai","Bag of Marbles"],"potions_floor_usage":[],"damage_taken":[{"damage":4.0,"enemies":"Jaw Worm","floor":1.0,"turns":4.0},{"damage":1.0,"enemies":"Cultist","floor":3.0,"turns":4.0},{"damage":1.0,"enemies":"Small Slimes","floor":5.0,"turns":3.0},{"damage":25.0,"enemies":"Lagavulin","floor":7.0,"turns":7.0},{"damage":32.0,"enemies":"Gremlin Nob","floor":10.0,"turns":4.0},{"damage":12.0,"enemies":"3 Sentries","floor":13.0,"turns":6.0},{"damage":7.0,"enemies":"Exordium Thugs","floor":14.0,"turns":5.0},{"damage":0,"enemies":"The Guardian","floor":16,"turns":2}],"seed_played":"-6041638587792578869","potions_obtained":[{"floor":1.0,"key":"Dexterity Potion"},{"floor":3.0,"key":"Swift Potion"},{"floor":10.0,"key":"Swift Potion"},{"floor":14.0,"key":"Dexterity Potion"}],"is_trial":false,"path_per_floor":["M","?","M","?","M","R","E","R","T","E","$","?","E","M","R","B"],"character_chosen":"IRONCLAD","items_purchased":["Shockwave","Flame Barrier"],"campfire_rested":0,"item_purchase_floors":[11,11],"current_hp_per_floor":[70,70,75,68,73,73,54,54,54,28,28,28,22,21,21,21],"gold":115,"neow_bonus":"ONE_RANDOM_RARE_CARD","is_prod":false,"is_daily":false,"chose_seed":false,"campfire_upgraded":3,"win_rate":0,"timestamp":1541317995,"path_taken":["M","?","?","?","?","R","E","R","T","E","$","?","E","M","R","BOSS"],"build_version":"2018-11-02","purchased_purges":1,"victory":false,"max_hp_per_floor":[75,75,75,75,75,75,75,75,75,75,75,75,75,75,75,75],"card_choices":[{"not_picked":["Corruption","Perfected Strike"],"picked":"Anger","floor":1.0},{"not_picked":["Pummel","Inflame"],"picked":"Havoc","floor":3.0},{"not_picked":["Havoc","Pommel Strike"],"picked":"Uppercut","floor":5.0},{"not_picked":["Clash","Sever Soul"],"picked":"Armaments","floor":7.0},{"not_picked":["Heavy Blade","Thunderclap"],"picked":"Offering","floor":10.0},{"not_picked":["Clothesline","Heavy Blade"],"picked":"Armaments","floor":13.0},{"not_picked":["Shockwave","Warcry"],"picked":"Ghostly Armor","floor":14.0}],"player_experience":776236,"relics_obtained":[{"floor":7.0,"key":"Ginger"},{"floor":9.0,"key":"The Courier"},{"floor":10.0,"key":"Kunai"},{"floor":13.0,"key":"Bag of Marbles"}],"event_choices":[{"damage_healed":0.0,"max_hp_gain":0.0,"max_hp_loss":0.0,"gold_gain":0.0,"event_name":"Upgrade Shrine","player_choice":"Upgraded","floor":2.0,"gold_loss":0.0,"damage_taken":0.0,"cards_upgraded":["Bash"]},{"damage_healed":0.0,"max_hp_gain":0.0,"max_hp_loss":0.0,"gold_gain":50.0,"event_name":"FaceTrader","player_choice":"Touch","floor":4.0,"gold_loss":0.0,"damage_taken":7.0},{"damage_healed":0.0,"max_hp_gain":0.0,"max_hp_loss":0.0,"gold_gain":0.0,"event_name":"Living Wall","player_choice":"Grow","floor":12.0,"gold_loss":0.0,"damage_taken":0.0,"cards_upgraded":["Armaments"]}],"is_beta":true,"boss_relics":[],"items_purged_floors":[11],"is_endless":false,"potions_floor_spawned":[1,3,10,14],"killed_by":"The Guardian","ascension_level":20}