{"gold_per_floor":[116,116,132,132,132,132,147,168,215,228,253,253,280,298,298,426,426,445,445],"floor_reached":19,"playtime":1222,"items_purged":[],"score":161,"play_id":"2807dbc1-a61d-4a70-b7b2-0fc502b02161","local_time":"20190320135344","is_ascension_mode":false,"campfire_choices":[{"data":"Twin Strike","floor":6,"key":"SMITH"},{"floor":15,"key":"REST"}],"neow_cost":"NONE","seed_source_timestamp":0,"circlet_count":0,"master_deck":["Strike_R","Strike_R","Strike_R","Strike_R","Defend_R","Defend_R","Defend_R","Defend_R","Bash","Twin Strike+1","Rampage","Shockwave","Infernal Blade","Armaments","Dropkick","Cleave","Fiend Fire","Sword Boomerang"],"special_seed":0,"relics":["Burning Blood","Golden Idol","Bronze Scales","Blood Vial","Anchor","Black Star"],"potions_floor_usage":[16,16],"damage_taken":[{"damage":10,"enemies":"Small Slimes","floor":1,"turns":4},{"damage":5,"enemies":"2 Louse","floor":3,"turns":3},{"damage":1,"enemies":"Jaw Worm","floor":7,"turns":3},{"damage":18,"enemies":"Exordium Thugs","floor":8,"turns":5},{"damage":10,"enemies":"3 Louse","floor":10,"turns":3},{"damage":15,"enemies":"Large Slime","floor":11,"turns":6},{"damage":0,"enemies":"Looter","floor":14,"turns":3},{"damage":54,"enemies":"The Guardian","floor":16,"turns":12},{"damage":15,"enemies":"Chosen","floor":18,"turns":6},{"damage":9,"enemies":"Shell Parasite","floor":19,"turns":4}],"seed_played":"437171588644771124","potions_obtained":[{"floor":1,"key":"BloodPotion"},{"floor":7,"key":"LiquidBronze"},{"floor":11,"key":"LiquidBronze"},{"floor":16,"key":"Weak Potion"},{"floor":18,"key":"EssenceOfSteel"}],"is_trial":false,"path_per_floor":["M","?","M","$","?","R","M","M","T","M","M","?","T","M","R","B",null,"M","M"],"character_chosen":"IRONCLAD","items_purchased":[],"campfire_rested":1,"item_purchase_floors":[],"current_hp_per_floor":[84,77,78,78,56,56,61,49,49,45,36,11,11,19,45,7,88,79,72],"gold":445,"neow_bonus":"TEN_PERCENT_HP_BONUS","is_prod":false,"is_daily":false,"chose_seed":false,"campfire_upgraded":1,"win_rate":0.0,"timestamp":1553108024,"path_taken":["M","?","M","$","?","R","M","M","T","M","M","?","?","M","R","BOSS","M","M"],"build_version":"2019-01-23","purchased_purges":0,"victory":false,"max_hp_per_floor":[88,88,88,88,88,88,88,88,88,88,88,88,88,88,88,88,88,88,88],"card_choices":[{"not_picked":["Intimidate","Pummel"],"picked":"Twin Strike","floor":1},{"not_picked":["Corruption","Sword Boomerang"],"picked":"Rampage","floor":3},{"not_picked":["Heavy Blade","Entrench"],"picked":"Shockwave","floor":7},{"not_picked":["Twin Strike","Spot Weakness"],"picked":"Infernal Blade","floor":8},{"not_picked":["Wild Strike","Twin Strike"],"picked":"Armaments","floor":10},{"not_picked":["Flex","Carnage"],"picked":"Dropkick","floor":11},{"not_picked":["Reckless Charge","Seeing Red"],"picked":"Cleave","floor":14},{"not_picked":["Impervious","Double Tap"],"picked":"Fiend Fire","floor":16},{"not_picked":["Battle Trance","Hemokinesis"],"picked":"Sword Boomerang","floor":18}],"player_experience":19045,"relics_obtained":[{"floor":9,"key":"Bronze Scales"},{"floor":13,"key":"Anchor"}],"event_choices":[{"cards_removed":["Strike_R"],"damage_healed":0,"gold_gain":0,"player_choice":"Card Removal","damage_taken":7,"max_hp_gain":0,"max_hp_loss":0,"event_name":"Golden Wing","floor":2,"gold_loss":0},{"damage_healed":0,"gold_gain":0,"player_choice":"Take Damage","damage_taken":22,"relics_obtained":["Golden Idol"],"max_hp_gain":0,"max_hp_loss":0,"event_name":"Golden Idol","floor":5,"gold_loss":0},{"damage_healed":0,"gold_gain":0,"player_choice":"Success","damage_taken":25,"relics_obtained":["Blood Vial"],"max_hp_gain":0,"max_hp_loss":0,"event_name":"Scrap Ooze","floor":12,"gold_loss":0}],"is_beta":false,"boss_relics":[{"not_picked":["White Beast Statue","Lizard Tail"],"picked":"Black Star"}],"items_purged_floors":[],"is_endless":false,"potions_floor_spawned":[1,7,11,14,16,18],"killed_by":"Shell Parasite","ascension_level":0}