{"gold_per_floor":[15,15,29,29,40,68,145,145,169,134,134,149,149,162,162,286,286,310,329,329,254,47,47,82,82,107,107,107,107],"floor_reached":29,"playtime":705,"items_purged":[],"score":348,"play_id":"80380c77-c93c-4188-9b23-69dbd9b3263e","local_time":"20190323014825","is_ascension_mode":true,"campfire_choices":[{"data":"Uppercut","floor":8,"key":"SMITH"},{"data":"Barricade","floor":11,"key":"SMITH"},{"data":"Disarm","floor":15,"key":"SMITH"},{"floor":23,"key":"REST"},{"data":"Metallicize","floor":27,"key":"SMITH"}],"neow_cost":"NO_GOLD","seed_source_timestamp":1155344115226536,"circlet_count":0,"master_deck":["Defend_R","Defend_R","Defend_R+1","Defend_R","Bash","Uppercut+1","Cleave","Disarm+1","Demon Form+1","Exhume","Flame Barrier+1","Feed+1","Warcry","Ghostly Armor+1","Bite","Bite","Bite","Bite","Bite","Metallicize+1"],"relics":["Burning Blood","Vajra","Boot","Golden Idol","Astrolabe","Sling","Art of War","Bronze Scales"],"potions_floor_usage":[6,29],"damage_taken":[{"damage":15,"enemies":"Cultist","floor":1,"turns":5},{"damage":7,"enemies":"Small Slimes","floor":3,"turns":4},{"damage":4,"enemies":"Jaw Worm","floor":5,"turns":5},{"damage":6,"enemies":"Gremlin Nob","floor":6,"turns":3},{"damage":4,"enemies":"Blue Slaver","floor":12,"turns":4},{"damage":8,"enemies":"Large Slime","floor":14,"turns":6},{"damage":16,"enemies":"The Guardian","floor":16,"turns":11},{"damage":22,"enemies":"Shell Parasite","floor":18,"turns":7},{"damage":45,"enemies":"Spheric Guardian","floor":19,"turns":6},{"damage":29,"enemies":"Gremlin Leader","floor":24,"turns":6},{"damage":27,"enemies":"Slavers","floor":29,"turns":2}],"seed_played":"-834318494058488672","potions_obtained":[{"floor":1,"key":"AttackPotion"},{"floor":12,"key":"Ancient Potion"},{"floor":18,"key":"Fire Potion"}],"is_trial":false,"path_per_floor":["M","$","M","?","M","E","?","R","T","?","R","M","?","M","R","B",null,"M","M","?","?","$","R","E","$","T","R","?","E"],"character_chosen":"IRONCLAD","items_purchased":["Sling"],"campfire_rested":1,"item_purchase_floors":[22],"current_hp_per_floor":[63,63,62,46,48,48,48,48,48,68,68,70,50,48,48,38,70,58,19,19,19,19,36,21,21,21,21,21,0],"gold":107,"neow_bonus":"THREE_RARE_CARDS","is_prod":false,"is_daily":false,"chose_seed":false,"campfire_upgraded":4,"win_rate":0,"timestamp":1553320105,"path_taken":["M","$","M","?","M","E","?","R","T","?","R","?","?","M","R","BOSS","M","M","?","?","$","R","E","$","T","R","?","E"],"build_version":"2019-01-23","purchased_purges":0,"victory":false,"max_hp_per_floor":[80,80,80,80,80,80,80,80,80,80,80,80,80,80,80,80,80,84,84,58,58,58,58,58,58,58,58,58,58],"card_choices":[{"not_picked":["Exhume","Reaper"],"picked":"Barricade","floor":0},{"not_picked":["Feel No Pain","Rupture"],"picked":"Uppercut","floor":1},{"not_picked":["Clash","Pommel Strike","Thunderclap"],"picked":"SKIP","floor":3},{"not_picked":["Pommel Strike","Sword Boomerang"],"picked":"Cleave","floor":5},{"not_picked":["Shockwave","Fire Breathing"],"picked":"Disarm","floor":6},{"not_picked":["Bloodletting","Armaments","Wild Strike"],"picked":"SKIP","floor":12},{"not_picked":["Wild Strike","Cleave"],"picked":"Demon Form","floor":14},{"not_picked":["Berserk","Limit Break"],"picked":"Exhume","floor":16},{"not_picked":["Headbutt","Havoc"],"picked":"Warcry","floor":18},{"not_picked":["Power Through","Infernal Blade"],"picked":"Ghostly Armor+1","floor":19},{"not_picked":["Flex+1","Fire Breathing"],"picked":"Metallicize","floor":24}],"player_experience":325760,"relics_obtained":[{"floor":6,"key":"Vajra"},{"floor":9,"key":"Boot"},{"floor":24,"key":"Art of War"},{"floor":26,"key":"Bronze Scales"}],"event_choices":[{"damage_healed":0,"gold_gain":0,"player_choice":"Entered Light","damage_taken":16,"max_hp_gain":0,"max_hp_loss":0,"event_name":"Shining Light","floor":4,"gold_loss":0,"cards_upgraded":["Strike_R","Defend_R"]},{"damage_healed":0,"gold_gain":77,"player_choice":"Gained Gold","damage_taken":0,"max_hp_gain":0,"max_hp_loss":0,"event_name":"Golden Wing","floor":7,"gold_loss":0},{"damage_healed":20,"gold_gain":0,"player_choice":"Healed","damage_taken":0,"max_hp_gain":0,"max_hp_loss":0,"event_name":"The Cleric","floor":10,"gold_loss":35},{"damage_healed":0,"gold_gain":0,"player_choice":"Take Damage","damage_taken":20,"relics_obtained":["Golden Idol"],"max_hp_gain":0,"max_hp_loss":0,"event_name":"Golden Idol","floor":13,"gold_loss":0},{"damage_healed":0,"gold_gain":0,"player_choice":"Became a vampire","damage_taken":0,"max_hp_gain":0,"max_hp_loss":26,"event_name":"Vampires","floor":20,"gold_loss":0,"cards_obtained":["Bite","Bite","Bite","Bite","Bite"]},{"cards_removed":["Sever Soul"],"damage_healed":0,"gold_gain":0,"player_choice":"Gave Gold","damage_taken":0,"max_hp_gain":0,"max_hp_loss":0,"event_name":"Beggar","floor":21,"gold_loss":75},{"damage_healed":0,"gold_gain":0,"player_choice":"Upgraded","damage_taken":0,"max_hp_gain":0,"max_hp_loss":0,"event_name":"Upgrade Shrine","floor":28,"gold_loss":0,"cards_upgraded":["Demon Form"]}],"is_beta":false,"boss_relics":[{"not_picked":["Snecko Eye","Cursed Key"],"picked":"Astrolabe"}],"items_purged_floors":[],"is_endless":false,"potions_floor_spawned":[1,12,18],"killed_by":"Slavers","ascension_level":7}