{"path_per_floor":["M","M","?","M","?","R","M","R","T","M","M","R","M","?","R"],"character_chosen":"THE_SILENT","items_purchased":[],"gold_per_floor":[119,136,136,154,154,154,173,173,173,193,209,209,220,295,295,295],"floor_reached":16,"campfire_rested":1,"playtime":728,"current_hp_per_floor":[69,69,69,68,68,68,68,68,68,65,54,54,44,33,54,0],"items_purged":[],"gold":295,"score":94,"play_id":"0517a71e-8ec8-432c-b2bf-ab4ba9779f72","local_time":"20180514180131","is_prod":false,"is_daily":false,"chose_seed":false,"is_ascension_mode":false,"campfire_upgraded":3,"timestamp":1526313691,"path_taken":["M","M","?","M","?","R","M","R","T","?","M","R","M","?","R","BOSS"],"build_version":"2018-05-10","seed_source_timestamp":383939389172028,"purchased_purges":0,"victory":false,"master_deck":["Defend_G","Defend_G","Defend_G","Defend_G","Defend_G","Strike_G","Strike_G","Strike_G","Strike_G","Survivor+1","Neutralize+1","Blade Dance+1","Prepared","Calculated Gamble","Infinite Blades+1","Outmaneuver","Blade Dance+1","Adrenaline"],"max_hp_per_floor":[70,70,70,70,70,70,70,70,70,70,70,70,70,70,70,70],"relics":["Ring of the Snake","Bottled Tornado"],"card_choices":[{"not_picked":["Flying Knee","Slice"],"picked":"Blade Dance","floor":1},{"not_picked":["Dagger Throw","Quick Slash"],"picked":"Prepared","floor":2},{"not_picked":["Slice","Expertise"],"picked":"Calculated Gamble","floor":4},{"not_picked":["Prepared","Slice"],"picked":"Infinite Blades","floor":7},{"not_picked":["Deadly Poison","Deflect"],"picked":"Outmaneuver","floor":10},{"not_picked":["Prepared","Leg Sweep"],"picked":"Blade Dance","floor":11},{"not_picked":["Flechettes","Bane"],"picked":"Adrenaline","floor":13}],"player_experience":36719,"potions_floor_usage":[11,16,16],"damage_taken":[{"damage":1,"enemies":"Cultist","floor":1,"turns":5},{"damage":0,"enemies":"Small Slimes","floor":2,"turns":3},{"damage":1,"enemies":"Jaw Worm","floor":4,"turns":3},{"damage":0,"enemies":"Blue Slaver","floor":7,"turns":3},{"damage":3,"enemies":"2 Fungi Beasts","floor":10,"turns":4},{"damage":11,"enemies":"Lots of Slimes","floor":11,"turns":7},{"damage":10,"enemies":"Large Slime","floor":13,"turns":6},{"damage":56,"enemies":"Hexaghost","floor":16,"turns":13}],"event_choices":[{"event_name":"Upgrade Shrine","player_choice":"Upgraded","floor":3,"damage_taken":0},{"event_name":"Living Wall","player_choice":"Forget","floor":5,"damage_taken":0},{"event_name":"World of Goop","player_choice":"Gather Gold","floor":14,"damage_taken":0}],"boss_relics":[],"potions_floor_spawned":[2,4,11],"seed_played":"4466274485839469728","killed_by":"Hexaghost","ascension_level":0,"is_trial":false}