{"gold_per_floor":[118,132,148,148,167,167,187,201,201,201,215,235,235,248,248,348,348,348],"floor_reached":18,"playtime":1160,"items_purged":[],"score":158,"play_id":"9855231f-85ab-4e2d-964d-28b4cc116aef","local_time":"20190322183218","is_ascension_mode":false,"campfire_choices":[{"data":"Defragment","floor":6.0,"key":"SMITH"},{"floor":10.0,"key":"REST"},{"data":"Static Discharge","floor":15.0,"key":"SMITH"}],"neow_cost":"NONE","seed_source_timestamp":0,"circlet_count":0,"master_deck":["Strike_B","Strike_B","Strike_B","Strike_B","Defend_B","Defend_B","Defend_B","Defend_B","Zap","Dualcast","Lockon","Redo+1","Leap","Defragment+1","Glacier","Cold Snap","Lockon","Static Discharge+1","Reinforced Body","Seek"],"special_seed":0,"relics":["FrozenCore","Gremlin Horn"],"potions_floor_usage":[],"damage_taken":[{"damage":1.0,"enemies":"Cultist","floor":1.0,"turns":3.0},{"damage":4.0,"enemies":"Small Slimes","floor":2.0,"turns":3.0},{"damage":6.0,"enemies":"Jaw Worm","floor":3.0,"turns":2.0},{"damage":15.0,"enemies":"Gremlin Gang","floor":5.0,"turns":5.0},{"damage":6.0,"enemies":"Exordium Wildlife","floor":7.0,"turns":3.0},{"damage":1.0,"enemies":"Large Slime","floor":8.0,"turns":3.0},{"damage":2.0,"enemies":"2 Fungi Beasts","floor":11.0,"turns":4.0},{"damage":1.0,"enemies":"Red Slaver","floor":12.0,"turns":4.0},{"damage":0.0,"enemies":"Large Slime","floor":14.0,"turns":5.0},{"damage":7.0,"enemies":"Slime Boss","floor":16.0,"turns":15.0},{"damage":0,"enemies":"Shell Parasite","floor":18,"turns":1}],"seed_played":"-3633791746639722807","potions_obtained":[{"floor":3.0,"key":"FocusPotion"},{"floor":5.0,"key":"Ancient Potion"},{"floor":7.0,"key":"PowerPotion"},{"floor":12.0,"key":"Energy Potion"}],"is_trial":false,"path_per_floor":["M","M","M","?","M","R","M","M","T","R","M","M","?","M","R","B",null,"M"],"character_chosen":"DEFECT","items_purchased":[],"campfire_rested":1,"item_purchase_floors":[],"current_hp_per_floor":[81,77,71,71,56,56,50,49,49,73,71,70,70,70,70,63,82,82],"gold":348,"neow_bonus":"TEN_PERCENT_HP_BONUS","is_prod":false,"is_daily":false,"chose_seed":false,"campfire_upgraded":2,"win_rate":0.0,"timestamp":1553297538,"path_taken":["M","M","?","?","M","R","M","?","T","R","M","M","?","M","R","BOSS","M"],"build_version":"2019-01-23","purchased_purges":0,"victory":false,"max_hp_per_floor":[82,82,82,82,82,82,82,82,82,82,82,82,82,82,82,82,82,82],"card_choices":[{"not_picked":["Barrage","Steam"],"picked":"Lockon","floor":1.0},{"not_picked":["Conserve Battery","Gash"],"picked":"Redo","floor":2.0},{"not_picked":["Reboot","Streamline"],"picked":"Leap","floor":3.0},{"not_picked":["Sweeping Beam","Stack"],"picked":"Defragment","floor":5.0},{"not_picked":["Sweeping Beam","Self Repair"],"picked":"Glacier","floor":7.0},{"not_picked":["Coolheaded","Skim"],"picked":"Cold Snap","floor":8.0},{"not_picked":["Steam","Consume"],"picked":"Lockon","floor":11.0},{"not_picked":["Defragment","Auto Shields"],"picked":"Static Discharge","floor":12.0},{"not_picked":["Aggregate","Streamline"],"picked":"Reinforced Body","floor":14.0},{"not_picked":["Amplify","Machine Learning"],"picked":"Seek","floor":16.0}],"player_experience":62674,"relics_obtained":[{"floor":9.0,"key":"Gremlin Horn"}],"event_choices":[{"damage_healed":0.0,"max_hp_gain":0.0,"max_hp_loss":0.0,"gold_gain":0.0,"event_name":"Accursed Blacksmith","player_choice":"Forge","floor":4.0,"gold_loss":0.0,"damage_taken":0.0,"cards_upgraded":["Redo"]},{"damage_healed":0.0,"max_hp_gain":0.0,"max_hp_loss":0.0,"gold_gain":0.0,"event_name":"Lab","player_choice":"Got Potions","floor":13.0,"gold_loss":0.0,"damage_taken":0.0}],"is_beta":false,"boss_relics":[{"not_picked":["Orrery","Tiny House"],"picked":"FrozenCore"}],"items_purged_floors":[],"is_endless":false,"potions_floor_spawned":[3,5,7,12],"killed_by":"Shell Parasite","ascension_level":0}