{"gold_per_floor":[117,128,140,192,5,37,67,18,44,44,60,88,101,134,134,239,239,252,252,58,70,70,70,90,143,170,170,182,213,63,63,63,164,164,200,52,172,96,96,96,109,109,135,135,0,0,0,40,40,40],"floor_reached":50,"playtime":2644,"items_purged":[],"score":543,"play_id":"f13af22d-ce6f-47db-84b8-d95190b9dd2e","local_time":"20190323160736","is_ascension_mode":true,"campfire_choices":[{"floor":10.0,"key":"REST"},{"data":"Mayhem","floor":15.0,"key":"SMITH"},{"floor":23.0,"key":"REST"},{"floor":27.0,"key":"REST"},{"floor":32.0,"key":"REST"},{"data":"Demon Form","floor":40.0,"key":"SMITH"},{"data":"Heavy Blade","floor":42.0,"key":"SMITH"},{"data":"Rage","floor":44.0,"key":"SMITH"},{"data":"Inflame","floor":46.0,"key":"SMITH"},{"data":"Impervious","floor":49.0,"key":"SMITH"}],"neow_cost":"NONE","seed_source_timestamp":0,"circlet_count":0,"master_deck":["Strike_R","Strike_R","Strike_R","Strike_R","Strike_R","Defend_R","Defend_R","Defend_R","Defend_R","Bash+1","Iron Wave","Armaments","Mayhem+1","Anger","Heavy Blade+1","Inflame+1","Combust","Demon Form+1","Headbutt","Spot Weakness","HandOfGreed","Ghostly Armor","Impervious+1","Immolate","Hemokinesis","Rage+1","Armaments+1","Heavy Blade+1"],"special_seed":0,"relics":["Burning Blood","Centennial Puzzle","Sundial","PreservedInsect","Pantograph","Pear","Sozu","Gremlin Horn","Vajra","Bag of Marbles","Bronze Scales","Ancient Tea Set","Philosopher\u0027s Stone","Blood Vial","WingedGreaves","Pen Nib","Red Mask"],"potions_floor_usage":[],"damage_taken":[{"damage":6.0,"enemies":"Cultist","floor":1.0,"turns":4.0},{"damage":12.0,"enemies":"Small Slimes","floor":2.0,"turns":4.0},{"damage":7.0,"enemies":"Jaw Worm","floor":3.0,"turns":2.0},{"damage":25.0,"enemies":"Lagavulin","floor":6.0,"turns":8.0},{"damage":11.0,"enemies":"Blue Slaver","floor":11.0,"turns":3.0},{"damage":5.0,"enemies":"Gremlin Nob","floor":12.0,"turns":4.0},{"damage":8.0,"enemies":"Exordium Wildlife","floor":13.0,"turns":5.0},{"damage":8.0,"enemies":"Lagavulin","floor":14.0,"turns":4.0},{"damage":28.0,"enemies":"Slime Boss","floor":16.0,"turns":7.0},{"damage":31.0,"enemies":"3 Byrds","floor":18.0,"turns":4.0},{"damage":26.0,"enemies":"Chosen","floor":21.0,"turns":6.0},{"damage":30.0,"enemies":"3 Cultists","floor":24.0,"turns":5.0},{"damage":30.0,"enemies":"Slavers","floor":25.0,"turns":5.0},{"damage":40.0,"enemies":"Snake Plant","floor":28.0,"turns":4.0},{"damage":11.0,"enemies":"Gremlin Leader","floor":29.0,"turns":5.0},{"damage":61.0,"enemies":"Champ","floor":33.0,"turns":7.0},{"damage":29.0,"enemies":"3 Shapes","floor":35.0,"turns":4.0},{"damage":4.0,"enemies":"Mind Bloom Boss Battle","floor":37.0,"turns":7.0},{"damage":3.0,"enemies":"Orb Walker","floor":41.0,"turns":3.0},{"damage":30.0,"enemies":"Sphere and 2 Shapes","floor":48.0,"turns":3.0},{"damage":92,"enemies":"Donu and Deca","floor":50,"turns":7}],"seed_played":"4217313875708189146","potions_obtained":[{"floor":2.0,"key":"Energy Potion"},{"floor":3.0,"key":"Block Potion"},{"floor":14.0,"key":"Weak Potion"}],"is_trial":false,"path_per_floor":["M","M","M","?","$","E","?","$","T","R","M","E","M","E","R","B",null,"M","?","$","M","T","R","M","E","T","R","M","E","$","?","R","B",null,"M","$","?","$","?","R","M","R","T","R","?","R","$","M","R","B"],"character_chosen":"IRONCLAD","items_purchased":["Mayhem","Explosive Potion","HandOfGreed","Ancient Tea Set","Blood Vial","Rage"],"campfire_rested":4,"item_purchase_floors":[5,8,20,30,36,38],"current_hp_per_floor":[80,74,73,73,73,54,54,54,54,78,73,74,72,80,80,68,90,65,65,65,45,45,72,48,24,24,51,17,12,12,12,39,9,90,67,67,90,90,90,90,90,90,90,90,90,90,90,66,66,0],"gold":40,"neow_bonus":"UPGRADE_CARD","is_prod":false,"is_daily":false,"chose_seed":false,"campfire_upgraded":6,"win_rate":0,"timestamp":1553368056,"path_taken":["M","?","M","?","$","E","?","$","T","R","M","E","M","E","R","BOSS","M","?","$","M","?","R","M","E","T","R","M","E","$","?","R","BOSS","M","$","?","$","?","R","M","R","T","R","?","R","?","?","R","BOSS"],"build_version":"2019-01-17","purchased_purges":0,"victory":false,"max_hp_per_floor":[80,80,80,80,80,80,80,80,80,80,80,80,80,90,90,90,90,90,90,90,90,90,90,90,90,90,90,90,90,90,90,90,90,90,90,90,90,90,90,90,90,90,90,90,90,90,90,90,90,90],"card_choices":[{"not_picked":["Warcry","Uppercut","Seeing Red"],"picked":"SKIP","floor":1.0},{"not_picked":["Feel No Pain","Corruption"],"picked":"Iron Wave","floor":2.0},{"not_picked":["Feel No Pain","Shockwave"],"picked":"Armaments","floor":3.0},{"not_picked":["Clothesline","Thunderclap"],"picked":"Anger","floor":6.0},{"not_picked":["Clothesline","Sword Boomerang","Wild Strike"],"picked":"SKIP","floor":11.0},{"not_picked":["Clothesline","Combust"],"picked":"Heavy Blade","floor":12.0},{"not_picked":["Twin Strike","Disarm"],"picked":"Inflame","floor":13.0},{"not_picked":["Sever Soul","Wild Strike"],"picked":"Combust","floor":14.0},{"not_picked":["Feed","Barricade"],"picked":"Demon Form","floor":16.0},{"not_picked":["Warcry","Anger"],"picked":"Headbutt","floor":18.0},{"not_picked":["Reckless Charge","True Grit","Rupture"],"picked":"SKIP","floor":21.0},{"not_picked":["Perfected Strike","Spot Weakness+1"],"picked":"Ghostly Armor","floor":24.0},{"not_picked":["Warcry","True Grit","Perfected Strike"],"picked":"SKIP","floor":25.0},{"not_picked":["Heavy Blade","Thunderclap"],"picked":"Impervious","floor":28.0},{"not_picked":["Perfected Strike","Thunderclap","Anger"],"picked":"SKIP","floor":29.0},{"not_picked":["Double Tap","Dark Embrace"],"picked":"Immolate","floor":33.0},{"not_picked":["Anger","Infernal Blade","Entrench+1"],"picked":"SKIP","floor":35.0},{"not_picked":["Clash+1","Bloodletting"],"picked":"Hemokinesis","floor":37.0},{"not_picked":["Inflame","Iron Wave"],"picked":"Armaments+1","floor":41.0},{"not_picked":["Body Slam+1","Infernal Blade"],"picked":"Heavy Blade+1","floor":48.0}],"player_experience":25720,"relics_obtained":[{"floor":6.0,"key":"Centennial Puzzle"},{"floor":9.0,"key":"PreservedInsect"},{"floor":12.0,"key":"Pantograph"},{"floor":14.0,"key":"Pear"},{"floor":22.0,"key":"Gremlin Horn"},{"floor":25.0,"key":"Vajra"},{"floor":26.0,"key":"Bag of Marbles"},{"floor":29.0,"key":"Bronze Scales"},{"floor":37.0,"key":"WingedGreaves"},{"floor":43.0,"key":"Pen Nib"}],"event_choices":[{"damage_healed":0.0,"max_hp_gain":0.0,"max_hp_loss":0.0,"gold_gain":52.0,"event_name":"Golden Wing","player_choice":"Gained Gold","floor":4.0,"gold_loss":0.0,"damage_taken":0.0},{"damage_healed":0.0,"max_hp_gain":0.0,"max_hp_loss":0.0,"gold_gain":30.0,"event_name":"Dead Adventurer","player_choice":"Searched \u00272\u0027 times","floor":7.0,"gold_loss":0.0,"damage_taken":0.0,"relics_obtained":["Sundial"]},{"damage_healed":0.0,"max_hp_gain":0.0,"max_hp_loss":0.0,"gold_gain":0.0,"event_name":"The Library","player_choice":"Read","floor":19.0,"gold_loss":0.0,"damage_taken":0.0,"cards_obtained":["Spot Weakness"]},{"damage_healed":0.0,"max_hp_gain":0.0,"max_hp_loss":0.0,"gold_gain":0.0,"event_name":"Ghosts","player_choice":"Ignored","floor":31.0,"gold_loss":0.0,"damage_taken":0.0},{"damage_healed":0.0,"max_hp_gain":0.0,"max_hp_loss":0.0,"gold_gain":0.0,"event_name":"MindBloom","player_choice":"Fight","floor":37.0,"gold_loss":0.0,"damage_taken":0.0},{"damage_healed":0.0,"max_hp_gain":0.0,"max_hp_loss":0.0,"gold_gain":0.0,"event_name":"Mysterious Sphere","player_choice":"Ignored","floor":39.0,"gold_loss":0.0,"damage_taken":0.0},{"damage_healed":0.0,"max_hp_gain":0.0,"max_hp_loss":0.0,"gold_gain":0.0,"event_name":"Tomb of Lord Red Mask","player_choice":"Paid","floor":45.0,"gold_loss":135.0,"damage_taken":0.0,"relics_obtained":["Red Mask"]}],"is_beta":false,"boss_relics":[{"not_picked":["Lizard Tail","Ectoplasm"],"picked":"Sozu"},{"not_picked":["Pandora\u0027s Box","Black Star"],"picked":"Philosopher\u0027s Stone"}],"items_purged_floors":[],"is_endless":false,"potions_floor_spawned":[2,3,14,18,25,29,35],"killed_by":"Donu and Deca","ascension_level":2}