{"gold_per_floor":[209,209,209,230,245,245,276,276,329,347,370,389,430,430],"floor_reached":14,"playtime":471,"items_purged":[],"score":204,"play_id":"c7ca994b-ff73-4a0d-9a54-55bb45293d04","local_time":"20190118001330","is_ascension_mode":true,"campfire_choices":[{"data":"Neutralize","floor":6,"key":"SMITH"},{"floor":8,"key":"REST"}],"neow_cost":"NONE","seed_source_timestamp":627969176755238,"circlet_count":0,"master_deck":["AscendersBane","Defend_G","Defend_G","Defend_G","Defend_G","Defend_G","Strike_G","Strike_G","Strike_G","Strike_G","Strike_G","Survivor","Neutralize+1","Blur","Infinite Blades","Flechettes","All Out Attack","Dodge and Roll","PiercingWail","Dagger Throw"],"relics":["Ring of the Snake","Golden Idol","Strawberry","Omamori","Blue Candle"],"potions_floor_usage":[4,7,7],"damage_taken":[{"damage":2,"enemies":"2 Louse","floor":1,"turns":5},{"damage":0,"enemies":"Small Slimes","floor":4,"turns":5},{"damage":0,"enemies":"Cultist","floor":5,"turns":4},{"damage":7,"enemies":"Lagavulin","floor":7,"turns":4},{"damage":3,"enemies":"Blue Slaver","floor":10,"turns":4},{"damage":4,"enemies":"Looter","floor":11,"turns":4},{"damage":0,"enemies":"2 Fungi Beasts","floor":12,"turns":4},{"damage":44,"enemies":"Gremlin Nob","floor":13,"turns":6},{"damage":4,"enemies":"3 Louse","floor":14,"turns":1}],"seed_played":"-4031915499418808845","potions_obtained":[{"floor":1,"key":"SteroidPotion"},{"floor":3,"key":"Fire Potion"},{"floor":4,"key":"LiquidBronze"},{"floor":5,"key":"FearPotion"},{"floor":13,"key":"Weak Potion"}],"is_trial":false,"path_per_floor":["M","?","?","M","M","R","E","R","T","M","M","M","E","M"],"character_chosen":"THE_SILENT","items_purchased":[],"campfire_rested":1,"item_purchase_floors":[],"current_hp_per_floor":[57,34,34,34,34,34,34,55,55,52,48,48,4,0],"gold":430,"neow_bonus":"HUNDRED_GOLD","is_prod":false,"is_daily":false,"chose_seed":false,"campfire_upgraded":1,"win_rate":0,"timestamp":1547738010,"path_taken":["M","?","?","M","M","R","E","R","T","M","M","?","E","M"],"build_version":"2019-01-10","purchased_purges":0,"victory":false,"max_hp_per_floor":[66,66,66,66,66,66,73,73,73,73,73,73,73,73],"card_choices":[{"not_picked":["Poisoned Stab","Dagger Spray"],"picked":"Blur","floor":1},{"not_picked":["Reflex","Underhanded Strike"],"picked":"Infinite Blades","floor":4},{"not_picked":["Acrobatics","Bane"],"picked":"Flechettes","floor":5},{"not_picked":["Deadly Poison","Bane"],"picked":"All Out Attack","floor":7},{"not_picked":["Expertise","Quick Slash"],"picked":"Dodge and Roll","floor":10},{"not_picked":["Cloak And Dagger","Deflect"],"picked":"PiercingWail","floor":11},{"not_picked":["Storm of Steel","Slice"],"picked":"Dagger Throw","floor":12},{"not_picked":["Acrobatics","All Out Attack","Finisher"],"picked":"SKIP","floor":13}],"player_experience":4115602,"relics_obtained":[{"floor":7,"key":"Strawberry"},{"floor":9,"key":"Omamori"},{"floor":13,"key":"Blue Candle"}],"event_choices":[{"damage_healed":0,"gold_gain":0,"player_choice":"Take Damage","damage_taken":23,"relics_obtained":["Golden Idol"],"max_hp_gain":0,"max_hp_loss":0,"event_name":"Golden Idol","floor":2,"gold_loss":0},{"damage_healed":0,"gold_gain":0,"player_choice":"Got Potions","damage_taken":0,"max_hp_gain":0,"max_hp_loss":0,"event_name":"Lab","floor":3,"gold_loss":0}],"is_beta":false,"boss_relics":[],"items_purged_floors":[],"is_endless":false,"potions_floor_spawned":[1,4,5,13],"killed_by":"3 Louse","ascension_level":20}