{"gold_per_floor":[16,31,31,31,42,42,69,69,69,69,79,7,33,53,53,127,127,137,147,160,72,72,72,101,101,149,166,166,166,181,42,42,118,118,129,129,54,68,87,87,0,0,0,0,0,34,34,47,47,47],"floor_reached":50,"playtime":1857,"items_purged":["Normality"],"score":1046,"play_id":"3c93fc25-e2fb-4751-8a26-eca1908587a9","local_time":"20190321170049","is_ascension_mode":true,"campfire_choices":[{"data":"Fiend Fire","floor":6.0,"key":"SMITH"},{"floor":15.0,"key":"REST"},{"data":"Limit Break","floor":23.0,"key":"SMITH"},{"floor":25.0,"key":"REST"},{"data":"Offering","floor":28.0,"key":"SMITH"},{"floor":32.0,"key":"REST"},{"floor":40.0,"key":"REST"},{"floor":42.0,"key":"REST"},{"data":"Fiend Fire","floor":44.0,"key":"SMITH"},{"floor":49.0,"key":"REST"}],"neow_cost":"NO_GOLD","seed_source_timestamp":488264809548700,"circlet_count":0,"master_deck":["AscendersBane","Strike_R+1","Strike_R+1","Defend_R","Defend_R","Defend_R","Bash","Fiend Fire+1","Battle Trance","Wild Strike","True Grit","Shrug It Off","Spot Weakness","Heavy Blade","Offering+1","Clothesline","Pommel Strike","Limit Break+1","Seeing Red","Evolve","Cleave","Fiend Fire+1","Metallicize","Immolate","Normality","Clumsy","Blood for Blood+1","Metallicize+1","True Grit+1","Flame Barrier"],"special_seed":0,"relics":["Burning Blood","Happy Flower","Peace Pipe","Whetstone","Mercury Hourglass","Pocketwatch","Mark of Pain","Boot","Ancient Tea Set","Calling Bell","Bronze Scales","Question Card","Nunchaku","Red Mask","PreservedInsect","Du-Vu Doll"],"potions_floor_usage":[],"damage_taken":[{"damage":0.0,"enemies":"Cultist","floor":1.0,"turns":2.0},{"damage":7.0,"enemies":"2 Louse","floor":2.0,"turns":2.0},{"damage":5.0,"enemies":"Jaw Worm","floor":5.0,"turns":3.0},{"damage":37.0,"enemies":"3 Sentries","floor":7.0,"turns":8.0},{"damage":1.0,"enemies":"Large Slime","floor":11.0,"turns":2.0},{"damage":6.0,"enemies":"Gremlin Nob","floor":13.0,"turns":2.0},{"damage":29.0,"enemies":"Exordium Thugs","floor":14.0,"turns":3.0},{"damage":15.0,"enemies":"The Guardian","floor":16.0,"turns":7.0},{"damage":12.0,"enemies":"3 Byrds","floor":18.0,"turns":4.0},{"damage":30.0,"enemies":"Shell Parasite","floor":19.0,"turns":4.0},{"damage":0.0,"enemies":"Snecko","floor":20.0,"turns":2.0},{"damage":29.0,"enemies":"Gremlin Leader","floor":24.0,"turns":3.0},{"damage":6.0,"enemies":"Snake Plant","floor":27.0,"turns":1.0},{"damage":21.0,"enemies":"3 Cultists","floor":30.0,"turns":5.0},{"damage":8.0,"enemies":"Champ","floor":33.0,"turns":6.0},{"damage":1.0,"enemies":"Orb Walker","floor":35.0,"turns":2.0},{"damage":35.0,"enemies":"3 Shapes","floor":38.0,"turns":5.0},{"damage":36.0,"enemies":"Writhing Mass","floor":39.0,"turns":6.0},{"damage":34.0,"enemies":"Nemesis","floor":46.0,"turns":3.0},{"damage":5.0,"enemies":"4 Shapes","floor":48.0,"turns":13.0},{"damage":55,"enemies":"Awakened One","floor":50,"turns":5}],"seed_played":"2844960622159682468","potions_obtained":[{"floor":11.0,"key":"Swift Potion"},{"floor":13.0,"key":"Poison Potion"},{"floor":14.0,"key":"BloodPotion"},{"floor":16.0,"key":"SteroidPotion"},{"floor":33.0,"key":"SkillPotion"},{"floor":39.0,"key":"SkillPotion"},{"floor":46.0,"key":"Ancient Potion"}],"is_trial":false,"path_per_floor":["M","M","?","T","M","R","E","?","T","$","M","?","E","M","R","B",null,"M","M","M","$","?","R","E","R","T","M","R","?","M","$","R","B",null,"M","?","$","M","M","R","?","R","T","R","$","E","?","M","R","B"],"character_chosen":"IRONCLAD","items_purchased":["Evolve","Metallicize","SkillPotion"],"campfire_rested":6,"item_purchase_floors":[21,31,31],"current_hp_per_floor":[74,73,55,55,56,56,25,25,25,25,30,30,30,7,29,27,63,57,33,39,39,54,54,31,53,53,53,53,53,38,38,60,58,71,75,71,71,42,12,33,33,54,54,54,54,26,26,27,48,0],"gold":47,"neow_bonus":"TRANSFORM_TWO_CARDS","is_prod":false,"is_daily":false,"chose_seed":false,"campfire_upgraded":4,"win_rate":0,"timestamp":1553202049,"path_taken":["M","?","?","?","M","R","E","?","T","$","?","?","E","M","R","BOSS","M","M","M","$","?","R","E","R","T","M","R","?","?","$","R","BOSS","M","?","$","M","M","R","?","R","T","R","?","E","?","M","R","BOSS"],"build_version":"2019-03-15","purchased_purges":1,"victory":false,"max_hp_per_floor":[75,75,75,75,75,75,75,75,75,75,75,75,75,75,75,75,75,75,75,75,75,75,75,75,75,75,75,75,75,75,75,75,75,75,75,71,71,71,71,71,71,71,71,71,71,71,71,71,71,71],"card_choices":[{"not_picked":["Clash","Searing Blow"],"picked":"Wild Strike","floor":1.0},{"not_picked":["Reckless Charge","Body Slam"],"picked":"True Grit","floor":2.0},{"not_picked":["Pommel Strike","Flex"],"picked":"Shrug It Off","floor":5.0},{"not_picked":["Metallicize","Sword Boomerang"],"picked":"Spot Weakness","floor":7.0},{"not_picked":["Warcry","Iron Wave"],"picked":"Offering","floor":11.0},{"not_picked":["Perfected Strike","Bloodletting"],"picked":"Clothesline","floor":13.0},{"not_picked":["Clothesline","Rage"],"picked":"Pommel Strike","floor":14.0},{"not_picked":["Feed","Impervious"],"picked":"Limit Break","floor":16.0},{"not_picked":["Clothesline+1","Rampage"],"picked":"Seeing Red","floor":18.0},{"not_picked":["Flex","Rampage","Clash"],"picked":"SKIP","floor":19.0},{"not_picked":["Perfected Strike","Clothesline","Wild Strike"],"picked":"SKIP","floor":20.0},{"not_picked":["Rupture","Perfected Strike"],"picked":"Cleave","floor":24.0},{"not_picked":["Clash","Pommel Strike"],"picked":"Fiend Fire","floor":27.0},{"not_picked":["Wild Strike","Body Slam","Thunderclap"],"picked":"SKIP","floor":30.0},{"not_picked":["Limit Break","Barricade"],"picked":"Immolate","floor":33.0},{"not_picked":["Flex","Rage","Armaments"],"picked":"Blood for Blood+1","floor":35.0},{"not_picked":["Pommel Strike","Clash","Heavy Blade+1"],"picked":"Metallicize+1","floor":38.0},{"not_picked":["Sever Soul","Rupture","Iron Wave","Clash+1"],"picked":"SKIP","floor":39.0},{"not_picked":["Seeing Red+1","Immolate","Thunderclap"],"picked":"True Grit+1","floor":46.0},{"not_picked":["Shockwave+1","Evolve","Armaments"],"picked":"Flame Barrier","floor":48.0}],"player_experience":672973,"relics_obtained":[{"floor":4.0,"key":"Peace Pipe"},{"floor":7.0,"key":"Whetstone"},{"floor":9.0,"key":"Mercury Hourglass"},{"floor":13.0,"key":"Pocketwatch"},{"floor":24.0,"key":"Boot"},{"floor":26.0,"key":"Ancient Tea Set"},{"floor":34.0,"key":"Bronze Scales"},{"floor":34.0,"key":"Question Card"},{"floor":34.0,"key":"Nunchaku"},{"floor":43.0,"key":"PreservedInsect"},{"floor":46.0,"key":"Du-Vu Doll"}],"event_choices":[{"damage_healed":0.0,"max_hp_gain":0.0,"max_hp_loss":0.0,"gold_gain":0.0,"event_name":"Scrap Ooze","player_choice":"Success","floor":3.0,"gold_loss":0.0,"damage_taken":18.0,"relics_obtained":["Happy Flower"]},{"damage_healed":0.0,"max_hp_gain":0.0,"max_hp_loss":0.0,"gold_gain":0.0,"cards_transformed":["Strike_R"],"event_name":"Transmorgrifier","player_choice":"Transformed","floor":8.0,"gold_loss":0.0,"damage_taken":0.0,"cards_obtained":["Heavy Blade"]},{"damage_healed":0.0,"max_hp_gain":0.0,"max_hp_loss":0.0,"gold_gain":0.0,"event_name":"World of Goop","player_choice":"Left Gold","floor":12.0,"gold_loss":72.0,"damage_taken":0.0},{"damage_healed":15.0,"max_hp_gain":0.0,"max_hp_loss":0.0,"gold_gain":0.0,"event_name":"The Library","player_choice":"Heal","floor":22.0,"gold_loss":0.0,"damage_taken":0.0},{"damage_healed":0.0,"max_hp_gain":0.0,"max_hp_loss":0.0,"gold_gain":0.0,"event_name":"FaceTrader","player_choice":"Leave","floor":29.0,"gold_loss":0.0,"damage_taken":0.0},{"damage_healed":0.0,"max_hp_gain":0.0,"max_hp_loss":4.0,"gold_gain":0.0,"event_name":"Winding Halls","player_choice":"Max HP","floor":36.0,"gold_loss":0.0,"damage_taken":0.0},{"damage_healed":0.0,"max_hp_gain":0.0,"max_hp_loss":0.0,"gold_gain":0.0,"event_name":"Tomb of Lord Red Mask","player_choice":"Paid","floor":41.0,"gold_loss":87.0,"damage_taken":0.0,"relics_obtained":["Red Mask"]},{"cards_removed":["Defend_R"],"damage_healed":0.0,"max_hp_gain":0.0,"max_hp_loss":0.0,"gold_gain":0.0,"event_name":"Falling","player_choice":"Removed Skill","floor":47.0,"gold_loss":0.0,"damage_taken":0.0}],"is_beta":true,"boss_relics":[{"not_picked":["Empty Cage","Runic Pyramid"],"picked":"Mark of Pain"},{"not_picked":["Runic Cube","Runic Dome"],"picked":"Calling Bell"}],"items_purged_floors":[37],"is_endless":false,"potions_floor_spawned":[11,13,14,16,18,33,38,39,46],"killed_by":"Awakened One","ascension_level":20}