{"gold_per_floor":[17,31,31,31,31,31,43,43,43,43,60,88,107,122,122,224,224,239,252,270,288,203,203,203,203,203,203,95,110,110,128,128,128],"floor_reached":33,"playtime":3022,"items_purged":[],"score":324,"play_id":"e26a317d-01b4-40f4-a13b-1c691ad69d02","local_time":"20190313181247","is_ascension_mode":true,"campfire_choices":[{"floor":6.0,"key":"REST"},{"data":"Zap","floor":8.0,"key":"SMITH"},{"data":"Dualcast","floor":10.0,"key":"SMITH"},{"data":"Sunder","floor":15.0,"key":"SMITH"},{"floor":23,"key":"REST"},{"floor":25,"key":"REST"},{"floor":27,"key":"REST"},{"floor":30,"key":"REST"},{"data":"Defragment","floor":32,"key":"SMITH"}],"neow_cost":"NO_GOLD","seed_source_timestamp":878326434145500,"circlet_count":0,"master_deck":["Strike_B","Strike_B","Strike_B","Strike_B","Defend_B+1","Defend_B","Defend_B","Defend_B","Zap+1","Dualcast+1","Loop+1","Ball Lightning","Capacitor","BootSequence","Auto Shields","Sunder+1","Multi-Cast","Defragment+1","Cold Snap","Stack","Ball Lightning","Leap","Flash of Steel","Heatsinks+1","Steam+1"],"special_seed":0,"relics":["Cracked Core","Bird Faced Urn","Art of War","Blue Candle","Symbiotic Virus","Lizard Tail","Incense Burner","Shuriken","Bottled Lightning"],"potions_floor_usage":[21,33,33],"damage_taken":[{"damage":2.0,"enemies":"Jaw Worm","floor":1.0,"turns":3.0},{"damage":0.0,"enemies":"Small Slimes","floor":2.0,"turns":2.0},{"damage":5.0,"enemies":"2 Louse","floor":7.0,"turns":2.0},{"damage":2.0,"enemies":"2 Fungi Beasts","floor":11.0,"turns":3.0},{"damage":6.0,"enemies":"Gremlin Nob","floor":12.0,"turns":4.0},{"damage":0.0,"enemies":"Red Slaver","floor":13.0,"turns":3.0},{"damage":0.0,"enemies":"3 Louse","floor":14.0,"turns":3.0},{"damage":18.0,"enemies":"Slime Boss","floor":16.0,"turns":6.0},{"damage":28.0,"enemies":"3 Byrds","floor":18.0,"turns":4.0},{"damage":10.0,"enemies":"2 Thieves","floor":19.0,"turns":4.0},{"damage":27.0,"enemies":"Shelled Parasite and Fungi","floor":20.0,"turns":4.0},{"damage":4,"enemies":"Sentry and Sphere","floor":21,"turns":3},{"damage":27,"enemies":"Centurion and Healer","floor":29,"turns":5},{"damage":2,"enemies":"Cultist and Chosen","floor":31,"turns":5},{"damage":139,"enemies":"Champ","floor":33,"turns":13}],"seed_played":"-4004465598533625671","potions_obtained":[{"floor":2.0,"key":"PowerPotion"},{"floor":11.0,"key":"Swift Potion"},{"floor":19.0,"key":"Fire Potion"},{"floor":29,"key":"Swift Potion"},{"floor":31,"key":"FearPotion"}],"is_trial":false,"path_per_floor":["M","M","?","?","?","R","M","R","T","R","M","E","M","M","R","B",null,"M","M","M","M","?","R","?","R","T","R","$","M","R","M","R","B"],"character_chosen":"DEFECT","items_purchased":["Leap","Flash of Steel"],"campfire_rested":5,"item_purchase_floors":[28,28],"current_hp_per_floor":[66,68,65,65,50,72,69,69,69,69,69,69,73,73,73,57,71,45,39,16,12,12,34,34,56,56,75,75,52,74,75,75,0],"gold":128,"neow_bonus":"ONE_RARE_RELIC","is_prod":false,"is_daily":false,"chose_seed":false,"campfire_upgraded":4,"win_rate":0,"timestamp":1552497167,"path_taken":["M","M","?","?","?","R","M","R","T","R","M","E","M","M","R","BOSS","M","M","M","M","?","R","?","R","T","R","$","?","R","M","R","BOSS"],"build_version":"2019-01-23","purchased_purges":0,"victory":false,"max_hp_per_floor":[75,75,75,75,75,75,75,75,75,75,75,75,75,75,75,75,75,75,75,75,75,75,75,75,75,75,75,75,75,75,75,75,75],"card_choices":[{"not_picked":["Ball Lightning","Go for the Eyes"],"picked":"Loop","floor":1.0},{"not_picked":["Coolheaded","Barrage"],"picked":"Ball Lightning","floor":2.0},{"not_picked":["Gash","Beam Cell"],"picked":"Steam","floor":7.0},{"not_picked":["Leap","Loop"],"picked":"Capacitor","floor":11.0},{"not_picked":["Rebound","Steam"],"picked":"BootSequence","floor":12.0},{"not_picked":["Steam","Creative AI"],"picked":"Auto Shields","floor":13.0},{"not_picked":["Redo","Loop"],"picked":"Sunder","floor":14.0},{"not_picked":["Creative AI","Biased Cognition"],"picked":"Multi-Cast","floor":16.0},{"not_picked":["Fusion","Heatsinks"],"picked":"Defragment","floor":18.0},{"not_picked":["Chaos","Sweeping Beam"],"picked":"Cold Snap","floor":19.0},{"not_picked":["Lockon","Streamline"],"picked":"Stack","floor":20.0},{"not_picked":["Go for the Eyes","Sweeping Beam"],"picked":"Ball Lightning","floor":21},{"not_picked":["BootSequence+1","Doom and Gloom"],"picked":"Heatsinks+1","floor":29},{"not_picked":["Beam Cell","Heatsinks+1"],"picked":"Steam+1","floor":31}],"player_experience":560366,"relics_obtained":[{"floor":9.0,"key":"Blue Candle"},{"floor":12.0,"key":"Symbiotic Virus"},{"floor":26,"key":"Bottled Lightning"}],"event_choices":[{"damage_healed":0.0,"max_hp_gain":0.0,"max_hp_loss":0.0,"gold_gain":0.0,"event_name":"Scrap Ooze","player_choice":"Success","floor":3.0,"gold_loss":0.0,"damage_taken":3.0,"relics_obtained":["Art of War"]},{"damage_healed":0.0,"max_hp_gain":0.0,"max_hp_loss":0.0,"gold_gain":0.0,"event_name":"Liars Game","player_choice":"Ignored","floor":4.0,"gold_loss":0.0,"damage_taken":0.0},{"damage_healed":0.0,"max_hp_gain":0.0,"max_hp_loss":0.0,"gold_gain":0.0,"event_name":"Shining Light","player_choice":"Entered Light","floor":5.0,"gold_loss":0.0,"damage_taken":15.0,"cards_upgraded":["Defend_B","Loop"]},{"damage_healed":0,"gold_gain":0,"player_choice":"Obtained Relic","damage_taken":0,"relics_obtained":["Incense Burner"],"max_hp_gain":0,"max_hp_loss":0,"event_name":"Addict","floor":22,"gold_loss":85},{"cards_removed":["Steam"],"damage_healed":0,"gold_gain":0,"player_choice":"Gave Card","damage_taken":0,"relics_obtained":["Shuriken"],"max_hp_gain":0,"max_hp_loss":0,"event_name":"WeMeetAgain","floor":24,"gold_loss":0}],"is_beta":false,"boss_relics":[{"not_picked":["Runic Dome","Coffee Dripper"],"picked":"Lizard Tail"}],"items_purged_floors":[],"is_endless":false,"potions_floor_spawned":[2,11,19,29,31],"killed_by":"Champ","ascension_level":6}