{"gold_per_floor":[364,52,68,84,64,64,97,116,142,152,52,52,52,70,70,175,175,187,286,299,239,253,253,7,36,36,36,54,82,95,125,125,125],"floor_reached":33,"playtime":1733,"items_purged":["Strike_R","Strike_R"],"score":399,"play_id":"cda8cdaa-cb9f-4602-81ae-e7d156fbaf57","local_time":"20190317222452","is_ascension_mode":true,"campfire_choices":[{"data":"Apotheosis","floor":6,"key":"SMITH"},{"data":"Warcry","floor":13,"key":"SMITH"},{"floor":15,"key":"REST"},{"floor":23,"key":"REST"},{"data":"True Grit","floor":27,"key":"SMITH"},{"floor":32,"key":"REST"}],"neow_cost":"PERCENT_DAMAGE","seed_source_timestamp":710098575911682,"circlet_count":0,"master_deck":["Strike_R","Defend_R","Defend_R","Defend_R","Defend_R","Bash","Shrug It Off","Apotheosis+1","Immolate","Warcry+1","Cleave","Impervious","Offering","Shrug It Off","True Grit+1","Shockwave","Flame Barrier","Power Through","Carnage","Limit Break","Metallicize","Feed","Panacea","Metallicize+1","Impervious"],"relics":["Burning Blood","Omamori","Happy Flower","Bag of Marbles","Orrery","Ornamental Fan","Self Forming Clay","Oddly Smooth Stone","Prayer Wheel"],"potions_floor_usage":[29,33],"damage_taken":[{"damage":3,"enemies":"2 Louse","floor":1,"turns":3},{"damage":0,"enemies":"Cultist","floor":3,"turns":4},{"damage":0,"enemies":"Small Slimes","floor":4,"turns":3},{"damage":25,"enemies":"3 Sentries","floor":7,"turns":3},{"damage":0,"enemies":"Blue Slaver","floor":8,"turns":4},{"damage":11,"enemies":"Exordium Thugs","floor":10,"turns":4},{"damage":2,"enemies":"Large Slime","floor":14,"turns":3},{"damage":8,"enemies":"Slime Boss","floor":16,"turns":7},{"damage":25,"enemies":"3 Byrds","floor":18,"turns":5},{"damage":12,"enemies":"Shell Parasite","floor":20,"turns":7},{"damage":6,"enemies":"Cultist and Chosen","floor":22,"turns":6},{"damage":7,"enemies":"Slavers","floor":25,"turns":6},{"damage":8,"enemies":"Snake Plant","floor":28,"turns":5},{"damage":20,"enemies":"Book of Stabbing","floor":29,"turns":10},{"damage":13,"enemies":"Shelled Parasite and Fungi","floor":30,"turns":10},{"damage":22,"enemies":"Slavers","floor":31,"turns":6},{"damage":85,"enemies":"Champ","floor":33,"turns":24}],"seed_played":"-4540114230459539269","potions_obtained":[{"floor":3,"key":"Block Potion"},{"floor":5,"key":"Swift Potion"},{"floor":8,"key":"Strength Potion"},{"floor":16,"key":"Regen Potion"},{"floor":25,"key":"Dexterity Potion"},{"floor":30,"key":"Ancient Potion"}],"is_trial":false,"path_per_floor":["M","$","M","M","?","R","E","M","T","M","$","?","R","M","R","B",null,"M","?","M","?","M","R","$","E","T","R","M","E","M","E","R","B"],"character_chosen":"IRONCLAD","items_purchased":["Apotheosis","Immolate","Feed","Panacea"],"campfire_rested":3,"item_purchase_floors":[2,2,24,24],"current_hp_per_floor":[54,54,60,66,66,66,47,53,53,48,48,30,30,34,58,56,74,55,55,49,49,49,73,73,76,76,76,74,60,57,45,72,0],"gold":125,"neow_bonus":"TWO_FIFTY_GOLD","is_prod":false,"is_daily":false,"chose_seed":false,"campfire_upgraded":3,"win_rate":0,"timestamp":1552875892,"path_taken":["M","$","M","M","?","R","E","M","T","?","?","?","R","M","R","BOSS","M","?","M","?","M","R","$","E","T","R","M","E","M","E","R","BOSS"],"build_version":"2019-01-23","purchased_purges":2,"victory":false,"max_hp_per_floor":[80,80,80,80,80,80,80,80,80,80,80,80,80,80,80,80,80,80,80,80,80,80,80,80,84,84,84,84,84,88,92,92,92],"card_choices":[{"not_picked":["Feel No Pain","Havoc"],"picked":"Shrug It Off","floor":1},{"not_picked":["Combust","Armaments"],"picked":"Warcry","floor":3},{"not_picked":["Wild Strike","Clothesline","Thunderclap"],"picked":"SKIP","floor":4},{"not_picked":["Second Wind","Havoc","Anger"],"picked":"SKIP","floor":7},{"not_picked":["Pommel Strike","Fire Breathing","Sever Soul"],"picked":"SKIP","floor":8},{"not_picked":["Inflame","Hemokinesis"],"picked":"Cleave","floor":10},{"not_picked":["Iron Wave","Clash"],"picked":"Impervious","floor":14},{"not_picked":["Bludgeon","Brutality"],"picked":"Offering","floor":16},{"not_picked":["Perfected Strike","Anger"],"picked":"Shrug It Off","floor":17},{"not_picked":["Body Slam","Entrench"],"picked":"True Grit","floor":17},{"not_picked":["Armaments","Wild Strike"],"picked":"Shockwave","floor":17},{"not_picked":["Flex","Iron Wave"],"picked":"Flame Barrier","floor":18},{"not_picked":["Thunderclap","Body Slam+1"],"picked":"Power Through","floor":20},{"not_picked":["Warcry+1","Battle Trance+1"],"picked":"Metallicize","floor":22},{"not_picked":["Havoc+1","Corruption","Inflame"],"picked":"SKIP","floor":25},{"not_picked":["Pommel Strike","Anger+1","Blood for Blood+1"],"picked":"SKIP","floor":28},{"not_picked":["Bloodletting","Iron Wave"],"picked":"Metallicize+1","floor":29},{"not_picked":["Dual Wield","Searing Blow","Anger"],"picked":"SKIP","floor":30},{"not_picked":["Wild Strike","Headbutt"],"picked":"Impervious","floor":31}],"player_experience":305479,"relics_obtained":[{"floor":7,"key":"Omamori"},{"floor":9,"key":"Happy Flower"},{"floor":25,"key":"Ornamental Fan"},{"floor":26,"key":"Self Forming Clay"},{"floor":29,"key":"Oddly Smooth Stone"},{"floor":31,"key":"Prayer Wheel"}],"event_choices":[{"damage_healed":0,"gold_gain":0,"player_choice":"Bought 1 Potion","damage_taken":0,"max_hp_gain":0,"max_hp_loss":0,"event_name":"The Woman in Blue","floor":5,"gold_loss":0},{"damage_healed":0,"gold_gain":0,"player_choice":"Success","damage_taken":18,"relics_obtained":["Bag of Marbles"],"max_hp_gain":0,"max_hp_loss":0,"event_name":"Scrap Ooze","floor":12,"gold_loss":0},{"damage_healed":0,"gold_gain":99,"player_choice":"Stole From Cult","damage_taken":0,"max_hp_gain":0,"max_hp_loss":0,"event_name":"Nest","floor":19,"gold_loss":0},{"damage_healed":0,"gold_gain":0,"cards_transformed":["Strike_R","Strike_R"],"player_choice":"Transformed Cards","damage_taken":0,"max_hp_gain":0,"max_hp_loss":0,"event_name":"Designer","floor":21,"gold_loss":60,"cards_obtained":["Carnage","Limit Break"]}],"is_beta":false,"boss_relics":[{"not_picked":["Calling Bell","Runic Pyramid"],"picked":"Orrery"}],"items_purged_floors":[2,11],"is_endless":false,"potions_floor_spawned":[3,8,14,16,18,25,30],"killed_by":"Champ","ascension_level":6}