{"gold_per_floor":[113,127,145,320,320,349,366,366,366,383,383,164,175,193,193,298,298,308,308,322,336,351,351,386,386,413,413,413,429,429,183,183,283,283,301,316,15,29,46,46,60,60,83,0,0,19,19,30,30,30],"floor_reached":50,"playtime":2952,"items_purged":["Doubt"],"score":491,"play_id":"0dac39fa-82ff-4e82-9f57-2782db88d4ea","local_time":"20190301193203","is_ascension_mode":true,"campfire_choices":[{"data":"Defragment","floor":8.0,"key":"SMITH"},{"floor":11.0,"key":"REST"},{"data":"Genetic Algorithm","floor":15.0,"key":"SMITH"},{"floor":23.0,"key":"REST"},{"floor":28.0,"key":"REST"},{"floor":32.0,"key":"REST"},{"floor":40.0,"key":"RECALL"},{"floor":42.0,"key":"REST"},{"floor":47.0,"key":"REST"},{"data":"Reinforced Body","floor":49.0,"key":"SMITH"}],"neow_cost":"NONE","seed_source_timestamp":197167370044200,"circlet_count":0,"master_deck":["Strike_B","Strike_B","Defend_B","Defend_B","Defend_B","Defend_B","Zap","Dualcast","Sweeping Beam","Static Discharge+1","Capacitor","Conserve Battery","Defragment+1","Genetic Algorithm+1","Core Surge","Cold Snap","Electrodynamics","Aggregate","Auto Shields","Barrage+1","Go for the Eyes+1","Barrage","Redo","Buffer","Doom and Gloom","Conserve Battery+1","Glacier+1","Fusion+1","Streamline+1","Rebound+1","Reinforced Body+1"],"special_seed":0,"relics":["Cracked Core","NeowsBlessing","Shuriken","Turnip","Omamori","Empty Cage","Enchiridion","Peace Pipe","Ancient Tea Set","Ice Cream","Meat on the Bone","Cursed Key","Vajra","Happy Flower","Red Mask","Sundial"],"potions_floor_usage":[],"damage_taken":[{"damage":0.0,"enemies":"Cultist","floor":1.0,"turns":1.0},{"damage":0.0,"enemies":"Small Slimes","floor":2.0,"turns":1.0},{"damage":0.0,"enemies":"Jaw Worm","floor":3.0,"turns":1.0},{"damage":29.0,"enemies":"3 Sentries","floor":6.0,"turns":5.0},{"damage":13.0,"enemies":"Lots of Slimes","floor":7.0,"turns":3.0},{"damage":12.0,"enemies":"Gremlin Gang","floor":10.0,"turns":3.0},{"damage":10.0,"enemies":"2 Fungi Beasts","floor":13.0,"turns":3.0},{"damage":8.0,"enemies":"Exordium Wildlife","floor":14.0,"turns":4.0},{"damage":13.0,"enemies":"Hexaghost","floor":16.0,"turns":8.0},{"damage":13.0,"enemies":"Spheric Guardian","floor":18.0,"turns":6.0},{"damage":11.0,"enemies":"Chosen","floor":20.0,"turns":5.0},{"damage":11.0,"enemies":"Snecko","floor":21.0,"turns":7.0},{"damage":19.0,"enemies":"Centurion and Healer","floor":22.0,"turns":6.0},{"damage":12.0,"enemies":"Gremlin Leader","floor":24.0,"turns":4.0},{"damage":20.0,"enemies":"3 Cultists","floor":29.0,"turns":5.0},{"damage":11.0,"enemies":"Collector","floor":33.0,"turns":8.0},{"damage":6.0,"enemies":"3 Darklings","floor":35.0,"turns":4.0},{"damage":6.0,"enemies":"Orb Walker","floor":36.0,"turns":3.0},{"damage":21.0,"enemies":"4 Shapes","floor":38.0,"turns":6.0},{"damage":16.0,"enemies":"Sphere and 2 Shapes","floor":39.0,"turns":5.0},{"damage":4.0,"enemies":"Maw","floor":41.0,"turns":7.0},{"damage":18.0,"enemies":"3 Darklings","floor":46.0,"turns":5.0},{"damage":0.0,"enemies":"4 Shapes","floor":48.0,"turns":2.0},{"damage":83,"enemies":"Donu and Deca","floor":50,"turns":6}],"seed_played":"3165458783252971320","potions_obtained":[{"floor":6.0,"key":"GamblersBrew"},{"floor":10.0,"key":"Fruit Juice"},{"floor":14.0,"key":"LiquidBronze"},{"floor":16.0,"key":"SneckoOil"},{"floor":18.0,"key":"PowerPotion"},{"floor":21.0,"key":"FocusPotion"},{"floor":29.0,"key":"SpeedPotion"},{"floor":38.0,"key":"SteroidPotion"},{"floor":41.0,"key":"Fire Potion"},{"floor":48.0,"key":"Ancient Potion"}],"is_trial":false,"path_per_floor":["M","M","M","?","?","E","M","R","T","M","R","$","M","M","R","B",null,"M","?","M","M","M","R","E","?","T","?","R","M","?","$","R","B",null,"M","M","$","M","M","R","M","R","T","?","T","M","R","M","R","B"],"character_chosen":"DEFECT","items_purchased":["Omamori","Meat on the Bone","Vajra","Happy Flower"],"campfire_rested":6,"item_purchase_floors":[12,31,37,37],"current_hp_per_floor":[75,75,75,75,75,46,33,33,33,21,43,43,38,30,30,17,80,67,51,40,29,10,34,22,22,22,48,72,52,52,52,76,65,80,74,68,68,47,43,43,51,75,75,75,75,57,80,80,80,0],"gold":30,"neow_bonus":"THREE_ENEMY_KILL","is_prod":false,"is_daily":false,"chose_seed":false,"campfire_upgraded":3,"win_rate":0,"timestamp":1551465123,"path_taken":["M","?","M","?","?","E","M","R","T","?","R","$","?","M","R","BOSS","M","?","M","M","M","R","E","?","T","?","R","M","?","$","R","BOSS","M","M","$","M","?","R","M","R","T","?","?","M","R","?","R","BOSS"],"build_version":"2019-01-23","purchased_purges":1,"victory":false,"max_hp_per_floor":[75,75,75,75,75,75,75,75,75,75,75,75,80,80,80,80,80,80,80,80,80,80,80,80,80,80,80,80,80,80,80,80,80,80,80,80,80,80,80,80,80,80,80,80,80,80,80,80,80,80],"card_choices":[{"not_picked":["Coolheaded","Beam Cell"],"picked":"Sweeping Beam","floor":1.0},{"not_picked":["Stack","Aggregate"],"picked":"Static Discharge","floor":2.0},{"not_picked":["Beam Cell","Undo"],"picked":"Capacitor","floor":3.0},{"not_picked":["Skim","Gash"],"picked":"Conserve Battery","floor":6.0},{"not_picked":["Coolheaded","Sweeping Beam"],"picked":"Defragment","floor":7.0},{"not_picked":["Aggregate","Turbo"],"picked":"Genetic Algorithm","floor":10.0},{"not_picked":["Force Field","Steam"],"picked":"Core Surge","floor":13.0},{"not_picked":["Coolheaded","Leap"],"picked":"Cold Snap","floor":14.0},{"not_picked":["Core Surge","Meteor Strike"],"picked":"Electrodynamics","floor":16.0},{"not_picked":["Barrage","Undo"],"picked":"Aggregate","floor":18.0},{"not_picked":["Leap","Conserve Battery"],"picked":"Auto Shields","floor":20.0},{"not_picked":["Compile Driver","Loop"],"picked":"Barrage+1","floor":21.0},{"not_picked":["Conserve Battery","Cold Snap"],"picked":"Go for the Eyes+1","floor":22.0},{"not_picked":["Reprogram+1","Creative AI"],"picked":"Barrage","floor":24.0},{"not_picked":["Conserve Battery","Steam"],"picked":"Redo","floor":29.0},{"not_picked":["All For One","Thunder Strike"],"picked":"Buffer","floor":33.0},{"not_picked":["Sunder","Hello World+1"],"picked":"Doom and Gloom","floor":35.0},{"not_picked":["Scrape+1","Compile Driver"],"picked":"Conserve Battery+1","floor":36.0},{"not_picked":["Hello World+1","Steam Power+1"],"picked":"Glacier+1","floor":38.0},{"not_picked":["BootSequence","Hologram"],"picked":"Fusion+1","floor":39.0},{"not_picked":["Chaos+1","Cold Snap"],"picked":"Streamline+1","floor":41.0},{"not_picked":["Glacier+1","Undo"],"picked":"Rebound+1","floor":46.0},{"not_picked":["Hyperbeam","Leap"],"picked":"Reinforced Body","floor":48.0}],"player_experience":510694,"relics_obtained":[{"floor":6.0,"key":"Shuriken"},{"floor":9.0,"key":"Turnip"},{"floor":19.0,"key":"Enchiridion"},{"floor":24.0,"key":"Peace Pipe"},{"floor":26.0,"key":"Ancient Tea Set"},{"floor":45.0,"key":"Sundial"}],"event_choices":[{"damage_healed":0.0,"max_hp_gain":0.0,"max_hp_loss":0.0,"gold_gain":175.0,"event_name":"Liars Game","player_choice":"AGREE","floor":4.0,"gold_loss":0.0,"damage_taken":0.0,"cards_obtained":["Doubt"]},{"damage_healed":0.0,"max_hp_gain":0.0,"max_hp_loss":0.0,"gold_gain":0.0,"event_name":"Upgrade Shrine","player_choice":"Upgraded","floor":5.0,"gold_loss":0.0,"damage_taken":0.0,"cards_upgraded":["Static Discharge"]},{"damage_healed":0.0,"max_hp_gain":0.0,"max_hp_loss":0.0,"gold_gain":0.0,"event_name":"Cursed Tome","player_choice":"Obtained Book","floor":19.0,"gold_loss":0.0,"damage_taken":16.0},{"damage_healed":0.0,"max_hp_gain":0.0,"max_hp_loss":0.0,"gold_gain":0.0,"event_name":"Ghosts","player_choice":"Ignored","floor":25.0,"gold_loss":0.0,"damage_taken":0.0},{"damage_healed":26.0,"max_hp_gain":0.0,"max_hp_loss":0.0,"gold_gain":0.0,"event_name":"The Library","player_choice":"Heal","floor":27.0,"gold_loss":0.0,"damage_taken":0.0},{"damage_healed":0.0,"max_hp_gain":0.0,"max_hp_loss":0.0,"gold_gain":0.0,"event_name":"WeMeetAgain","player_choice":"Gave Potion","floor":30.0,"gold_loss":0.0,"damage_taken":0.0,"relics_obtained":["Ice Cream"]},{"damage_healed":0.0,"max_hp_gain":0.0,"max_hp_loss":0.0,"gold_gain":0.0,"event_name":"Tomb of Lord Red Mask","player_choice":"Paid","floor":44.0,"gold_loss":83.0,"damage_taken":0.0,"relics_obtained":["Red Mask"]}],"is_beta":false,"boss_relics":[{"not_picked":["Sozu","Busted Crown"],"picked":"Empty Cage"},{"not_picked":["Tiny House","Coffee Dripper"],"picked":"Cursed Key"}],"items_purged_floors":[12],"is_endless":false,"potions_floor_spawned":[6,10,14,16,18,21,29,38,41,48],"killed_by":"Donu and Deca","ascension_level":1}