{"gold_per_floor":[116,191,191,116,10,10,38,38,38,38,73,73,92,119,119,197,197,212,212,212,212,212,212,231,248,248,267,73,73],"floor_reached":29,"playtime":819,"items_purged":["Strike_R"],"score":574,"play_id":"c754f4a9-cc89-4812-ad17-85af25e8f8a9","local_time":"20190320130804","is_ascension_mode":true,"campfire_choices":[{"data":"Armaments","floor":6,"key":"SMITH"},{"data":"Bash","floor":8,"key":"SMITH"},{"data":"Wild Strike","floor":10,"key":"SMITH"},{"floor":15,"key":"REST"},{"data":"Anger","floor":23,"key":"SMITH"}],"neow_cost":"NONE","seed_source_timestamp":389446761265200,"circlet_count":0,"master_deck":["AscendersBane","Strike_R","Strike_R","Strike_R","Defend_R","Defend_R","Defend_R","Defend_R","Bash+1","Armaments+1","Wild Strike+1","Shockwave","Offering","Anger+1","Immolate","Uppercut+1","Spot Weakness","Good Instincts","Iron Wave"],"relics":["Burning Blood","NeowsBlessing","Bottled Lightning","Unceasing Top","Juzu Bracelet","Shuriken","Question Card","Smiling Mask","Busted Crown","MutagenicStrength","Ornamental Fan"],"potions_floor_usage":[16,27,29],"damage_taken":[{"damage":0,"enemies":"2 Louse","floor":1,"turns":1},{"damage":0,"enemies":"3 Sentries","floor":7,"turns":3},{"damage":0,"enemies":"Lagavulin","floor":11,"turns":1},{"damage":0,"enemies":"Jaw Worm","floor":13,"turns":3},{"damage":46,"enemies":"3 Sentries","floor":14,"turns":10},{"damage":24,"enemies":"Slime Boss","floor":16,"turns":8},{"damage":11,"enemies":"3 Byrds","floor":18,"turns":4},{"damage":12,"enemies":"Chosen","floor":24,"turns":3},{"damage":7,"enemies":"Sentry and Sphere","floor":25,"turns":3},{"damage":20,"enemies":"Snake Plant","floor":27,"turns":3},{"damage":46,"enemies":"Chosen and Byrds","floor":29,"turns":4}],"seed_played":"-2752791333333698057","potions_obtained":[{"floor":7,"key":"LiquidBronze"},{"floor":11,"key":"AttackPotion"},{"floor":18,"key":"Explosive Potion"},{"floor":25,"key":"BloodPotion"}],"is_trial":false,"path_per_floor":["M","?","T","?","?","R","E","R","T","R","E","?","M","E","R","B",null,"M","?","?","?","?","R","M","M","T","M","$","M"],"character_chosen":"IRONCLAD","items_purchased":["Good Instincts","Iron Wave"],"campfire_rested":1,"item_purchase_floors":[28,28],"current_hp_per_floor":[74,63,63,63,63,63,69,69,69,69,75,71,75,35,57,39,66,61,61,61,40,56,56,50,49,49,35,35,0],"gold":73,"neow_bonus":"THREE_ENEMY_KILL","is_prod":false,"is_daily":false,"chose_seed":false,"campfire_upgraded":4,"win_rate":0,"timestamp":1553101684,"path_taken":["M","?","?","?","?","R","E","R","T","R","E","?","M","E","R","BOSS","M","?","?","?","?","R","M","M","T","M","$","M"],"build_version":"2019-03-15","purchased_purges":1,"victory":false,"max_hp_per_floor":[75,75,75,75,75,75,75,75,75,75,75,75,75,75,75,75,75,75,75,75,80,80,80,80,80,80,80,80,80],"card_choices":[{"not_picked":["True Grit","Pummel"],"picked":"Armaments","floor":1},{"not_picked":["Clash","True Grit"],"picked":"Wild Strike","floor":7},{"not_picked":["Blood for Blood","Havoc"],"picked":"Shockwave","floor":11},{"not_picked":["Body Slam","Combust","Clash"],"picked":"Offering","floor":13},{"not_picked":["Whirlwind","Evolve","Thunderclap"],"picked":"Anger","floor":14},{"not_picked":["Limit Break","Bludgeon","Double Tap"],"picked":"Immolate","floor":16},{"not_picked":["Cleave","Havoc"],"picked":"SKIP","floor":18},{"not_picked":["Havoc+1"],"picked":"Uppercut+1","floor":24},{"not_picked":["Bloodletting"],"picked":"Spot Weakness","floor":25},{"not_picked":["Sword Boomerang","Infernal Blade"],"picked":"SKIP","floor":27}],"player_experience":670927,"relics_obtained":[{"floor":3,"key":"Bottled Lightning"},{"floor":7,"key":"Juzu Bracelet"},{"floor":9,"key":"Shuriken"},{"floor":11,"key":"Question Card"},{"floor":14,"key":"Smiling Mask"},{"floor":26,"key":"Ornamental Fan"}],"event_choices":[{"damage_healed":0,"gold_gain":75,"player_choice":"Gather Gold","damage_taken":11,"max_hp_gain":0,"max_hp_loss":0,"event_name":"World of Goop","floor":2,"gold_loss":0},{"cards_removed":["Strike_R"],"damage_healed":0,"gold_gain":0,"player_choice":"Card Removal","damage_taken":0,"max_hp_gain":0,"max_hp_loss":0,"event_name":"The Cleric","floor":4,"gold_loss":75},{"damage_healed":0,"gold_gain":0,"player_choice":"Paid Gold","damage_taken":0,"relics_obtained":["Unceasing Top"],"max_hp_gain":0,"max_hp_loss":0,"event_name":"WeMeetAgain","floor":5,"gold_loss":106},{"damage_healed":0,"gold_gain":0,"player_choice":"Bought 0 Potions","damage_taken":0,"max_hp_gain":0,"max_hp_loss":0,"event_name":"The Woman in Blue","floor":12,"gold_loss":0},{"damage_healed":0,"gold_gain":0,"player_choice":"Inject Mutagens","damage_taken":0,"relics_obtained":["MutagenicStrength"],"max_hp_gain":0,"max_hp_loss":0,"event_name":"Drug Dealer","floor":19,"gold_loss":0},{"damage_healed":0,"gold_gain":0,"player_choice":"Ignored","damage_taken":0,"max_hp_gain":0,"max_hp_loss":0,"event_name":"Vampires","floor":20,"gold_loss":0},{"damage_healed":0,"gold_gain":0,"player_choice":"Shed Blood","damage_taken":26,"max_hp_gain":5,"max_hp_loss":0,"event_name":"Forgotten Altar","floor":21,"gold_loss":0},{"damage_healed":16,"gold_gain":0,"player_choice":"Heal","damage_taken":0,"max_hp_gain":0,"max_hp_loss":0,"event_name":"The Library","floor":22,"gold_loss":0}],"is_beta":true,"boss_relics":[{"not_picked":["Runic Pyramid","Calling Bell"],"picked":"Busted Crown"}],"items_purged_floors":[28],"is_endless":false,"potions_floor_spawned":[7,11,18,25],"killed_by":"Chosen and Byrds","ascension_level":20}