{"path_per_floor":["M","?","M","?","$","R","?","R","T","R","M","M","M","M","R","B",null,"M","?","$","M","M","R","M","E","T","?","M","$","R","M","R","B",null,"M","?","?","M","M","R","?","R","T","R","?","$","M","M","R","B"],"character_chosen":"THE_SILENT","items_purchased":["Outmaneuver","Well Laid Plans","Panache","Footwork","Secret Technique"],"gold_per_floor":[118,118,135,135,33,33,33,33,33,33,51,66,85,105,105,230,230,255,255,4,23,43,43,57,87,112,112,129,54,54,64,64,162,192,209,209,209,221,240,240,240,240,240,240,240,49,60,70,70,70],"floor_reached":51,"campfire_rested":3,"playtime":3895,"current_hp_per_floor":[65,65,61,54,54,54,54,54,54,54,54,41,39,38,38,27,65,51,51,51,53,52,52,54,19,24,14,7,7,28,13,34,17,76,57,57,57,62,57,57,57,57,57,57,82,82,71,57,81,43],"items_purged":["Strike_G"],"gold":70,"play_id":"c3f03076-6d65-4a9b-b01d-05aa8d783406","is_prod":false,"is_daily":false,"is_ascension_mode":true,"campfire_upgraded":8,"path_taken":["M","?","M","?","$","R","?","R","T","R","M","M","M","?","R","BOSS","M","?","$","M","M","R","M","E","T","?","?","?","R","M","R","BOSS","M","?","?","?","M","R","?","R","T","R","?","$","?","M","R","BOSS"],"build_version":"2018-01-25-PROD2","purchased_purges":1,"victory":true,"master_deck":["Defend_G","Defend_G","Defend_G","Defend_G","Strike_G","Strike_G","Strike_G","Survivor+1","Neutralize+1","Predator+1","Escape Plan","Outmaneuver+1","Well Laid Plans+1","Leg Sweep","Backstab","Bullet Time","Caltrops+1","Wraith Form","Noxious Fumes","Panache","Footwork+1","Heel Hook+1","Outmaneuver+1","Blur","Distraction","Necronomicurse","Acrobatics+1","Calculated Gamble+1","Bullet Time","Acrobatics+1","Outmaneuver+1","Panache","Footwork+1","Backflip+1","Writhe","Secret Technique","Dash","Predator+1"],"max_hp_per_floor":[70,70,70,70,70,70,65,65,65,65,65,65,65,65,65,65,65,65,65,65,65,65,65,65,65,65,71,71,71,71,71,71,71,76,76,76,76,76,76,76,76,76,76,76,82,82,82,82,82,82],"relics":["Ring of the Snake","Bloody Idol","Du-Vu Doll","Runic Dome","Darkstone Periapt","Frozen Egg","Necronomicon","Tiny House","Gambling Chip"],"card_choices":[{"not_picked":["Dagger Spray","Choke"],"picked":"Predator"},{"not_picked":["Heel Hook","Riddle With Holes"],"picked":"Escape Plan"},{"not_picked":["Bane","Endless Agony"],"picked":"Leg Sweep"},{"not_picked":["Poisoned Stab","Underhanded Strike"],"picked":"Backstab"},{"not_picked":["Backflip","PiercingWail"],"picked":"Bullet Time"},{"not_picked":["Dodge and Roll","Riddle With Holes"],"picked":"Caltrops"},{"not_picked":["Night Terror","Phantasmal Killer"],"picked":"Wraith Form"},{"not_picked":["Flying Knee","Deadly Poison"],"picked":"Noxious Fumes"},{"not_picked":["Prepared","Bane"],"picked":"Heel Hook"},{"not_picked":["Deflect","Riddle With Holes"],"picked":"Outmaneuver"},{"not_picked":["Noxious Fumes","Bane"],"picked":"Blur"},{"not_picked":["Endless Agony","Slice"],"picked":"Distraction"},{"not_picked":["PiercingWail","Masterful Stab"],"picked":"Acrobatics"},{"not_picked":["Poisoned Stab","Malaise"],"picked":"Calculated Gamble"},{"not_picked":["Night Terror","Wraith Form"],"picked":"Bullet Time"},{"not_picked":["Reflex","Sucker Punch"],"picked":"Acrobatics"},{"not_picked":["Dagger Spray","Flying Knee"],"picked":"Outmaneuver"},{"not_picked":["PiercingWail","Deadly Poison"],"picked":"Footwork"},{"not_picked":["Bouncing Flask","Crippling Poison"],"picked":"Backflip"},{"not_picked":["Masterful Stab","Deadly Poison"],"picked":"Dash"},{"not_picked":["Finisher","Masterful Stab"],"picked":"Predator"}],"player_experience":74022,"potions_floor_usage":[24,24,28,33,35,38],"damage_taken":[{"damage":5,"enemies":"Small Slimes","floor":1,"turns":5},{"damage":4,"enemies":"Blue Slaver","floor":3,"turns":4},{"damage":0,"enemies":"Cultist","floor":11,"turns":3},{"damage":13,"enemies":"3 Louse","floor":12,"turns":3},{"damage":2,"enemies":"Large Slime","floor":13,"turns":6},{"damage":1,"enemies":"Looter","floor":14,"turns":3},{"damage":11,"enemies":"The Guardian","floor":16,"turns":10},{"damage":14,"enemies":"Chosen","floor":18,"turns":5},{"damage":3,"enemies":"Spheric Guardian","floor":21,"turns":5},{"damage":6,"enemies":"Snecko","floor":22,"turns":4},{"damage":3,"enemies":"3 Cultists","floor":24,"turns":4},{"damage":40,"enemies":"Gremlin Leader","floor":25,"turns":8},{"damage":12,"enemies":"Snake Plant","floor":28,"turns":5},{"damage":20,"enemies":"Chosen and Byrds","floor":31,"turns":6},{"damage":22,"enemies":"Champ","floor":33,"turns":7},{"damage":24,"enemies":"3 Shapes","floor":35,"turns":5},{"damage":0,"enemies":"3 Darklings","floor":38,"turns":3},{"damage":10,"enemies":"4 Shapes","floor":39,"turns":5},{"damage":16,"enemies":"Sphere and 2 Shapes","floor":47,"turns":4},{"damage":19,"enemies":"Maw","floor":48,"turns":6},{"damage":38,"enemies":"Awakened One","floor":50,"turns":9}],"event_choices":[{"event_name":"Upgrade Shrine","player_choice":"Upgraded","floor":2,"damage_taken":0},{"event_name":"Golden Wing","player_choice":"Card Removal","floor":4,"damage_taken":0},{"event_name":"Golden Idol","player_choice":"Lose Max HP","floor":7,"damage_taken":0},{"event_name":"Forgotten Altar","player_choice":"Gave Idol","floor":19,"damage_taken":0},{"event_name":"Cursed Tome","player_choice":"Obtained Book","floor":27,"damage_taken":0},{"event_name":"Duplicator","player_choice":"One dupe","floor":36,"damage_taken":0},{"event_name":"Tomb of Lord Red Mask","player_choice":"Ignored","floor":41,"damage_taken":0},{"event_name":"Winding Halls","player_choice":"Writhe","floor":45,"damage_taken":0}],"boss_relics":[{"not_picked":["Runic Pyramid","Calling Bell"],"picked":"Runic Dome"},{"not_picked":["Velvet Choker","The Specimen"],"picked":"Tiny House"}],"potions_floor_spawned":[12,14,16,18,22,28,35,48],"seed_played":"-2871054223997693840","ascension_level":3,"is_trial":false}