{"gold_per_floor":[111,123,123,141,66,100,100,116,116,149,149,149,165,165,165,267,267,279,291,141,155,80,107,107,124,124,124,124,52,78,95,95,191,191,211,86,86,86,97,97,0,0,46,7,7,19,19,19,19,19],"floor_reached":51,"playtime":2587,"items_purged":["Strike_B","Defend_B","Ball Lightning"],"score":904,"play_id":"12474df8-63f9-43e6-9dc9-bc43ee2f9c4e","local_time":"20190324005447","is_ascension_mode":true,"campfire_choices":[{"data":"Dualcast","floor":7.0,"key":"SMITH"},{"data":"Zap","floor":12.0,"key":"SMITH"},{"floor":15.0,"key":"REST"},{"data":"Recycle","floor":24.0,"key":"SMITH"},{"data":"Chill","floor":32.0,"key":"SMITH"},{"data":"Hologram","floor":40,"key":"SMITH"},{"data":"Biased Cognition","floor":49,"key":"SMITH"}],"neow_cost":"NONE","seed_source_timestamp":42583264404495,"circlet_count":0,"master_deck":["Capacitor","Compile Driver","Ball Lightning","Conserve Battery","Chill+1","Core Surge","Biased Cognition+1","Rainbow+1","Glacier+1","Stack+1","Hologram+1","Recycle+1","Redo+1","Undo","Conserve Battery","Fission+1","Darkness+1"],"special_seed":0,"relics":["Cracked Core","NeowsBlessing","FossilizedHelix","Unceasing Top","Mercury Hourglass","Astrolabe","Juzu Bracelet","Bottled Lightning","Bottled Tornado","Nuclear Battery","Red Mask","Blood Vial","Letter Opener"],"potions_floor_usage":[50,50],"damage_taken":[{"damage":0.0,"enemies":"Cultist","floor":1.0,"turns":1.0},{"damage":0.0,"enemies":"Jaw Worm","floor":2.0,"turns":1.0},{"damage":0.0,"enemies":"2 Louse","floor":4.0,"turns":1.0},{"damage":26.0,"enemies":"Gremlin Nob","floor":6.0,"turns":4.0},{"damage":11.0,"enemies":"Lots of Slimes","floor":8.0,"turns":3.0},{"damage":15.0,"enemies":"Lagavulin","floor":10.0,"turns":6.0},{"damage":0.0,"enemies":"2 Fungi Beasts","floor":13.0,"turns":2.0},{"damage":18.0,"enemies":"Hexaghost","floor":16.0,"turns":8.0},{"damage":11.0,"enemies":"3 Byrds","floor":18.0,"turns":3.0},{"damage":5.0,"enemies":"Shell Parasite","floor":19.0,"turns":3.0},{"damage":3.0,"enemies":"Centurion and Healer","floor":21.0,"turns":7.0},{"damage":0.0,"enemies":"Slavers","floor":23.0,"turns":4.0},{"damage":0.0,"enemies":"3 Cultists","floor":25.0,"turns":5.0},{"damage":0.0,"enemies":"Book of Stabbing","floor":30.0,"turns":4.0},{"damage":0.0,"enemies":"Cultist and Chosen","floor":31.0,"turns":4.0},{"damage":5.0,"enemies":"Champ","floor":33.0,"turns":8.0},{"damage":0,"enemies":"3 Darklings","floor":35,"turns":5},{"damage":0,"enemies":"Orb Walker","floor":39,"turns":4},{"damage":11,"enemies":"Sphere and 2 Shapes","floor":46,"turns":4},{"damage":9,"enemies":"Time Eater","floor":50,"turns":6}],"seed_played":"-5697604632287713433","potions_obtained":[{"floor":1.0,"key":"Weak Potion"},{"floor":2.0,"key":"Explosive Potion"},{"floor":6.0,"key":"Ancient Potion"},{"floor":8.0,"key":"GamblersBrew"},{"floor":18.0,"key":"Explosive Potion"},{"floor":25.0,"key":"Regen Potion"},{"floor":47,"key":"Explosive Potion"},{"floor":47,"key":"FairyPotion"},{"floor":47,"key":"FocusPotion"}],"is_trial":false,"path_per_floor":["M","M","?","M","$","E","R","M","T","E","?","R","M","?","R","B",null,"M","M","$","M","?","E","R","M","T","?","?","$","E","M","R","B",null,"M","$","?","$","M","R","?","?","T","$","?","M","?","?","R","B",null],"character_chosen":"DEFECT","items_purchased":["Hologram","Undo","Darkness"],"campfire_rested":1,"item_purchase_floors":[20,29,44],"current_hp_per_floor":[75,75,75,75,75,49,49,38,38,23,23,23,23,23,45,27,75,64,59,59,56,56,56,56,56,56,56,56,56,56,56,56,66,75,75,75,75,75,75,75,75,75,75,75,75,64,64,64,64,57],"gold":19,"neow_bonus":"THREE_ENEMY_KILL","is_prod":false,"is_daily":false,"chose_seed":false,"campfire_upgraded":6,"win_rate":0,"timestamp":1553356487,"path_taken":["M","?","?","M","$","E","R","M","T","E","?","R","?","?","R","BOSS","M","M","$","?","?","E","R","M","T","?","?","?","E","M","R","BOSS","M","$","?","$","M","R","?","?","T","?","?","M","?","?","R","BOSS"],"build_version":"2019-01-23","purchased_purges":3,"victory":true,"max_hp_per_floor":[75,75,75,75,75,75,75,75,75,75,75,75,75,75,75,75,75,75,75,75,75,75,75,75,75,75,75,75,75,75,75,75,75,75,75,75,75,75,75,75,75,75,75,75,75,75,75,75,75,75],"card_choices":[{"not_picked":["Double Energy","Sunder"],"picked":"Capacitor","floor":1.0},{"not_picked":["Turbo","Beam Cell"],"picked":"Compile Driver","floor":2.0},{"not_picked":["Barrage","Heatsinks"],"picked":"Ball Lightning","floor":4.0},{"not_picked":["Cold Snap","Recycle"],"picked":"Ball Lightning","floor":6.0},{"not_picked":["Turbo","Hyperbeam"],"picked":"Go for the Eyes","floor":8.0},{"not_picked":["Stack","Rebound"],"picked":"Conserve Battery","floor":10.0},{"not_picked":["Aggregate","Ball Lightning"],"picked":"Chill","floor":13.0},{"not_picked":["Meteor Strike","Echo Form"],"picked":"Biased Cognition","floor":16.0},{"not_picked":["Stack","Steam","Streamline"],"picked":"SKIP","floor":18.0},{"not_picked":["Storm","Stack"],"picked":"BootSequence","floor":19.0},{"not_picked":["Streamline","Beam Cell","Go for the Eyes"],"picked":"SKIP","floor":21.0},{"not_picked":["Hologram","Barrage"],"picked":"Recycle","floor":23.0},{"not_picked":["Creative AI","Barrage+1"],"picked":"Redo+1","floor":25.0},{"not_picked":["Rebound+1","Blizzard","Lockon"],"picked":"SKIP","floor":30.0},{"not_picked":["Go for the Eyes+1","Gash"],"picked":"Conserve Battery","floor":31.0},{"not_picked":["Rainbow","Machine Learning"],"picked":"Fission","floor":33.0},{"not_picked":["Gash+1","Redo+1","Chill"],"picked":"SKIP","floor":35},{"not_picked":["Coolheaded+1","Beam Cell","Sweeping Beam"],"picked":"SKIP","floor":39},{"not_picked":["Capacitor+1","Ball Lightning+1","Sweeping Beam"],"picked":"SKIP","floor":46}],"player_experience":543925,"relics_obtained":[{"floor":6.0,"key":"FossilizedHelix"},{"floor":9.0,"key":"Unceasing Top"},{"floor":10.0,"key":"Mercury Hourglass"},{"floor":23.0,"key":"Juzu Bracelet"},{"floor":26.0,"key":"Bottled Lightning"},{"floor":30.0,"key":"Bottled Tornado"},{"floor":43,"key":"Blood Vial"},{"floor":45,"key":"Letter Opener"}],"event_choices":[{"cards_removed":["Strike_B"],"damage_healed":0.0,"max_hp_gain":0.0,"max_hp_loss":0.0,"gold_gain":0.0,"event_name":"Living Wall","player_choice":"Forget","floor":3.0,"gold_loss":0.0,"damage_taken":0.0},{"cards_removed":["Strike_B"],"damage_healed":0.0,"max_hp_gain":0.0,"max_hp_loss":0.0,"gold_gain":0.0,"event_name":"Wheel of Change","player_choice":"Card Removal","floor":11.0,"gold_loss":0.0,"damage_taken":0.0},{"damage_healed":0.0,"max_hp_gain":0.0,"max_hp_loss":0.0,"gold_gain":0.0,"cards_transformed":["Strike_B"],"event_name":"Transmorgrifier","player_choice":"Transformed","floor":14.0,"gold_loss":0.0,"damage_taken":0.0,"cards_obtained":["Core Surge"]},{"cards_removed":["Zap"],"damage_healed":0.0,"max_hp_gain":0.0,"max_hp_loss":0.0,"gold_gain":0.0,"event_name":"Beggar","player_choice":"Gave Gold","floor":22.0,"gold_loss":75.0,"damage_taken":0.0},{"cards_removed":["Go for the Eyes"],"damage_healed":0.0,"max_hp_gain":0.0,"max_hp_loss":0.0,"gold_gain":0.0,"event_name":"Purifier","player_choice":"Purged","floor":27.0,"gold_loss":0.0,"damage_taken":0.0},{"cards_removed":["Dualcast"],"damage_healed":0.0,"max_hp_gain":0.0,"max_hp_loss":0.0,"gold_gain":0.0,"event_name":"Bonfire Elementals","player_choice":"Offered Basic","floor":28.0,"gold_loss":0.0,"damage_taken":0.0},{"damage_healed":0,"gold_gain":0,"player_choice":"Forge","damage_taken":0,"max_hp_gain":0,"max_hp_loss":0,"event_name":"Accursed Blacksmith","floor":37,"gold_loss":0,"cards_upgraded":["Fission"]},{"damage_healed":0,"gold_gain":0,"player_choice":"Paid","damage_taken":0,"relics_obtained":["Red Mask"],"max_hp_gain":0,"max_hp_loss":0,"event_name":"Tomb of Lord Red Mask","floor":41,"gold_loss":97},{"cards_removed":["BootSequence"],"damage_healed":0,"gold_gain":0,"player_choice":"Removed Skill","damage_taken":0,"max_hp_gain":0,"max_hp_loss":0,"event_name":"Falling","floor":42,"gold_loss":0},{"damage_healed":0,"gold_gain":0,"player_choice":"Relic","damage_taken":0,"max_hp_gain":0,"max_hp_loss":0,"event_name":"Wheel of Change","floor":45,"gold_loss":0},{"damage_healed":0,"gold_gain":0,"player_choice":"Got Potions","damage_taken":0,"max_hp_gain":0,"max_hp_loss":0,"event_name":"Lab","floor":47,"gold_loss":0},{"damage_healed":0,"gold_gain":0,"player_choice":"Upgraded","damage_taken":0,"max_hp_gain":0,"max_hp_loss":0,"event_name":"Upgrade Shrine","floor":48,"gold_loss":0,"cards_upgraded":["Darkness"]}],"is_beta":false,"boss_relics":[{"not_picked":["Eternal Feather","Empty Cage"],"picked":"Astrolabe"},{"not_picked":["Velvet Choker","Black Star"],"picked":"Nuclear Battery"}],"items_purged_floors":[5,20,36],"is_endless":false,"potions_floor_spawned":[1,2,6,8,18,19,25],"ascension_level":4}