{"gold_per_floor":[115,190,205,205,274,299,309,309,309,321,354,354,381,381],"floor_reached":14,"playtime":548,"items_purged":[],"score":209,"play_id":"89cb8c64-4150-47a0-94b0-7bebbe7f168e","local_time":"20190314124930","is_ascension_mode":true,"campfire_choices":[{"data":"Armaments","floor":8,"key":"SMITH"},{"floor":12,"key":"REST"}],"neow_cost":"NONE","seed_source_timestamp":130640158175500,"circlet_count":0,"master_deck":["AscendersBane","Strike_R","Strike_R","Strike_R","Strike_R","Strike_R","Defend_R","Defend_R","Defend_R","Defend_R","Bash","Clothesline","Power Through","Perfected Strike","Iron Wave","Armaments+1","Disarm","Twin Strike","Wild Strike","Thunderclap"],"relics":["Burning Blood","NeowsBlessing","SsserpentHead","Blood Vial","Dream Catcher","Question Card","Omamori"],"potions_floor_usage":[11],"damage_taken":[{"damage":0,"enemies":"2 Louse","floor":1,"turns":1},{"damage":0,"enemies":"Cultist","floor":3,"turns":1},{"damage":0,"enemies":"Jaw Worm","floor":5,"turns":1},{"damage":45,"enemies":"3 Sentries","floor":6,"turns":12},{"damage":4,"enemies":"3 Louse","floor":7,"turns":3},{"damage":11,"enemies":"Looter","floor":10,"turns":2},{"damage":26,"enemies":"Lagavulin","floor":11,"turns":8},{"damage":35,"enemies":"3 Sentries","floor":13,"turns":10},{"damage":18,"enemies":"Gremlin Gang","floor":14,"turns":3}],"seed_played":"8630168089269880082","potions_obtained":[{"floor":5,"key":"Block Potion"},{"floor":7,"key":"SteroidPotion"},{"floor":11,"key":"Strength Potion"}],"is_trial":false,"path_per_floor":["M","?","M","?","M","E","M","R","T","M","E","R","E","M"],"character_chosen":"IRONCLAD","items_purchased":[],"campfire_rested":1,"item_purchase_floors":[],"current_hp_per_floor":[74,63,69,69,75,36,40,40,40,37,19,41,14,0],"gold":381,"neow_bonus":"THREE_ENEMY_KILL","is_prod":false,"is_daily":false,"chose_seed":false,"campfire_upgraded":1,"win_rate":0,"timestamp":1552582170,"path_taken":["M","?","M","?","?","E","M","R","T","M","E","R","E","M"],"build_version":"2019-02-06","purchased_purges":0,"victory":false,"max_hp_per_floor":[75,75,75,75,75,75,75,75,75,75,75,75,75,75],"card_choices":[{"not_picked":["Clash","Intimidate"],"picked":"Clothesline","floor":1},{"not_picked":["Corruption","Dual Wield"],"picked":"Power Through","floor":3},{"not_picked":["Burning Pact","Whirlwind"],"picked":"Perfected Strike","floor":5},{"not_picked":["Cleave","Shrug It Off"],"picked":"Iron Wave","floor":6},{"not_picked":["Iron Wave","Perfected Strike"],"picked":"Armaments","floor":7},{"not_picked":["Clothesline","Barricade"],"picked":"Disarm","floor":10},{"not_picked":["Wild Strike","Pummel"],"picked":"Twin Strike","floor":11},{"not_picked":["Headbutt","Rampage","Burning Pact"],"picked":"Wild Strike","floor":12},{"not_picked":["Disarm","Havoc","Power Through"],"picked":"Thunderclap","floor":13}],"player_experience":652683,"relics_obtained":[{"floor":6,"key":"Blood Vial"},{"floor":9,"key":"Dream Catcher"},{"floor":11,"key":"Question Card"},{"floor":13,"key":"Omamori"}],"event_choices":[{"damage_healed":0,"gold_gain":75,"player_choice":"Gather Gold","damage_taken":11,"max_hp_gain":0,"max_hp_loss":0,"event_name":"World of Goop","floor":2,"gold_loss":0},{"damage_healed":0,"gold_gain":0,"player_choice":"Trade","damage_taken":0,"relics_obtained":["SsserpentHead"],"max_hp_gain":0,"max_hp_loss":0,"event_name":"FaceTrader","floor":4,"gold_loss":0}],"is_beta":true,"boss_relics":[],"items_purged_floors":[],"is_endless":false,"potions_floor_spawned":[5,7,11],"killed_by":"Gremlin Gang","ascension_level":18}