{"gold_per_floor":[113,133,160,160,111,111,139,139,166,191,204,218,218,234,234,333,333,343,343,72,83,83,112,112,112,112,137,137,137,150,160,160,259,259,274,274,124,134,148,148,163,176,250,250,56,156,0,0,0,0],"floor_reached":50,"playtime":3558,"items_purged":["Decay","Writhe"],"score":537,"play_id":"ee2cfbf7-63af-4aa0-94f7-f74dc6685c2c","local_time":"20190301121850","is_ascension_mode":true,"campfire_choices":[{"data":"Defragment","floor":6.0,"key":"SMITH"},{"data":"Stack","floor":8.0,"key":"SMITH"},{"data":"Auto Shields","floor":13.0,"key":"SMITH"},{"data":"Dualcast","floor":15.0,"key":"SMITH"},{"floor":25.0,"key":"REST"},{"floor":28.0,"key":"REST"},{"floor":32.0,"key":"REST"},{"floor":40.0,"key":"RECALL"},{"floor":44.0,"key":"REST"},{"floor":49.0,"key":"DIG"}],"neow_cost":"NONE","seed_source_timestamp":170239637724800,"circlet_count":0,"master_deck":["Strike_B","Strike_B","Strike_B","Strike_B","Defend_B","Defend_B+1","Defend_B","Defend_B+1","Zap+1","Dualcast+1","Defragment+1","Rebound","Streamline+1","Stack+1","Sunder+1","Compile Driver+1","Auto Shields+1","Lockon+1","Core Surge+1","Injury","Consume+1","Leap+1","Capacitor+1","RitualDagger+1","Beam Cell+1","Go for the Eyes+1","Sweeping Beam+1","Cold Snap+1","Echo Form+1","BootSequence+1","Ball Lightning+1","Barrage+1","Parasite","Redo+1","Glacier+1","Leap+1","Injury","Defragment+1"],"special_seed":0,"relics":["Cracked Core","War Paint","Molten Egg 2","Vajra","Regal Pillow","Boot","Calling Bell","Art of War","Question Card","Gambling Chip","OrangePellets","Meat on the Bone","Frozen Egg 2","Cursed Key","Kunai","HandDrill","Shovel","Red Mask","Pen Nib"],"potions_floor_usage":[50,50],"damage_taken":[{"damage":0.0,"enemies":"Cultist","floor":1.0,"turns":3.0},{"damage":1.0,"enemies":"Jaw Worm","floor":2.0,"turns":4.0},{"damage":14.0,"enemies":"Gremlin Nob","floor":7.0,"turns":4.0},{"damage":11.0,"enemies":"3 Sentries","floor":10.0,"turns":7.0},{"damage":0.0,"enemies":"Small Slimes","floor":11.0,"turns":3.0},{"damage":0.0,"enemies":"3 Louse","floor":12.0,"turns":2.0},{"damage":0.0,"enemies":"Looter","floor":14.0,"turns":2.0},{"damage":17.0,"enemies":"The Guardian","floor":16.0,"turns":10.0},{"damage":10.0,"enemies":"Spheric Guardian","floor":18.0,"turns":4.0},{"damage":8.0,"enemies":"3 Byrds","floor":21.0,"turns":5.0},{"damage":31.0,"enemies":"Slavers","floor":23.0,"turns":4.0},{"damage":46.0,"enemies":"Book of Stabbing","floor":27.0,"turns":5.0},{"damage":37.0,"enemies":"Shelled Parasite and Fungi","floor":30.0,"turns":5.0},{"damage":12.0,"enemies":"Snake Plant","floor":31.0,"turns":4.0},{"damage":32.0,"enemies":"Collector","floor":33.0,"turns":11.0},{"damage":0.0,"enemies":"3 Shapes","floor":35.0,"turns":4.0},{"damage":0.0,"enemies":"Orb Walker","floor":38.0,"turns":4.0},{"damage":10.0,"enemies":"Writhing Mass","floor":39.0,"turns":7.0},{"damage":6.0,"enemies":"Spire Growth","floor":41.0,"turns":5.0},{"damage":29.0,"enemies":"Maw","floor":42.0,"turns":7.0},{"damage":4.0,"enemies":"Mind Bloom Boss Battle","floor":46.0,"turns":7.0},{"damage":75,"enemies":"Time Eater","floor":50,"turns":5}],"seed_played":"-2995089256527067451","potions_obtained":[{"floor":1.0,"key":"PowerPotion"},{"floor":10.0,"key":"EssenceOfSteel"},{"floor":11.0,"key":"Explosive Potion"},{"floor":14.0,"key":"LiquidBronze"},{"floor":31.0,"key":"Explosive Potion"},{"floor":38.0,"key":"SpeedPotion"},{"floor":42.0,"key":"SkillPotion"},{"floor":46.0,"key":"LiquidBronze"}],"is_trial":false,"path_per_floor":["M","M","T","?","$","R","E","R","T","E","M","M","R","M","R","B",null,"M","?","$","M","$","E","?","R","T","E","R","?","M","M","R","B",null,"M","?","$","M","M","R","M","M","T","R","$","?","?","$","R","B"],"character_chosen":"DEFECT","items_purchased":["Streamline+1","OrangePellets","Ball Lightning+1","HandDrill"],"campfire_rested":4,"item_purchase_floors":[5,20,37,45],"current_hp_per_floor":[75,74,74,74,74,74,60,60,60,49,49,49,49,49,49,32,75,65,65,65,57,57,26,20,57,57,23,60,60,35,35,72,40,75,75,75,75,75,65,65,59,42,42,75,75,71,71,71,71,0],"gold":0,"neow_bonus":"UPGRADE_CARD","is_prod":false,"is_daily":false,"chose_seed":false,"campfire_upgraded":4,"win_rate":0,"timestamp":1551439130,"path_taken":["M","M","?","?","$","R","E","R","T","E","?","M","R","M","R","BOSS","M","?","$","M","$","E","?","R","T","E","R","?","M","M","R","BOSS","M","?","$","M","M","R","M","?","T","R","$","?","?","?","R","BOSS"],"build_version":"2019-01-23","purchased_purges":2,"victory":false,"max_hp_per_floor":[75,75,75,75,75,75,75,75,75,75,75,75,75,75,75,75,75,75,75,75,75,75,75,75,75,75,75,75,75,75,75,75,75,75,75,75,75,75,75,75,75,75,75,75,75,75,75,75,75,75],"card_choices":[{"not_picked":["Steam Power","Cold Snap"],"picked":"Defragment","floor":1.0},{"not_picked":["Coolheaded","Compile Driver"],"picked":"Rebound","floor":2.0},{"not_picked":["Static Discharge","Storm"],"picked":"Stack","floor":7.0},{"not_picked":["Consume","Barrage+1"],"picked":"Sunder+1","floor":10.0},{"not_picked":["Streamline+1","Meteor Strike+1"],"picked":"Compile Driver+1","floor":11.0},{"not_picked":["White Noise","Gash+1"],"picked":"Auto Shields","floor":12.0},{"not_picked":["Coolheaded","Rebound+1"],"picked":"Lockon+1","floor":14.0},{"not_picked":["Multi-Cast","Amplify"],"picked":"Core Surge+1","floor":16.0},{"not_picked":["Barrage+1","Loop","Coolheaded"],"picked":"Consume+1","floor":18.0},{"not_picked":["Loop","Scrape+1","Ball Lightning+1"],"picked":"Leap","floor":21.0},{"not_picked":["Sweeping Beam+1","FTL+1","Genetic Algorithm"],"picked":"Capacitor+1","floor":23.0},{"not_picked":["Streamline+1","Heatsinks","Rebound+1"],"picked":"Beam Cell+1","floor":27.0},{"not_picked":["Steam Power","Beam Cell+1","Tempest"],"picked":"Sweeping Beam+1","floor":30.0},{"not_picked":["Multi-Cast","Coolheaded","Beam Cell+1"],"picked":"Cold Snap+1","floor":31.0},{"not_picked":["Buffer+1","All For One+1","Amplify"],"picked":"Echo Form+1","floor":33.0},{"not_picked":["Blizzard+1","Redo+1","Beam Cell+1"],"picked":"BootSequence+1","floor":35.0},{"not_picked":["Turbo+1","Lockon+1","Hologram+1"],"picked":"Barrage+1","floor":38.0},{"not_picked":["Beam Cell+1","Auto Shields+1","Turbo+1"],"picked":"Redo+1","floor":39.0},{"not_picked":["Redo+1","Steam+1","Go for the Eyes+1"],"picked":"Glacier+1","floor":41.0},{"not_picked":["Redo+1","Barrage+1","Rebound+1"],"picked":"Leap+1","floor":42.0},{"not_picked":["Melter+1","Meteor Strike+1","Leap"],"picked":"Defragment+1","floor":46.0}],"player_experience":498636,"relics_obtained":[{"floor":3.0,"key":"War Paint"},{"floor":7.0,"key":"Vajra"},{"floor":9.0,"key":"Regal Pillow"},{"floor":10.0,"key":"Boot"},{"floor":17.0,"key":"Art of War"},{"floor":17.0,"key":"Question Card"},{"floor":17.0,"key":"Gambling Chip"},{"floor":23.0,"key":"Meat on the Bone"},{"floor":27.0,"key":"Frozen Egg 2"},{"floor":43.0,"key":"Kunai"},{"floor":46.0,"key":"Shovel"},{"floor":49.0,"key":"Pen Nib"}],"event_choices":[{"damage_healed":0.0,"max_hp_gain":0.0,"max_hp_loss":0.0,"gold_gain":0.0,"event_name":"WeMeetAgain","player_choice":"Gave Potion","floor":4.0,"gold_loss":0.0,"damage_taken":0.0,"relics_obtained":["Molten Egg 2"]},{"damage_healed":0.0,"max_hp_gain":0.0,"max_hp_loss":0.0,"gold_gain":0.0,"event_name":"Ghosts","player_choice":"Ignored","floor":19.0,"gold_loss":0.0,"damage_taken":0.0},{"damage_healed":0.0,"max_hp_gain":0.0,"max_hp_loss":0.0,"gold_gain":0.0,"event_name":"Nest","player_choice":"Joined the Cult","floor":24.0,"gold_loss":0.0,"damage_taken":6.0,"cards_obtained":["RitualDagger"]},{"damage_healed":0.0,"max_hp_gain":0.0,"max_hp_loss":0.0,"gold_gain":0.0,"event_name":"The Library","player_choice":"Read","floor":29.0,"gold_loss":0.0,"damage_taken":0.0,"cards_obtained":["Go for the Eyes"]},{"damage_healed":0.0,"max_hp_gain":0.0,"max_hp_loss":0.0,"gold_gain":0.0,"event_name":"Upgrade Shrine","player_choice":"Upgraded","floor":36.0,"gold_loss":0.0,"damage_taken":0.0,"cards_upgraded":["Leap"]},{"damage_healed":0.0,"max_hp_gain":0.0,"max_hp_loss":0.0,"gold_gain":0.0,"event_name":"MindBloom","player_choice":"Fight","floor":46.0,"gold_loss":0.0,"damage_taken":0.0},{"damage_healed":0.0,"max_hp_gain":0.0,"max_hp_loss":0.0,"gold_gain":0.0,"event_name":"Tomb of Lord Red Mask","player_choice":"Paid","floor":47.0,"gold_loss":156.0,"damage_taken":0.0,"relics_obtained":["Red Mask"]}],"is_beta":false,"boss_relics":[{"not_picked":["Empty Cage","Runic Dome"],"picked":"Calling Bell"},{"not_picked":["Coffee Dripper","Velvet Choker"],"picked":"Cursed Key"}],"items_purged_floors":[20,37],"is_endless":false,"potions_floor_spawned":[1,10,11,14,21,31,38,42,46],"killed_by":"Time Eater","ascension_level":1}