{"gold_per_floor":[113,37,37,187,19,76,76,102,102,133,133,98,110,130,130,208,208,226,27,27,77,77,103,103,121,121,137,137,137,169,24,24,24],"floor_reached":33,"playtime":1365,"items_purged":["Doubt"],"score":619,"play_id":"84aaa5ce-65f1-408b-bd46-fba7cd7d4d8d","local_time":"20181110000008","is_ascension_mode":true,"campfire_choices":[{"floor":7.0,"key":"REST"},{"data":"Evolve","floor":11.0,"key":"SMITH"},{"data":"Bash","floor":15.0,"key":"SMITH"},{"floor":24.0,"key":"RECALL"},{"data":"Clothesline","floor":29.0,"key":"SMITH"},{"data":"Immolate","floor":32,"key":"SMITH"}],"neow_cost":"NONE","seed_source_timestamp":1378486018710685,"circlet_count":0,"master_deck":["AscendersBane","Defend_R","Defend_R","Defend_R","Defend_R","Bash+1","Pummel","Immolate+1","Clothesline+1","Evolve+1","Power Through+1","Shrug It Off+1","Feed","Disarm+1","Shrug It Off+1","Bite","Bite","Bite","Bite","Bite","True Grit+1","Thunderclap","Armaments+1","Feel No Pain","Havoc+1"],"special_seed":0,"relics":["Burning Blood","Tiny Chest","Oddly Smooth Stone","Pantograph","Toxic Egg 2","Coffee Dripper","Anchor","Juzu Bracelet","Vajra","Smiling Mask"],"potions_floor_usage":[],"damage_taken":[{"damage":7.0,"enemies":"Cultist","floor":1.0,"turns":4.0},{"damage":46.0,"enemies":"Gremlin Nob","floor":6.0,"turns":5.0},{"damage":10.0,"enemies":"3 Sentries","floor":8.0,"turns":4.0},{"damage":36.0,"enemies":"Gremlin Nob","floor":10.0,"turns":5.0},{"damage":0.0,"enemies":"Jaw Worm","floor":13.0,"turns":3.0},{"damage":0.0,"enemies":"2 Louse","floor":14.0,"turns":2.0},{"damage":26.0,"enemies":"Slime Boss","floor":16.0,"turns":7.0},{"damage":0.0,"enemies":"Chosen","floor":18.0,"turns":4.0},{"damage":6.0,"enemies":"Slavers","floor":23.0,"turns":5.0},{"damage":9.0,"enemies":"Spheric Guardian","floor":25.0,"turns":9.0},{"damage":20.0,"enemies":"Snake Plant","floor":27.0,"turns":7.0},{"damage":23,"enemies":"Gremlin Leader","floor":30,"turns":10},{"damage":69,"enemies":"Automaton","floor":33,"turns":6}],"seed_played":"-4330043762577001874","potions_obtained":[{"floor":0.0,"key":"SteroidPotion"},{"floor":0.0,"key":"Explosive Potion"},{"floor":1.0,"key":"Explosive Potion"},{"floor":6.0,"key":"Dexterity Potion"},{"floor":10.0,"key":"Explosive Potion"},{"floor":13.0,"key":"AttackPotion"},{"floor":16.0,"key":"GamblersBrew"},{"floor":18.0,"key":"Fire Potion"},{"floor":25.0,"key":"Ancient Potion"}],"is_trial":false,"path_per_floor":["M","$","$","?","$","E","R","E","T","E","R","?","M","M","R","B",null,"M","$","?","?","?","E","R","M","T","M","?","R","E","$","R","B"],"character_chosen":"IRONCLAD","items_purchased":["Immolate","Clothesline","Evolve","Anchor","Disarm+1","Feel No Pain","Havoc+1"],"campfire_rested":1,"item_purchase_floors":[2,5,5,19,19,31,31],"current_hp_per_floor":[67,67,67,67,67,27,49,45,45,15,15,33,39,45,45,50,69,78,78,78,78,54,57,57,60,60,54,54,54,49,49,49,0],"gold":24,"neow_bonus":"THREE_SMALL_POTIONS","is_prod":false,"is_daily":false,"chose_seed":false,"campfire_upgraded":4,"win_rate":0,"timestamp":1541826008,"path_taken":["M","?","$","?","$","E","R","E","T","E","R","?","M","M","R","BOSS","M","$","?","?","?","E","R","M","T","M","?","R","E","$","R","BOSS"],"build_version":"2018-11-08","purchased_purges":1,"victory":false,"max_hp_per_floor":[75,75,75,75,75,75,75,75,75,75,75,75,75,75,75,75,75,78,78,78,78,54,57,57,60,60,60,60,60,60,60,60,60],"card_choices":[{"not_picked":["True Grit","Perfected Strike"],"picked":"Pummel","floor":1.0},{"not_picked":["Pummel","Rupture","Sword Boomerang"],"picked":"SKIP","floor":6.0},{"not_picked":["Pummel","Blood for Blood","Heavy Blade"],"picked":"SKIP","floor":8.0},{"not_picked":["Iron Wave","Headbutt"],"picked":"Power Through","floor":10.0},{"not_picked":["Sever Soul","Rampage","Evolve"],"picked":"SKIP","floor":13.0},{"not_picked":["Anger","Cleave"],"picked":"Shrug It Off+1","floor":14.0},{"not_picked":["Bludgeon","Barricade"],"picked":"Feed","floor":16.0},{"not_picked":["Clash+1","Sword Boomerang","Sever Soul"],"picked":"SKIP","floor":18.0},{"not_picked":["Body Slam","Anger"],"picked":"True Grit+1","floor":23.0},{"not_picked":["Rupture","Anger"],"picked":"Thunderclap","floor":25.0},{"not_picked":["Dual Wield+1","Burning Pact+1","Twin Strike"],"picked":"SKIP","floor":27.0},{"not_picked":["Uppercut","Havoc+1"],"picked":"Armaments+1","floor":30}],"player_experience":790911,"relics_obtained":[{"floor":6.0,"key":"Tiny Chest"},{"floor":8.0,"key":"Oddly Smooth Stone"},{"floor":9.0,"key":"Pantograph"},{"floor":10.0,"key":"Toxic Egg 2"},{"floor":23.0,"key":"Juzu Bracelet"},{"floor":26.0,"key":"Vajra"},{"floor":30,"key":"Smiling Mask"}],"event_choices":[{"damage_healed":0.0,"max_hp_gain":0.0,"max_hp_loss":0.0,"gold_gain":150.0,"event_name":"Liars Game","player_choice":"AGREE","floor":4.0,"gold_loss":0.0,"damage_taken":0.0,"cards_obtained":["Doubt"]},{"damage_healed":18.0,"max_hp_gain":0.0,"max_hp_loss":0.0,"gold_gain":0.0,"event_name":"The Cleric","player_choice":"Healed","floor":12.0,"gold_loss":35.0,"damage_taken":0.0},{"damage_healed":0.0,"max_hp_gain":0.0,"max_hp_loss":0.0,"gold_gain":0.0,"event_name":"The Library","player_choice":"Read","floor":20.0,"gold_loss":0.0,"damage_taken":0.0,"cards_obtained":["Shrug It Off"]},{"damage_healed":0.0,"max_hp_gain":0.0,"max_hp_loss":0.0,"gold_gain":50.0,"event_name":"Nest","player_choice":"Stole From Cult","floor":21.0,"gold_loss":0.0,"damage_taken":0.0},{"damage_healed":0.0,"max_hp_gain":0.0,"max_hp_loss":24.0,"gold_gain":0.0,"event_name":"Vampires","player_choice":"Became a vampire","floor":22.0,"gold_loss":0.0,"damage_taken":0.0,"cards_obtained":["Bite","Bite","Bite","Bite","Bite"]},{"damage_healed":0.0,"max_hp_gain":0.0,"max_hp_loss":0.0,"gold_gain":0.0,"event_name":"Ghosts","player_choice":"Ignored","floor":28.0,"gold_loss":0.0,"damage_taken":0.0}],"is_beta":true,"boss_relics":[{"not_picked":["Eternal Feather","Astrolabe"],"picked":"Coffee Dripper"}],"items_purged_floors":[5],"is_endless":false,"potions_floor_spawned":[1,6,10,13,16,18,25],"killed_by":"Automaton","ascension_level":20}