{"gold_per_floor":[116,30,30,40,40,40,75,89,89,89,139,152,171,203,203,275,275,255,269,269,269,285,285,285,285,285,257,257],"floor_reached":28,"playtime":980,"items_purged":[],"score":452,"play_id":"2ebb1e26-21bb-46f5-bda4-d8665cfcee65","local_time":"20190311005145","is_ascension_mode":true,"campfire_choices":[{"data":"Metallicize","floor":6,"key":"SMITH"},{"data":"Intimidate","floor":10,"key":"SMITH"},{"data":"Barricade","floor":15,"key":"SMITH"},{"data":"Body Slam","floor":23,"key":"SMITH"},{"data":"Body Slam","floor":25,"key":"SMITH"}],"neow_cost":"NONE","seed_source_timestamp":282827850928600,"circlet_count":0,"master_deck":["AscendersBane","Strike_R","Strike_R+1","Defend_R","Defend_R","Defend_R","Bash","Thunderclap","Metallicize+1","Pummel","Shrug It Off","Intimidate+1","Shrug It Off","Twin Strike+1","Barricade+1","Juggernaut","Rupture+1","Rage+1","Seeing Red+1","Iron Wave","Combust","Body Slam+1","Body Slam+1","Armaments"],"relics":["Burning Blood","NeowsBlessing","Anchor","Blue Candle","Whetstone","Astrolabe","Darkstone Periapt","Molten Egg 2"],"potions_floor_usage":[14,28],"damage_taken":[{"damage":0,"enemies":"2 Louse","floor":1,"turns":1},{"damage":0,"enemies":"Cultist","floor":4,"turns":1},{"damage":0,"enemies":"Gremlin Nob","floor":7,"turns":1},{"damage":0,"enemies":"Small Slimes","floor":8,"turns":4},{"damage":21,"enemies":"Exordium Thugs","floor":12,"turns":7},{"damage":9,"enemies":"2 Fungi Beasts","floor":13,"turns":5},{"damage":16,"enemies":"Lagavulin","floor":14,"turns":7},{"damage":13,"enemies":"The Guardian","floor":16,"turns":17},{"damage":12,"enemies":"2 Thieves","floor":18,"turns":4},{"damage":5,"enemies":"3 Byrds","floor":19,"turns":6},{"damage":38,"enemies":"Snake Plant","floor":22,"turns":6},{"damage":36,"enemies":"Snecko","floor":28,"turns":5}],"seed_played":"4436629790545541829","potions_obtained":[{"floor":1,"key":"Energy Potion"},{"floor":7,"key":"Ancient Potion"},{"floor":13,"key":"AttackPotion"},{"floor":22,"key":"AttackPotion"}],"is_trial":false,"path_per_floor":["M","$","?","M","$","R","E","M","T","R","?","M","M","E","R","B",null,"M","M","?","?","M","R","?","R","T","$","M"],"character_chosen":"IRONCLAD","items_purchased":["Metallicize","Armaments"],"campfire_rested":0,"item_purchase_floors":[2,27],"current_hp_per_floor":[74,74,67,73,73,73,75,75,75,75,75,60,57,47,47,40,66,60,61,61,61,29,29,29,29,29,29,0],"gold":257,"neow_bonus":"THREE_ENEMY_KILL","is_prod":false,"is_daily":false,"chose_seed":false,"campfire_upgraded":5,"win_rate":0,"timestamp":1552279905,"path_taken":["M","$","?","M","$","R","E","M","T","R","?","?","M","E","R","BOSS","M","M","?","?","M","R","?","R","T","$","?"],"build_version":"2019-02-06","purchased_purges":0,"victory":false,"max_hp_per_floor":[75,75,75,75,75,75,75,75,75,75,75,75,75,75,75,75,75,75,75,75,75,75,75,75,75,75,75,75],"card_choices":[{"not_picked":["Ghostly Armor","Flex"],"picked":"Thunderclap","floor":1},{"not_picked":["Headbutt","Searing Blow"],"picked":"Pummel","floor":4},{"not_picked":["Clothesline","Sentinel"],"picked":"Shrug It Off","floor":7},{"not_picked":["Corruption","Clash"],"picked":"Intimidate","floor":8},{"not_picked":["Sever Soul","Perfected Strike"],"picked":"Shrug It Off","floor":12},{"not_picked":["Pummel","Havoc"],"picked":"Twin Strike","floor":13},{"not_picked":["Reaper","Bludgeon"],"picked":"Barricade","floor":14},{"not_picked":["Reaper","Fiend Fire"],"picked":"Juggernaut","floor":16},{"not_picked":["Shrug It Off+1","Rage"],"picked":"Iron Wave","floor":18},{"not_picked":["Thunderclap","Infernal Blade"],"picked":"Combust","floor":19},{"not_picked":["Sword Boomerang","Havoc"],"picked":"Body Slam","floor":22}],"player_experience":632961,"relics_obtained":[{"floor":7,"key":"Anchor"},{"floor":9,"key":"Blue Candle"},{"floor":14,"key":"Whetstone"},{"floor":26,"key":"Molten Egg 2"}],"event_choices":[{"cards_removed":["Strike_R"],"damage_healed":0,"gold_gain":0,"player_choice":"Card Removal","damage_taken":7,"max_hp_gain":0,"max_hp_loss":0,"event_name":"Golden Wing","floor":3,"gold_loss":0},{"damage_healed":0,"gold_gain":50,"player_choice":"Pray","damage_taken":0,"max_hp_gain":0,"max_hp_loss":0,"event_name":"Golden Shrine","floor":11,"gold_loss":0},{"damage_healed":0,"gold_gain":0,"player_choice":"Read","damage_taken":0,"max_hp_gain":0,"max_hp_loss":0,"event_name":"The Library","floor":20,"gold_loss":0,"cards_obtained":["Body Slam"]},{"damage_healed":0,"gold_gain":0,"player_choice":"Ignored","damage_taken":0,"max_hp_gain":0,"max_hp_loss":0,"event_name":"Ghosts","floor":21,"gold_loss":0},{"damage_healed":0,"gold_gain":0,"player_choice":"Gave Potion","damage_taken":0,"relics_obtained":["Darkstone Periapt"],"max_hp_gain":0,"max_hp_loss":0,"event_name":"WeMeetAgain","floor":24,"gold_loss":0}],"is_beta":true,"boss_relics":[{"not_picked":["Runic Dome","Sozu"],"picked":"Astrolabe"}],"items_purged_floors":[],"is_endless":false,"potions_floor_spawned":[1,7,13,22],"killed_by":"Snecko","ascension_level":16}