{"gold_per_floor":[109,16,16,33,45,74,74,22,22,33,45,65,77,107,107,178,178,198,198,198,208,52,52,84,84],"floor_reached":25,"playtime":1967,"items_purged":["Strike_R"],"score":516,"play_id":"5128780b-f950-4a0d-8ed9-bb31100f3b15","local_time":"20181117015238","is_ascension_mode":true,"campfire_choices":[{"data":"Inflame","floor":7.0,"key":"SMITH"},{"data":"Evolve","floor":15.0,"key":"SMITH"},{"floor":23,"key":"REST"}],"neow_cost":"NONE","seed_source_timestamp":89671536515844,"circlet_count":0,"master_deck":["AscendersBane","Strike_R","Strike_R","Strike_R","Defend_R","Defend_R","Defend_R","Defend_R","Bash","Anger","Evolve+1","True Grit","Corruption","Flame Barrier","Inflame+1","Hemokinesis","Clothesline","Battle Trance","Anger","Power Through","Sword Boomerang","Thunderclap","Barricade","Armaments","True Grit","Feel No Pain"],"special_seed":0,"relics":["Burning Blood","PreservedInsect","Question Card","Letter Opener","Vajra","Fusion Hammer","Ginger"],"potions_floor_usage":[24,24,25],"damage_taken":[{"damage":7.0,"enemies":"Cultist","floor":1.0,"turns":4.0},{"damage":0.0,"enemies":"2 Louse","floor":4.0,"turns":4.0},{"damage":0.0,"enemies":"Jaw Worm","floor":5.0,"turns":5.0},{"damage":0.0,"enemies":"Gremlin Nob","floor":6.0,"turns":2.0},{"damage":6.0,"enemies":"Blue Slaver","floor":10.0,"turns":4.0},{"damage":25.0,"enemies":"Exordium Wildlife","floor":11.0,"turns":5.0},{"damage":16.0,"enemies":"Large Slime","floor":12.0,"turns":5.0},{"damage":16.0,"enemies":"2 Fungi Beasts","floor":13.0,"turns":4.0},{"damage":23.0,"enemies":"3 Sentries","floor":14.0,"turns":5.0},{"damage":38.0,"enemies":"Slime Boss","floor":16.0,"turns":7.0},{"damage":25.0,"enemies":"Spheric Guardian","floor":18.0,"turns":5.0},{"damage":0,"enemies":"3 Byrds","floor":21,"turns":3},{"damage":27,"enemies":"Slavers","floor":24,"turns":5},{"damage":15,"enemies":"3 Cultists","floor":25,"turns":4}],"seed_played":"3579442452230194433","potions_obtained":[{"floor":1.0,"key":"AttackPotion"},{"floor":10.0,"key":"BloodPotion"},{"floor":11.0,"key":"Strength Potion"},{"floor":13.0,"key":"Regen Potion"},{"floor":16.0,"key":"Weak Potion"},{"floor":18.0,"key":"Energy Potion"},{"floor":24,"key":"BloodPotion"}],"is_trial":false,"path_per_floor":["M","$","?","M","M","E","R","$","T","M","M","M","M","E","R","B",null,"M","?","?","M","$","R","E","M"],"character_chosen":"IRONCLAD","items_purchased":["Evolve","True Grit","Clothesline","Armaments","True Grit"],"campfire_rested":1,"item_purchase_floors":[2,2,8,22,22],"current_hp_per_floor":[67,67,67,73,75,75,75,75,75,75,56,46,43,40,40,8,58,39,18,18,24,24,48,27,20],"gold":84,"neow_bonus":"RANDOM_COMMON_RELIC","is_prod":false,"is_daily":false,"chose_seed":false,"campfire_upgraded":2,"win_rate":0,"timestamp":1542437558,"path_taken":["M","$","?","M","?","E","R","$","T","M","M","M","M","E","R","BOSS","M","?","?","M","$","R","E","M"],"build_version":"2018-11-15","purchased_purges":1,"victory":false,"max_hp_per_floor":[75,75,75,75,75,75,75,75,75,75,75,75,75,75,75,75,75,75,80,80,80,80,80,80,80],"card_choices":[{"not_picked":["Searing Blow","Havoc"],"picked":"Anger","floor":1.0},{"not_picked":["Thunderclap","Clothesline"],"picked":"Flame Barrier","floor":4.0},{"not_picked":["Sword Boomerang","True Grit"],"picked":"Inflame","floor":5.0},{"not_picked":["Rage","Body Slam"],"picked":"Hemokinesis","floor":6.0},{"not_picked":["Hemokinesis","Berserk","Clash"],"picked":"Battle Trance","floor":10.0},{"not_picked":["Wild Strike","Uppercut","Dual Wield"],"picked":"Anger","floor":11.0},{"not_picked":["Shrug It Off","Reckless Charge","Reaper"],"picked":"Power Through","floor":12.0},{"not_picked":["Thunderclap","Perfected Strike","Dropkick"],"picked":"Sword Boomerang","floor":13.0},{"not_picked":["Sever Soul","Perfected Strike","Dropkick"],"picked":"Thunderclap","floor":14.0},{"not_picked":["Bludgeon","Fiend Fire","Dark Embrace"],"picked":"Barricade","floor":16.0},{"not_picked":["Cleave","Wild Strike","Anger","Flex"],"picked":"SKIP","floor":18.0},{"not_picked":["Clash","Fire Breathing","Pommel Strike+1","Clothesline"],"picked":"SKIP","floor":21},{"not_picked":["Combust","Shrug It Off","Headbutt"],"picked":"Feel No Pain","floor":24}],"player_experience":810112,"relics_obtained":[{"floor":6.0,"key":"Question Card"},{"floor":9.0,"key":"Letter Opener"},{"floor":14.0,"key":"Vajra"},{"floor":24,"key":"Ginger"}],"event_choices":[{"damage_healed":0.0,"max_hp_gain":0.0,"max_hp_loss":0.0,"gold_gain":0.0,"cards_transformed":["Strike_R"],"event_name":"Transmorgrifier","player_choice":"Transformed","floor":3.0,"gold_loss":0.0,"damage_taken":0.0,"cards_obtained":["Corruption"]},{"damage_healed":0.0,"max_hp_gain":5.0,"max_hp_loss":0.0,"gold_gain":0.0,"event_name":"Forgotten Altar","player_choice":"Shed Blood","floor":19.0,"gold_loss":0.0,"damage_taken":26.0},{"damage_healed":0,"gold_gain":0,"player_choice":"Ignored","damage_taken":0,"max_hp_gain":0,"max_hp_loss":0,"event_name":"Cursed Tome","floor":20,"gold_loss":0}],"is_beta":true,"boss_relics":[{"not_picked":["Runic Dome","Busted Crown"],"picked":"Fusion Hammer"}],"items_purged_floors":[22],"is_endless":false,"potions_floor_spawned":[1,10,11,13,16,18,24],"killed_by":"3 Cultists","ascension_level":20}