{"gold_per_floor":[117,117,46,64,78,113,113,130,130,150,161,181,181],"floor_reached":13,"playtime":850,"items_purged":[],"score":89,"play_id":"ede099fd-93f0-4274-9be7-66e8d1bd861f","local_time":"20190321190140","is_ascension_mode":false,"campfire_choices":[{"floor":7,"key":"REST"}],"neow_cost":"NONE","seed_source_timestamp":509690064770204,"circlet_count":0,"master_deck":["Defend_G","Defend_G","Defend_G","Defend_G","Defend_G","Strike_G","Strike_G","Strike_G","Strike_G","Strike_G","Survivor","Neutralize","Bane","Infinite Blades","Underhanded Strike","Poisoned Stab","Flechettes","Catalyst","Bane","Quick Slash","Dagger Spray","Flying Knee"],"relics":["Ring of the Snake","Pen Nib","Dream Catcher","Peace Pipe"],"potions_floor_usage":[],"damage_taken":[{"damage":3,"enemies":"Cultist","floor":1,"turns":5},{"damage":7,"enemies":"Jaw Worm","floor":4,"turns":5},{"damage":7,"enemies":"Small Slimes","floor":5,"turns":3},{"damage":28,"enemies":"Lagavulin","floor":6,"turns":7},{"damage":9,"enemies":"2 Fungi Beasts","floor":8,"turns":4},{"damage":19,"enemies":"Exordium Thugs","floor":10,"turns":4},{"damage":7,"enemies":"Looter","floor":11,"turns":3},{"damage":11,"enemies":"Large Slime","floor":12,"turns":6},{"damage":0,"enemies":"The Mushroom Lair","floor":13,"turns":1}],"seed_played":"8519343777670170355","potions_obtained":[{"floor":1,"key":"Swift Potion"},{"floor":4,"key":"Block Potion"}],"is_trial":false,"path_per_floor":["M","T","$","M","M","E","R","M","T","M","M","M","?"],"character_chosen":"THE_SILENT","items_purchased":["Infinite Blades"],"campfire_rested":1,"item_purchase_floors":[3],"current_hp_per_floor":[74,74,74,67,60,32,55,46,46,27,20,9,9],"gold":181,"neow_bonus":"TEN_PERCENT_HP_BONUS","is_prod":false,"is_daily":false,"chose_seed":false,"campfire_upgraded":0,"win_rate":0.0,"timestamp":1553212900,"path_taken":["M","?","$","M","M","E","R","M","T","M","M","M","?"],"build_version":"2019-01-23","purchased_purges":0,"victory":false,"max_hp_per_floor":[77,77,77,77,77,77,77,77,77,77,77,77,77],"card_choices":[{"not_picked":["Escape Plan","Blade Dance"],"picked":"Bane","floor":1},{"not_picked":["Quick Slash","Dodge and Roll"],"picked":"Underhanded Strike","floor":4},{"not_picked":["PiercingWail","Escape Plan"],"picked":"Poisoned Stab","floor":5},{"not_picked":["Slice","Prepared"],"picked":"Flechettes","floor":6},{"not_picked":["Bane","Venomology"],"picked":"Catalyst","floor":7},{"not_picked":["Backstab","Outmaneuver"],"picked":"Bane","floor":8},{"not_picked":["Deflect","Underhanded Strike"],"picked":"Quick Slash","floor":10},{"not_picked":["Quick Slash","A Thousand Cuts"],"picked":"Dagger Spray","floor":11},{"not_picked":["Dagger Spray","Outmaneuver"],"picked":"Flying Knee","floor":12}],"player_experience":55454,"relics_obtained":[{"floor":2,"key":"Pen Nib"},{"floor":6,"key":"Dream Catcher"},{"floor":9,"key":"Peace Pipe"}],"event_choices":[{"damage_healed":0,"gold_gain":0,"player_choice":"Fought Mushrooms","damage_taken":0,"max_hp_gain":0,"max_hp_loss":0,"event_name":"Mushrooms","floor":13,"gold_loss":0}],"is_beta":false,"boss_relics":[],"items_purged_floors":[],"is_endless":false,"potions_floor_spawned":[1,4],"killed_by":"The Mushroom Lair","ascension_level":0}