{"gold_per_floor":[13,28,46,59,78,112,112,122,168,168,168,180,205,225,225,225],"floor_reached":16,"playtime":532,"items_purged":[],"score":282,"play_id":"0252e108-82f4-4fb0-bea2-2a2e4510bb06","local_time":"20190131020200","is_ascension_mode":true,"campfire_choices":[{"floor":7.0,"key":"REST"},{"data":"Crippling Poison","floor":10.0,"key":"SMITH"},{"floor":15.0,"key":"REST"}],"neow_cost":"NO_GOLD","seed_source_timestamp":25643412259700,"circlet_count":0,"master_deck":["AscendersBane","Defend_G","Defend_G","Defend_G","Defend_G","Defend_G","Strike_G","Strike_G+1","Strike_G","Strike_G","Strike_G","Survivor","Neutralize","Cloak And Dagger","Dash","Deadly Poison","Dash+1","Dash","Masterful Stab","Crippling Poison+1","Dash","Footwork"],"special_seed":0,"relics":["Ring of the Snake","Whetstone","Blood Vial","Dodecahedron"],"potions_floor_usage":[16,16],"damage_taken":[{"damage":9.0,"enemies":"Small Slimes","floor":1.0,"turns":6.0},{"damage":1.0,"enemies":"Cultist","floor":2.0,"turns":4.0},{"damage":0.0,"enemies":"2 Louse","floor":3.0,"turns":3.0},{"damage":14.0,"enemies":"Exordium Wildlife","floor":4.0,"turns":11.0},{"damage":13.0,"enemies":"Lots of Slimes","floor":5.0,"turns":6.0},{"damage":31.0,"enemies":"3 Sentries","floor":6.0,"turns":11.0},{"damage":0.0,"enemies":"Blue Slaver","floor":8.0,"turns":4.0},{"damage":5.0,"enemies":"3 Louse","floor":12.0,"turns":2.0},{"damage":23.0,"enemies":"Gremlin Nob","floor":13.0,"turns":5.0},{"damage":0.0,"enemies":"Large Slime","floor":14.0,"turns":5.0},{"damage":39,"enemies":"Slime Boss","floor":16,"turns":9}],"seed_played":"1846581024432361218","potions_obtained":[{"floor":1.0,"key":"Fruit Juice"},{"floor":3.0,"key":"Fruit Juice"},{"floor":8.0,"key":"Block Potion"},{"floor":11.0,"key":"Strength Potion"},{"floor":14.0,"key":"Ancient Potion"}],"is_trial":false,"path_per_floor":["M","M","M","M","M","E","R","M","T","R","?","M","E","M","R","B"],"character_chosen":"THE_SILENT","items_purchased":[],"campfire_rested":2,"item_purchase_floors":[],"current_hp_per_floor":[67,66,71,57,44,13,39,39,39,39,39,36,15,17,43,6],"gold":225,"neow_bonus":"TWENTY_PERCENT_HP_BONUS","is_prod":false,"is_daily":false,"chose_seed":false,"campfire_upgraded":1,"win_rate":0,"timestamp":1548867720,"path_taken":["M","M","M","M","M","E","R","M","T","R","?","?","E","M","R","BOSS"],"build_version":"2019-01-23","purchased_purges":0,"victory":false,"max_hp_per_floor":[83,83,88,88,88,88,88,88,88,88,88,88,88,88,88,88],"card_choices":[{"not_picked":["Backflip","PiercingWail"],"picked":"Cloak And Dagger","floor":1.0},{"not_picked":["Slice","Underhanded Strike"],"picked":"Dash","floor":2.0},{"not_picked":["Bane","Caltrops"],"picked":"Deadly Poison","floor":3.0},{"not_picked":["PiercingWail","Outmaneuver"],"picked":"Dash","floor":4.0},{"not_picked":["Well Laid Plans","Choke"],"picked":"Dash","floor":5.0},{"not_picked":["Underhanded Strike","Envenom"],"picked":"Masterful Stab","floor":6.0},{"not_picked":["Bane","Deflect"],"picked":"Crippling Poison","floor":8.0},{"not_picked":["Underhanded Strike","Cloak And Dagger"],"picked":"Dash","floor":12.0},{"not_picked":["Glass Knife","Finisher"],"picked":"Footwork","floor":13.0},{"not_picked":["Quick Slash","Blade Dance","Flying Knee"],"picked":"SKIP","floor":14.0}],"player_experience":4178749,"relics_obtained":[{"floor":6.0,"key":"Whetstone"},{"floor":9.0,"key":"Blood Vial"},{"floor":13.0,"key":"Dodecahedron"}],"event_choices":[{"damage_healed":0.0,"max_hp_gain":0.0,"max_hp_loss":0.0,"gold_gain":0.0,"event_name":"Lab","player_choice":"Got Potions","floor":11.0,"gold_loss":0.0,"damage_taken":0.0}],"is_beta":false,"boss_relics":[],"items_purged_floors":[],"is_endless":false,"potions_floor_spawned":[1,3,8,12,14],"killed_by":"Slime Boss","ascension_level":20}