{"gold_per_floor":[111,123,133,151,0,25,25,25,25,25,44,44,57,68,68,164,164,177,197,197,197,209,228,228,248,275,275,275,275,275,285,285,389,389,411,433,445,191,191,191,203,203,250,277,296,307,307,61,61,61],"floor_reached":50,"playtime":3812,"items_purged":["Shame","Injury"],"score":526,"play_id":"2f2b12f6-9414-42b2-94fc-281751f5f47e","local_time":"20190321012658","is_ascension_mode":false,"campfire_choices":[{"data":"Anger","floor":7.0,"key":"SMITH"},{"data":"Clothesline","floor":10.0,"key":"SMITH"},{"data":"Iron Wave","floor":12.0,"key":"SMITH"},{"data":"Armaments","floor":15.0,"key":"SMITH"},{"floor":24.0,"key":"REST"},{"floor":30.0,"key":"REST"},{"floor":32.0,"key":"REST"},{"floor":40.0,"key":"REST"},{"floor":47,"key":"REST"},{"floor":49,"key":"REST"}],"neow_cost":"NONE","seed_source_timestamp":0,"circlet_count":0,"master_deck":["Strike_R+1","Strike_R+1","Strike_R+1","Strike_R+1","Defend_R+1","Defend_R+1","Defend_R+1","Bash","Ghostly Armor","Clothesline+1","Anger+1","Shrug It Off","Battle Trance","Iron Wave+1","Armaments+1","Juggernaut","Infernal Blade","Twin Strike","Infernal Blade","Inflame","Seeing Red","Armaments","Necronomicurse","Iron Wave+1","Reaper","Injury","Flex+1","Body Slam+1","Flex+1","Spot Weakness","Madness","Infinite Blades","Blade Dance","Infinite Blades+1","Deadly Poison+1","Stack+1","Parasite","Poisoned Stab+1","Flash of Steel+1","Poisoned Stab+1"],"special_seed":0,"relics":["Black Star","Vajra","Anchor","Thread and Needle","Singing Bowl","Fusion Hammer","NlothsMask","Necronomicon","Calling Bell","MawBank","Darkstone Periapt","Prayer Wheel","PrismaticShard","Dream Catcher","Oddly Smooth Stone","Question Card","Bag of Marbles"],"potions_floor_usage":[44,44,44,50,50],"damage_taken":[{"damage":8.0,"enemies":"Cultist","floor":1.0,"turns":5.0},{"damage":1.0,"enemies":"2 Louse","floor":2.0,"turns":3.0},{"damage":0.0,"enemies":"Jaw Worm","floor":3.0,"turns":4.0},{"damage":8.0,"enemies":"Red Slaver","floor":4.0,"turns":4.0},{"damage":12.0,"enemies":"Gremlin Nob","floor":6.0,"turns":4.0},{"damage":0.0,"enemies":"Blue Slaver","floor":11.0,"turns":2.0},{"damage":0.0,"enemies":"3 Louse","floor":13.0,"turns":2.0},{"damage":4.0,"enemies":"Large Slime","floor":14.0,"turns":5.0},{"damage":30.0,"enemies":"The Guardian","floor":16.0,"turns":13.0},{"damage":0.0,"enemies":"3 Byrds","floor":18.0,"turns":6.0},{"damage":4.0,"enemies":"Shell Parasite","floor":19.0,"turns":5.0},{"damage":0.0,"enemies":"Sentry and Sphere","floor":22.0,"turns":4.0},{"damage":1.0,"enemies":"Shelled Parasite and Fungi","floor":23.0,"turns":6.0},{"damage":3.0,"enemies":"Snecko","floor":25.0,"turns":3.0},{"damage":0.0,"enemies":"Centurion and Healer","floor":31.0,"turns":4.0},{"damage":32.0,"enemies":"Champ","floor":33.0,"turns":8.0},{"damage":5.0,"enemies":"Orb Walker","floor":35.0,"turns":4.0},{"damage":39.0,"enemies":"3 Darklings","floor":36.0,"turns":9.0},{"damage":22.0,"enemies":"Transient","floor":41.0,"turns":5.0},{"damage":24,"enemies":"Nemesis","floor":44,"turns":5},{"damage":30,"enemies":"4 Shapes","floor":45,"turns":4},{"damage":6,"enemies":"Writhing Mass","floor":46,"turns":6},{"damage":98,"enemies":"Time Eater","floor":50,"turns":7}],"seed_played":"1752391289675609028","potions_obtained":[{"floor":1.0,"key":"Energy Potion"},{"floor":3.0,"key":"GamblersBrew"},{"floor":6.0,"key":"FearPotion"},{"floor":11.0,"key":"PowerPotion"},{"floor":13.0,"key":"EntropicBrew"},{"floor":14.0,"key":"Weak Potion"},{"floor":23.0,"key":"SpeedPotion"},{"floor":33.0,"key":"Dexterity Potion"},{"floor":35.0,"key":"Fire Potion"},{"floor":41.0,"key":"BloodPotion"},{"floor":46,"key":"Block Potion"}],"is_trial":false,"path_per_floor":["M","M","M","M","$","E","R","?","T","R","M","R","M","M","R","B",null,"M","M","?","?","M","M","R","M","T","?","?","?","R","M","R","B",null,"M","M","?","$","?","R","M","?","T","E","M","M","R","$","R","B"],"character_chosen":"IRONCLAD","items_purchased":["Vajra","PrismaticShard","Bag of Marbles"],"campfire_rested":6,"item_purchase_floors":[5,38,48],"current_hp_per_floor":[72,71,71,63,63,51,51,80,80,80,80,80,80,78,78,48,82,82,78,78,78,78,79,84,81,81,81,65,49,75,75,89,57,89,88,65,54,54,54,80,67,67,67,71,41,43,72,72,97,0],"gold":61,"neow_bonus":"BOSS_RELIC","is_prod":false,"is_daily":false,"chose_seed":false,"campfire_upgraded":4,"win_rate":0,"timestamp":1553149618,"path_taken":["M","?","M","M","$","E","R","?","T","R","M","R","M","M","R","BOSS","M","M","?","?","?","M","R","M","T","?","?","?","R","M","R","BOSS","M","M","?","$","?","R","M","?","T","E","M","M","R","?","R","BOSS"],"build_version":"2019-01-23","purchased_purges":2,"victory":false,"max_hp_per_floor":[80,80,80,80,80,80,80,80,80,80,80,80,80,82,82,82,82,82,82,82,82,82,84,84,84,84,84,84,89,89,89,89,89,89,89,89,89,89,89,89,89,89,89,89,89,97,97,97,97,97],"card_choices":[{"not_picked":["Combust","True Grit"],"picked":"Ghostly Armor","floor":1.0},{"not_picked":["Entrench","Body Slam"],"picked":"Clothesline","floor":2.0},{"not_picked":["Dropkick","True Grit"],"picked":"Anger","floor":3.0},{"not_picked":["Pummel","Heavy Blade"],"picked":"Shrug It Off","floor":4.0},{"not_picked":["Shockwave","Dropkick"],"picked":"Battle Trance","floor":6.0},{"not_picked":["Sword Boomerang","Inflame"],"picked":"Iron Wave","floor":11.0},{"not_picked":["Havoc","Feed"],"picked":"Armaments","floor":13.0},{"not_picked":["Fire Breathing","Flex","Power Through"],"picked":"Singing Bowl","floor":14.0},{"not_picked":["Demon Form","Bludgeon"],"picked":"Juggernaut","floor":16.0},{"not_picked":["Combust","Battle Trance"],"picked":"Infernal Blade","floor":18.0},{"not_picked":["Hemokinesis+1","Wild Strike"],"picked":"Twin Strike","floor":19.0},{"not_picked":["Thunderclap+1","Clothesline"],"picked":"Infernal Blade","floor":22.0},{"not_picked":["Armaments","Cleave","Wild Strike"],"picked":"Singing Bowl","floor":23.0},{"not_picked":["Feel No Pain+1","Heavy Blade"],"picked":"Inflame","floor":25.0},{"not_picked":["Wild Strike","Disarm"],"picked":"Iron Wave+1","floor":31.0},{"not_picked":["Barricade","Berserk"],"picked":"Reaper","floor":33.0},{"not_picked":["Sever Soul+1","Havoc+1"],"picked":"Flex+1","floor":35.0},{"not_picked":["Havoc+1","Brutality"],"picked":"Body Slam+1","floor":35.0},{"not_picked":["Havoc","Shrug It Off+1"],"picked":"Flex+1","floor":36.0},{"not_picked":["Sword Boomerang","Intimidate+1"],"picked":"Spot Weakness","floor":36.0},{"not_picked":["Panacea","True Grit+1"],"picked":"Infinite Blades","floor":41.0},{"not_picked":["Feel No Pain+1","Dagger Spray+1"],"picked":"Blade Dance","floor":41.0},{"not_picked":["Iron Wave","Tools of the Trade"],"picked":"Infinite Blades+1","floor":44},{"not_picked":["Wild Strike+1","Genetic Algorithm","Flying Knee"],"picked":"Deadly Poison+1","floor":45},{"not_picked":["Ball Lightning+1","Twin Strike+1","Beam Cell"],"picked":"Stack+1","floor":45},{"not_picked":["Fusion","Underhanded Strike+1","Heatsinks+1","Compile Driver"],"picked":"Singing Bowl","floor":46},{"not_picked":["Predator+1","True Grit+1","Conserve Battery+1"],"picked":"Poisoned Stab+1","floor":46},{"not_picked":["Ball Lightning+1","Stack","HandOfGreed"],"picked":"Flash of Steel+1","floor":47},{"not_picked":["Havoc+1","Clothesline+1","Crippling Poison+1"],"picked":"Poisoned Stab+1","floor":49}],"player_experience":40548,"relics_obtained":[{"floor":6.0,"key":"Anchor"},{"floor":6.0,"key":"Thread and Needle"},{"floor":9.0,"key":"Singing Bowl"},{"floor":28.0,"key":"Necronomicon"},{"floor":34.0,"key":"MawBank"},{"floor":34.0,"key":"Darkstone Periapt"},{"floor":34.0,"key":"Prayer Wheel"},{"floor":43.0,"key":"Dream Catcher"},{"floor":44,"key":"Oddly Smooth Stone"},{"floor":44,"key":"Question Card"}],"event_choices":[{"damage_healed":29.0,"max_hp_gain":0.0,"max_hp_loss":0.0,"gold_gain":0.0,"event_name":"Wheel of Change","player_choice":"Full Heal","floor":8.0,"gold_loss":0.0,"damage_taken":0.0},{"damage_healed":0.0,"max_hp_gain":0.0,"max_hp_loss":0.0,"gold_gain":0.0,"event_name":"Back to Basics","player_choice":"Simplicity","floor":20.0,"gold_loss":0.0,"damage_taken":0.0,"cards_upgraded":["Strike_R","Strike_R","Strike_R","Strike_R","Strike_R","Defend_R","Defend_R","Defend_R","Defend_R"]},{"damage_healed":0.0,"max_hp_gain":0.0,"max_hp_loss":0.0,"gold_gain":0.0,"event_name":"FaceTrader","player_choice":"Trade","floor":21.0,"gold_loss":0.0,"damage_taken":0.0,"relics_obtained":["NlothsMask"]},{"damage_healed":0.0,"max_hp_gain":0.0,"max_hp_loss":0.0,"gold_gain":0.0,"cards_transformed":["Strike_R","Defend_R"],"event_name":"Drug Dealer","player_choice":"Became Test Subject","floor":27.0,"gold_loss":0.0,"damage_taken":0.0,"cards_obtained":["Seeing Red","Armaments"]},{"damage_healed":0.0,"max_hp_gain":0.0,"max_hp_loss":0.0,"gold_gain":0.0,"event_name":"Cursed Tome","player_choice":"Obtained Book","floor":28.0,"gold_loss":0.0,"damage_taken":16.0},{"damage_healed":0.0,"max_hp_gain":5.0,"max_hp_loss":0.0,"gold_gain":0.0,"event_name":"Forgotten Altar","player_choice":"Shed Blood","floor":29.0,"gold_loss":0.0,"damage_taken":21.0},{"damage_healed":0.0,"max_hp_gain":0.0,"max_hp_loss":0.0,"gold_gain":0.0,"event_name":"Winding Halls","player_choice":"Embrace Madness","floor":37.0,"gold_loss":0.0,"damage_taken":11.0,"cards_obtained":["Madness","Madness"]},{"cards_removed":["Madness"],"damage_healed":0.0,"max_hp_gain":0.0,"max_hp_loss":0.0,"gold_gain":0.0,"event_name":"Falling","player_choice":"Removed Skill","floor":39.0,"gold_loss":0.0,"damage_taken":0.0},{"damage_healed":0.0,"max_hp_gain":0.0,"max_hp_loss":0.0,"gold_gain":0.0,"event_name":"Mysterious Sphere","player_choice":"Ignored","floor":42.0,"gold_loss":0.0,"damage_taken":0.0}],"is_beta":false,"boss_relics":[{"not_picked":["Astrolabe","Runic Pyramid"],"picked":"Fusion Hammer"},{"not_picked":["Eternal Feather","White Beast Statue"],"picked":"Calling Bell"}],"items_purged_floors":[38,48],"is_endless":false,"potions_floor_spawned":[1,3,6,11,13,14,23,25,33,35,41,46],"killed_by":"Time Eater","ascension_level":0}