{"gold_per_floor":[112,112,131,5,5,5,17,17,66,99,114,38,38,58,58,134,134,154,154,154,167,167,193,193,96,96,110,110,123,123,141,141,141],"floor_reached":33,"playtime":1379,"items_purged":["Writhe"],"score":570,"play_id":"7b134dec-28e4-485a-aff2-afc3c5a49415","local_time":"20190315002458","is_ascension_mode":true,"campfire_choices":[{"data":"Armaments","floor":6,"key":"SMITH"},{"data":"Flame Barrier","floor":13,"key":"SMITH"},{"data":"Juggernaut","floor":15,"key":"SMITH"},{"floor":24,"key":"REST"},{"floor":28,"key":"REST"},{"data":"Double Tap","floor":32,"key":"SMITH"}],"neow_cost":"CURSE","seed_source_timestamp":171537506845400,"circlet_count":0,"master_deck":["AscendersBane","Strike_R","Strike_R","Defend_R","Defend_R","Defend_R","Bash","Pommel Strike","Wild Strike","Thunderclap","Cleave","Armaments+1","Iron Wave","Juggernaut+1","Feel No Pain","Flame Barrier+1","Clothesline","Double Tap+1","Power Through","Burning Pact","Clash","Clothesline+1","Purity","Shockwave","Bandage Up","Dropkick"],"relics":["Burning Blood","Happy Flower","Vajra","Snecko Eye","Regal Pillow","Gremlin Horn"],"potions_floor_usage":[10,23,30,33],"damage_taken":[{"damage":4,"enemies":"Small Slimes","floor":1,"turns":3},{"damage":7,"enemies":"Jaw Worm","floor":3,"turns":3},{"damage":0,"enemies":"Cultist","floor":7,"turns":2},{"damage":22,"enemies":"3 Sentries","floor":10,"turns":6},{"damage":29,"enemies":"Exordium Thugs","floor":11,"turns":4},{"damage":7,"enemies":"2 Fungi Beasts","floor":14,"turns":3},{"damage":34,"enemies":"Hexaghost","floor":16,"turns":11},{"damage":0,"enemies":"Chosen","floor":18,"turns":4},{"damage":20,"enemies":"2 Thieves","floor":21,"turns":4},{"damage":30,"enemies":"Book of Stabbing","floor":23,"turns":5},{"damage":27,"enemies":"Cultist and Chosen","floor":27,"turns":7},{"damage":0,"enemies":"Snecko","floor":29,"turns":3},{"damage":0,"enemies":"Gremlin Leader","floor":30,"turns":4},{"damage":16,"enemies":"Sentry and Sphere","floor":31,"turns":4},{"damage":100,"enemies":"Champ","floor":33,"turns":14}],"seed_played":"7464617485585644029","potions_obtained":[{"floor":1,"key":"Explosive Potion"},{"floor":11,"key":"SneckoOil"},{"floor":14,"key":"FairyPotion"},{"floor":23,"key":"SmokeBomb"},{"floor":31,"key":"Fire Potion"}],"is_trial":false,"path_per_floor":["M","?","M","$","?","R","M","$","T","E","M","$","R","M","R","B",null,"M","?","?","M","?","E","R","$","T","M","R","M","E","M","R","B"],"character_chosen":"IRONCLAD","items_purchased":["Armaments","Flame Barrier","Bandage Up"],"campfire_rested":2,"item_purchase_floors":[4,12,25],"current_hp_per_floor":[70,70,69,69,69,69,75,75,75,59,36,36,36,35,35,7,58,64,64,64,50,36,12,49,49,49,32,69,75,75,65,65,0],"gold":141,"neow_bonus":"TRANSFORM_TWO_CARDS","is_prod":false,"is_daily":false,"chose_seed":false,"campfire_upgraded":4,"win_rate":0,"timestamp":1552623898,"path_taken":["M","?","M","$","?","R","M","$","T","E","?","?","R","M","R","BOSS","M","?","?","?","?","E","R","?","T","M","R","M","E","M","R","BOSS"],"build_version":"2019-02-06","purchased_purges":1,"victory":false,"max_hp_per_floor":[75,75,75,75,75,75,75,75,75,75,75,75,75,75,75,75,75,75,75,75,75,75,75,75,75,75,75,75,75,75,75,75,75],"card_choices":[{"not_picked":["Rampage","Whirlwind"],"picked":"Thunderclap","floor":1},{"not_picked":["Thunderclap","Sword Boomerang"],"picked":"Cleave","floor":3},{"not_picked":["Clash","Perfected Strike"],"picked":"Iron Wave","floor":7},{"not_picked":["Clash","Warcry"],"picked":"Juggernaut","floor":10},{"not_picked":["Perfected Strike","Fire Breathing"],"picked":"Feel No Pain","floor":11},{"not_picked":["Twin Strike","Cleave"],"picked":"Clothesline","floor":14},{"not_picked":["Impervious","Bludgeon"],"picked":"Double Tap","floor":16},{"not_picked":["Headbutt","Thunderclap"],"picked":"Power Through","floor":18},{"not_picked":["Thunderclap","Dropkick"],"picked":"Clothesline+1","floor":21},{"not_picked":["Battle Trance","Iron Wave"],"picked":"Shockwave","floor":23},{"not_picked":["Havoc","Anger","Warcry"],"picked":"SKIP","floor":27},{"not_picked":["Berserk","Perfected Strike"],"picked":"Dropkick","floor":29},{"not_picked":["Rupture","Corruption","Twin Strike"],"picked":"SKIP","floor":31}],"player_experience":659154,"relics_obtained":[{"floor":9,"key":"Happy Flower"},{"floor":10,"key":"Vajra"},{"floor":23,"key":"Regal Pillow"},{"floor":26,"key":"Gremlin Horn"}],"event_choices":[{"damage_healed":0,"gold_gain":0,"player_choice":"Ignored","damage_taken":0,"max_hp_gain":0,"max_hp_loss":0,"event_name":"Liars Game","floor":2,"gold_loss":0},{"cards_removed":["Strike_R"],"damage_healed":0,"gold_gain":0,"player_choice":"Offered Basic","damage_taken":0,"max_hp_gain":0,"max_hp_loss":0,"event_name":"Bonfire Elementals","floor":5,"gold_loss":0},{"damage_healed":0,"gold_gain":0,"player_choice":"Read","damage_taken":0,"max_hp_gain":0,"max_hp_loss":0,"event_name":"The Library","floor":19,"gold_loss":0,"cards_obtained":["Burning Pact"]},{"damage_healed":0,"gold_gain":0,"cards_transformed":["Strike_R"],"player_choice":"Transformed","damage_taken":0,"max_hp_gain":0,"max_hp_loss":0,"event_name":"Transmorgrifier","floor":20,"gold_loss":0,"cards_obtained":["Clash"]},{"damage_healed":0,"gold_gain":0,"player_choice":"CARD ","damage_taken":14,"max_hp_gain":0,"max_hp_loss":0,"event_name":"Knowing Skull","floor":22,"potions_obtained":[],"gold_loss":0,"cards_obtained":["Purity"]}],"is_beta":true,"boss_relics":[{"not_picked":["Velvet Choker","Sozu"],"picked":"Snecko Eye"}],"items_purged_floors":[4],"is_endless":false,"potions_floor_spawned":[1,11,14,18,23,31],"killed_by":"Champ","ascension_level":20}