{"gold_per_floor":[15,15,28,39,55,55,55,90,90,90,103,128,128,145,145,242,242,253,253,271,12,32,32,50,70,70,70,80,80,96,111,111,211,211,224,224,235,235,36,36,47,47,74,86,4,4,40,40,40,40],"floor_reached":51,"playtime":4230,"items_purged":["Strike_R"],"score":663,"play_id":"f581beb4-86f7-420d-90af-80fe724cd91c","local_time":"20190320185757","is_ascension_mode":false,"campfire_choices":[{"data":"Anger","floor":6.0,"key":"SMITH"},{"data":"Iron Wave","floor":10.0,"key":"SMITH"},{"data":"Iron Wave","floor":13.0,"key":"SMITH"},{"data":"Inflame","floor":15.0,"key":"SMITH"},{"data":"Magnetism","floor":27.0,"key":"SMITH"},{"data":"Berserk","floor":32.0,"key":"SMITH"},{"data":"Juggernaut","floor":40,"key":"SMITH"},{"floor":46,"key":"REST"},{"floor":49,"key":"REST"}],"neow_cost":"NO_GOLD","seed_source_timestamp":0,"circlet_count":0,"master_deck":["Defend_R","Defend_R","Defend_R","Defend_R","Bash+1","Iron Wave+1","Second Wind","Iron Wave+1","Anger+1","Feed","Intimidate","Infernal Blade","Iron Wave+1","Inflame+1","Blood for Blood","Iron Wave","Magnetism+1","Iron Wave","Flame Barrier+1","Power Through+1","Flex+1","Clash","Juggernaut+1","Whirlwind","Good Instincts","Secret Technique","Armaments","Madness","Madness","Shrug It Off","Twin Strike+1","Flex+1","Enlightenment","Iron Wave+1"],"special_seed":0,"relics":["Burning Blood","Ice Cream","Omamori","Orichalcum","Mummified Hand","Sozu","Enchiridion","Strawberry","Empty Cage","Bronze Scales","PreservedInsect"],"potions_floor_usage":[50],"damage_taken":[{"damage":1.0,"enemies":"Jaw Worm","floor":1.0,"turns":5.0},{"damage":1.0,"enemies":"Cultist","floor":3.0,"turns":4.0},{"damage":0.0,"enemies":"Small Slimes","floor":4.0,"turns":3.0},{"damage":1.0,"enemies":"2 Fungi Beasts","floor":5.0,"turns":3.0},{"damage":14.0,"enemies":"Lagavulin","floor":8.0,"turns":5.0},{"damage":5.0,"enemies":"Exordium Wildlife","floor":11.0,"turns":5.0},{"damage":10.0,"enemies":"3 Sentries","floor":12.0,"turns":8.0},{"damage":5.0,"enemies":"3 Louse","floor":14.0,"turns":2.0},{"damage":26.0,"enemies":"The Guardian","floor":16.0,"turns":8.0},{"damage":4.0,"enemies":"Shell Parasite","floor":18.0,"turns":4.0},{"damage":13.0,"enemies":"3 Byrds","floor":20.0,"turns":6.0},{"damage":13.0,"enemies":"Snake Plant","floor":22.0,"turns":4.0},{"damage":13.0,"enemies":"Chosen and Byrds","floor":24.0,"turns":5.0},{"damage":1.0,"enemies":"Cultist and Chosen","floor":25.0,"turns":7.0},{"damage":5.0,"enemies":"3 Cultists","floor":28.0,"turns":6.0},{"damage":14.0,"enemies":"Shelled Parasite and Fungi","floor":30.0,"turns":6.0},{"damage":0.0,"enemies":"Snake Plant","floor":31.0,"turns":3.0},{"damage":49.0,"enemies":"Collector","floor":33.0,"turns":8.0},{"damage":6,"enemies":"3 Shapes","floor":35,"turns":4},{"damage":9,"enemies":"3 Darklings","floor":37,"turns":8},{"damage":32,"enemies":"Spire Growth","floor":41,"turns":5},{"damage":15,"enemies":"Transient","floor":44,"turns":5},{"damage":8,"enemies":"4 Shapes","floor":47,"turns":5},{"damage":90,"enemies":"Time Eater","floor":50,"turns":12}],"seed_played":"37752514028555560","potions_obtained":[{"floor":3.0,"key":"SpeedPotion"},{"floor":5.0,"key":"Weak Potion"},{"floor":11.0,"key":"FearPotion"}],"is_trial":false,"path_per_floor":["M","?","M","M","M","R","?","E","T","R","M","E","R","M","R","B",null,"M","?","M","$","M","?","M","M","T","R","M","?","M","M","R","B",null,"M","?","M","?","$","R","M","$","T","M","$","R","M","?","R","B",null],"character_chosen":"IRONCLAD","items_purchased":["Magnetism","Bronze Scales","Shrug It Off","Enlightenment"],"campfire_rested":2,"item_purchase_floors":[21,39,39,45],"current_hp_per_floor":[80,64,69,75,80,80,80,72,72,72,73,69,69,70,70,50,80,80,80,76,76,69,53,49,54,61,61,65,65,60,66,66,23,99,102,97,94,81,81,81,55,55,55,46,46,76,74,74,102,18],"gold":40,"neow_bonus":"ONE_RARE_RELIC","is_prod":false,"is_daily":false,"chose_seed":false,"campfire_upgraded":7,"win_rate":0.0,"timestamp":1553126277,"path_taken":["M","?","M","M","M","R","?","E","T","R","?","E","R","M","R","BOSS","M","?","M","$","?","?","M","M","T","R","M","?","?","M","R","BOSS","M","?","M","?","$","R","M","?","T","M","$","R","M","?","R","BOSS"],"build_version":"2019-01-23","purchased_purges":1,"victory":true,"max_hp_per_floor":[80,80,80,80,80,80,80,80,80,80,80,80,80,80,80,80,80,80,80,83,83,83,83,86,86,93,93,96,96,99,99,99,99,99,102,102,102,102,102,102,102,102,102,102,102,102,102,102,102,102],"card_choices":[{"not_picked":["Intimidate","Cleave"],"picked":"Iron Wave","floor":1.0},{"not_picked":["Flex","Warcry"],"picked":"Second Wind","floor":3.0},{"not_picked":["Anger","Bloodletting"],"picked":"Iron Wave","floor":4.0},{"not_picked":["Cleave","Spot Weakness"],"picked":"Anger","floor":5.0},{"not_picked":["Shockwave","Blood for Blood"],"picked":"Intimidate","floor":8.0},{"not_picked":["Searing Blow","Perfected Strike"],"picked":"Infernal Blade","floor":11.0},{"not_picked":["Burning Pact","Sever Soul"],"picked":"Iron Wave","floor":12.0},{"not_picked":["Reaper","Blood for Blood"],"picked":"Inflame","floor":14.0},{"not_picked":["Feed","Barricade"],"picked":"Berserk","floor":16.0},{"not_picked":["Heavy Blade+1","Dropkick+1"],"picked":"Flex","floor":18.0},{"not_picked":["Inflame+1","Bloodletting+1"],"picked":"Iron Wave","floor":20.0},{"not_picked":["Inflame","Headbutt"],"picked":"Iron Wave","floor":22.0},{"not_picked":["Iron Wave","Thunderclap+1"],"picked":"Flame Barrier+1","floor":24.0},{"not_picked":["Heavy Blade","Cleave"],"picked":"Power Through+1","floor":25.0},{"not_picked":["Headbutt","Sentinel"],"picked":"Flex+1","floor":28.0},{"not_picked":["Sword Boomerang","Inflame"],"picked":"Clash","floor":30.0},{"not_picked":["Reckless Charge+1","Warcry","Evolve"],"picked":"SKIP","floor":31.0},{"not_picked":["Feed","Immolate"],"picked":"Juggernaut","floor":33.0},{"not_picked":["Havoc","Fire Breathing"],"picked":"Whirlwind","floor":35},{"not_picked":["Finesse","Impatience"],"picked":"Good Instincts","floor":36},{"not_picked":["Mayhem","Impatience"],"picked":"Secret Technique","floor":36},{"not_picked":["Body Slam","Twin Strike"],"picked":"Armaments","floor":37},{"not_picked":["Dropkick","Shockwave"],"picked":"Twin Strike+1","floor":41},{"not_picked":["Anger","Clothesline+1"],"picked":"Flex+1","floor":44},{"not_picked":["Sword Boomerang+1","Pommel Strike+1"],"picked":"Iron Wave+1","floor":47}],"player_experience":27375,"relics_obtained":[{"floor":8.0,"key":"Omamori"},{"floor":9.0,"key":"Orichalcum"},{"floor":12.0,"key":"Mummified Hand"},{"floor":23.0,"key":"Enchiridion"},{"floor":26.0,"key":"Strawberry"},{"floor":43,"key":"PreservedInsect"}],"event_choices":[{"damage_healed":0.0,"max_hp_gain":0.0,"max_hp_loss":0.0,"gold_gain":0.0,"event_name":"Shining Light","player_choice":"Entered Light","floor":2.0,"gold_loss":0.0,"damage_taken":16.0,"cards_upgraded":["Bash","Iron Wave"]},{"damage_healed":0.0,"max_hp_gain":0.0,"max_hp_loss":0.0,"gold_gain":0.0,"cards_transformed":["Strike_R"],"event_name":"Transmorgrifier","player_choice":"Transformed","floor":7.0,"gold_loss":0.0,"damage_taken":0.0,"cards_obtained":["Feed"]},{"damage_healed":0.0,"max_hp_gain":0.0,"max_hp_loss":0.0,"gold_gain":0.0,"cards_transformed":["Strike_R"],"event_name":"Transmorgrifier","player_choice":"Transformed","floor":19.0,"gold_loss":0.0,"damage_taken":0.0,"cards_obtained":["Blood for Blood"]},{"damage_healed":0.0,"max_hp_gain":0.0,"max_hp_loss":0.0,"gold_gain":0.0,"event_name":"Cursed Tome","player_choice":"Obtained Book","floor":23.0,"gold_loss":0.0,"damage_taken":16.0},{"cards_removed":["Strike_R"],"damage_healed":0.0,"max_hp_gain":0.0,"max_hp_loss":0.0,"gold_gain":0.0,"event_name":"Bonfire Elementals","player_choice":"Offered Basic","floor":29.0,"gold_loss":0.0,"damage_taken":0.0},{"damage_healed":0,"gold_gain":0,"player_choice":"Memory 2","damage_taken":5,"max_hp_gain":0,"max_hp_loss":0,"event_name":"SensoryStone","floor":36,"gold_loss":0},{"damage_healed":0,"gold_gain":0,"player_choice":"Embrace Madness","damage_taken":13,"max_hp_gain":0,"max_hp_loss":0,"event_name":"Winding Halls","floor":38,"gold_loss":0,"cards_obtained":["Madness","Madness"]},{"cards_removed":["Berserk"],"damage_healed":0,"gold_gain":0,"player_choice":"Removed Power","damage_taken":0,"max_hp_gain":0,"max_hp_loss":0,"event_name":"Falling","floor":48,"gold_loss":0}],"is_beta":false,"boss_relics":[{"not_picked":["Runic Dome","Busted Crown"],"picked":"Sozu"},{"not_picked":["Tiny House","White Beast Statue"],"picked":"Empty Cage"}],"items_purged_floors":[21],"is_endless":false,"potions_floor_spawned":[3,5,11,16,18,20,25,30,47],"ascension_level":0}