{"gold_per_floor":[118,128,140,159,159,159,159,37,117,152,152,171,75,94,94,94],"floor_reached":16,"playtime":1226,"items_purged":[],"score":104,"play_id":"fb029532-d00f-4f28-88ce-e3adc0b80327","local_time":"20190320042910","is_ascension_mode":false,"campfire_choices":[{"data":"Juggernaut","floor":6,"key":"SMITH"},{"data":"Armaments","floor":11,"key":"SMITH"},{"data":"Bandage Up","floor":15,"key":"SMITH"}],"neow_cost":"NONE","seed_source_timestamp":440955220945276,"circlet_count":0,"master_deck":["Strike_R","Strike_R","Strike_R","Strike_R","Strike_R","Defend_R","Defend_R","Defend_R","Defend_R","Bash","Juggernaut+1","Anger","True Grit","Twin Strike","Anger","Armaments+1","Shrug It Off","Body Slam","Anger","Flex","Bandage Up+1","Reckless Charge"],"relics":["Burning Blood","Paper Frog","Incense Burner"],"potions_floor_usage":[],"damage_taken":[{"damage":1,"enemies":"Jaw Worm","floor":1,"turns":5},{"damage":0,"enemies":"Cultist","floor":2,"turns":4},{"damage":2,"enemies":"2 Louse","floor":3,"turns":3},{"damage":14,"enemies":"Blue Slaver","floor":4,"turns":4},{"damage":8,"enemies":"3 Louse","floor":5,"turns":5},{"damage":36,"enemies":"3 Sentries","floor":10,"turns":8},{"damage":17,"enemies":"Gremlin Gang","floor":12,"turns":5},{"damage":6,"enemies":"Large Slime","floor":14,"turns":5},{"damage":49,"enemies":"Slime Boss","floor":16,"turns":8}],"seed_played":"1632672098891965767","potions_obtained":[{"floor":1,"key":"EssenceOfSteel"},{"floor":5,"key":"AttackPotion"},{"floor":12,"key":"Ancient Potion"},{"floor":14,"key":"LiquidBronze"}],"is_trial":false,"path_per_floor":["M","M","M","M","M","R","?","$","T","E","R","M","$","M","R","B"],"character_chosen":"IRONCLAD","items_purchased":["Armaments","Shrug It Off","Body Slam","Bandage Up"],"campfire_rested":0,"item_purchase_floors":[8,8,8,13],"current_hp_per_floor":[80,80,80,72,70,70,80,80,80,50,50,39,39,43,43,0],"gold":94,"neow_bonus":"ONE_RANDOM_RARE_CARD","is_prod":false,"is_daily":false,"chose_seed":false,"campfire_upgraded":3,"win_rate":0.0,"timestamp":1553074150,"path_taken":["M","M","M","M","M","R","?","$","T","E","R","?","$","M","R","BOSS"],"build_version":"2019-01-23","purchased_purges":0,"victory":false,"max_hp_per_floor":[80,80,80,80,80,80,80,80,80,80,80,80,80,80,80,80],"card_choices":[{"not_picked":["Spot Weakness","Sword Boomerang"],"picked":"Anger","floor":1},{"not_picked":["Bloodletting","Searing Blow"],"picked":"True Grit","floor":2},{"not_picked":["Dropkick","Rampage"],"picked":"Feel No Pain","floor":3},{"not_picked":["Rupture","Wild Strike"],"picked":"Twin Strike","floor":4},{"not_picked":["Heavy Blade","Offering"],"picked":"Anger","floor":5},{"not_picked":["Whirlwind","Corruption"],"picked":"Anger","floor":10},{"not_picked":["True Grit","Body Slam"],"picked":"Flex","floor":12},{"not_picked":["Perfected Strike","Corruption"],"picked":"Reckless Charge","floor":14}],"player_experience":15625,"relics_obtained":[{"floor":9,"key":"Paper Frog"},{"floor":10,"key":"Incense Burner"}],"event_choices":[{"cards_removed":["Feel No Pain"],"damage_healed":10,"gold_gain":0,"player_choice":"Offered Uncommon","damage_taken":0,"max_hp_gain":0,"max_hp_loss":0,"event_name":"Bonfire Elementals","floor":7,"gold_loss":0}],"is_beta":false,"boss_relics":[],"items_purged_floors":[],"is_endless":false,"potions_floor_spawned":[1,5,12,14],"killed_by":"Slime Boss","ascension_level":0}