{"gold_per_floor":[115,126,126,96,110,110,129,129,129,129,149,167,182,202,202,279,279,294,294,219,234,234,234],"floor_reached":23,"playtime":682,"items_purged":[],"score":370,"play_id":"2a526551-9705-4c7f-afd8-ed7904213d68","local_time":"20190117005116","is_ascension_mode":true,"campfire_choices":[{"data":"Skewer","floor":6.0,"key":"SMITH"},{"data":"A Thousand Cuts","floor":10.0,"key":"SMITH"},{"data":"Neutralize","floor":15.0,"key":"SMITH"}],"neow_cost":"NONE","seed_source_timestamp":543580261544846,"circlet_count":0,"master_deck":["AscendersBane","Defend_G","Defend_G","Defend_G","Defend_G","Defend_G","Strike_G+1","Survivor","Neutralize+1","Skewer+1","Poisoned Stab+1","Deflect","A Thousand Cuts+1","Dagger Throw","Storm of Steel","Dagger Throw+1","Masterful Stab+1","Corpse Explosion+1","Leg Sweep"],"special_seed":0,"relics":["Ring of the Snake","NeowsBlessing","Whetstone","Astrolabe","Frozen Egg 2"],"potions_floor_usage":[16,23,23],"damage_taken":[{"damage":0.0,"enemies":"Cultist","floor":1.0,"turns":1.0},{"damage":0.0,"enemies":"Small Slimes","floor":2.0,"turns":1.0},{"damage":0.0,"enemies":"2 Louse","floor":5.0,"turns":1.0},{"damage":13.0,"enemies":"Gremlin Gang","floor":7.0,"turns":4.0},{"damage":0.0,"enemies":"Looter","floor":11.0,"turns":3.0},{"damage":3.0,"enemies":"3 Louse","floor":12.0,"turns":4.0},{"damage":5.0,"enemies":"2 Fungi Beasts","floor":13.0,"turns":3.0},{"damage":5.0,"enemies":"Blue Slaver","floor":14.0,"turns":2.0},{"damage":28,"enemies":"Slime Boss","floor":16,"turns":7},{"damage":22,"enemies":"2 Thieves","floor":18,"turns":3},{"damage":1,"enemies":"3 Byrds","floor":21,"turns":2},{"damage":37,"enemies":"Book of Stabbing","floor":23,"turns":7}],"seed_played":"-776379015721812035","potions_obtained":[{"floor":1.0,"key":"Block Potion"},{"floor":4.0,"key":"SteroidPotion"},{"floor":5.0,"key":"AttackPotion"},{"floor":12.0,"key":"Ancient Potion"},{"floor":13.0,"key":"Strength Potion"},{"floor":16,"key":"SpeedPotion"}],"is_trial":false,"path_per_floor":["M","M","?","?","M","R","M","?","T","R","M","M","M","M","R","B",null,"M","?","?","M","T","E"],"character_chosen":"THE_SILENT","items_purchased":[],"campfire_rested":0,"item_purchase_floors":[],"current_hp_per_floor":[59,59,59,59,59,59,46,51,51,51,51,48,43,38,38,10,56,34,34,34,33,33,0],"gold":234,"neow_bonus":"THREE_ENEMY_KILL","is_prod":false,"is_daily":false,"chose_seed":false,"campfire_upgraded":3,"win_rate":0,"timestamp":1547653876,"path_taken":["M","?","?","?","?","R","M","?","T","R","M","M","M","M","R","BOSS","M","?","?","M","?","E"],"build_version":"2019-01-10","purchased_purges":0,"victory":false,"max_hp_per_floor":[66,66,66,66,66,66,66,71,71,71,71,71,71,71,71,71,71,71,71,71,71,71,71],"card_choices":[{"not_picked":["Leg Sweep","Sucker Punch"],"picked":"Skewer","floor":1.0},{"not_picked":["Bane","Flying Knee"],"picked":"Poisoned Stab","floor":2.0},{"not_picked":["Prepared","Cloak And Dagger"],"picked":"Deflect","floor":5.0},{"not_picked":["Backflip","Dagger Throw"],"picked":"A Thousand Cuts","floor":7.0},{"not_picked":["Setup","Dodge and Roll"],"picked":"Dagger Throw","floor":11.0},{"not_picked":["Acrobatics","Leg Sweep"],"picked":"Bane","floor":12.0},{"not_picked":["Flying Knee","Dagger Spray","Prepared"],"picked":"SKIP","floor":13.0},{"not_picked":["Blade Dance","Choke","Flechettes"],"picked":"SKIP","floor":14.0},{"not_picked":["Blade Dance","Choke","Flechettes"],"picked":"SKIP","floor":14.0},{"not_picked":["Glass Knife","Venomology"],"picked":"Storm of Steel","floor":16},{"not_picked":["Poisoned Stab","Cloak And Dagger"],"picked":"Leg Sweep","floor":18},{"not_picked":["Quick Slash","Bane","Skewer"],"picked":"SKIP","floor":21}],"player_experience":4104173,"relics_obtained":[{"floor":9.0,"key":"Whetstone"},{"floor":22,"key":"Frozen Egg 2"}],"event_choices":[{"cards_removed":["Strike_G"],"damage_healed":0.0,"max_hp_gain":0.0,"max_hp_loss":0.0,"gold_gain":0.0,"event_name":"Living Wall","player_choice":"Forget","floor":3.0,"gold_loss":0.0,"damage_taken":0.0},{"damage_healed":0.0,"max_hp_gain":0.0,"max_hp_loss":0.0,"gold_gain":0.0,"event_name":"The Woman in Blue","player_choice":"Bought 2 Potions","floor":4.0,"gold_loss":0.0,"damage_taken":0.0},{"damage_healed":0.0,"max_hp_gain":5.0,"max_hp_loss":0.0,"gold_gain":0.0,"event_name":"Big Fish","player_choice":"Donut","floor":8.0,"gold_loss":0.0,"damage_taken":0.0},{"damage_healed":0,"gold_gain":0,"player_choice":"Ignored","damage_taken":0,"max_hp_gain":0,"max_hp_loss":0,"event_name":"The Mausoleum","floor":19,"gold_loss":0},{"cards_removed":["Bane"],"damage_healed":0,"gold_gain":0,"player_choice":"Gave Gold","damage_taken":0,"max_hp_gain":0,"max_hp_loss":0,"event_name":"Beggar","floor":20,"gold_loss":75}],"is_beta":false,"boss_relics":[{"not_picked":["Empty Cage","Sozu"],"picked":"Astrolabe"}],"items_purged_floors":[],"is_endless":false,"potions_floor_spawned":[1,5,12,13,16,18,21],"killed_by":"Book of Stabbing","ascension_level":20}