{"gold_per_floor":[114,36,86,104,104,130,130,164,190,202,214,169,193,205,217,229],"floor_reached":16,"playtime":309,"items_purged":[],"score":262,"play_id":"d136cc57-1450-4532-8ce6-f424607855e0","local_time":"20190318011901","is_ascension_mode":true,"campfire_choices":[{"data":"Limit Break","floor":7,"key":"SMITH"},{"data":"Spot Weakness","floor":10,"key":"SMITH"},{"data":"Sword Boomerang","floor":15,"key":"SMITH"}],"neow_cost":"NONE","seed_source_timestamp":174615064614100,"circlet_count":0,"master_deck":["AscendersBane","Strike_R","Strike_R","Strike_R","Strike_R","Strike_R","Defend_R","Defend_R","Defend_R","Defend_R","Bash","Spot Weakness+1","Limit Break+1","Disarm","Sword Boomerang+1","Reaper","Twin Strike+1"],"relics":["Burning Blood","NeowsBlessing","Bronze Scales","Meat on the Bone","MawBank"],"potions_floor_usage":[],"damage_taken":[{"damage":0,"enemies":"Small Slimes","floor":1,"turns":1},{"damage":0,"enemies":"Cultist","floor":4,"turns":1},{"damage":0,"enemies":"Lagavulin","floor":6,"turns":2},{"damage":40,"enemies":"3 Sentries","floor":8,"turns":6},{"damage":9,"enemies":"Jaw Worm","floor":13,"turns":4},{"damage":86,"enemies":"Slime Boss","floor":16,"turns":10}],"seed_played":"6719283697363277616","potions_obtained":[{"floor":4,"key":"FairyPotion"},{"floor":6,"key":"LiquidBronze"}],"is_trial":false,"path_per_floor":["M","$","?","M","?","E","R","E","T","R","$","?","M","?","R","B"],"character_chosen":"IRONCLAD","items_purchased":["Limit Break"],"campfire_rested":0,"item_purchase_floors":[2],"current_hp_per_floor":[74,74,74,75,75,75,75,41,41,41,41,41,50,50,50,0],"gold":229,"neow_bonus":"THREE_ENEMY_KILL","is_prod":false,"is_daily":false,"chose_seed":false,"campfire_upgraded":3,"win_rate":0,"timestamp":1552886341,"path_taken":["M","$","?","?","?","E","R","E","T","R","?","?","?","?","R","BOSS"],"build_version":"2019-03-15","purchased_purges":0,"victory":false,"max_hp_per_floor":[75,75,75,75,75,75,75,75,75,75,75,75,75,75,75,75],"card_choices":[{"not_picked":["Flex","Sword Boomerang"],"picked":"Spot Weakness","floor":1},{"not_picked":["Perfected Strike","Dual Wield"],"picked":"Disarm","floor":4},{"not_picked":["Pommel Strike","Flex"],"picked":"Sword Boomerang","floor":6},{"not_picked":["Bloodletting","Cleave"],"picked":"Reaper","floor":8},{"not_picked":["Spot Weakness","Rampage"],"picked":"Twin Strike","floor":13}],"player_experience":669081,"relics_obtained":[{"floor":6,"key":"Bronze Scales"},{"floor":8,"key":"Meat on the Bone"},{"floor":9,"key":"MawBank"}],"event_choices":[{"damage_healed":0,"gold_gain":50,"player_choice":"Pray","damage_taken":0,"max_hp_gain":0,"max_hp_loss":0,"event_name":"Golden Shrine","floor":3,"gold_loss":0},{"damage_healed":0,"gold_gain":0,"player_choice":"Ignored","damage_taken":0,"max_hp_gain":0,"max_hp_loss":0,"event_name":"Liars Game","floor":5,"gold_loss":0},{"damage_healed":0,"gold_gain":0,"player_choice":"Left Gold","damage_taken":0,"max_hp_gain":0,"max_hp_loss":0,"event_name":"World of Goop","floor":12,"gold_loss":57},{"damage_healed":0,"gold_gain":0,"player_choice":"Grow","damage_taken":0,"max_hp_gain":0,"max_hp_loss":0,"event_name":"Living Wall","floor":14,"gold_loss":0,"cards_upgraded":["Twin Strike"]}],"is_beta":true,"boss_relics":[],"items_purged_floors":[],"is_endless":false,"potions_floor_spawned":[4,6,8],"killed_by":"Slime Boss","ascension_level":20}