{"path_per_floor":["M","M","$","M","?","R","M","M","T","?","$","R","?","?","R","B",null,"M","M","?","?","?","R","$","R","T","R","?","M","T","M","R","B",null,"M","M","M","?","?","E","R","?","T","R","$","M","M","$","R"],"character_chosen":"THE_SILENT","items_purchased":["Happy Flower","Panache","Adrenaline","Outmaneuver","Footwork","Finesse","Panache","Infinite Blades"],"gold_per_floor":[111,124,49,64,64,64,76,92,92,155,4,4,4,4,4,101,101,118,130,130,490,490,490,1,1,1,1,1,21,21,32,32,128,128,144,155,165,165,165,196,196,196,221,221,6,25,37,37,37],"floor_reached":50,"campfire_rested":3,"playtime":4581,"current_hp_per_floor":[70,70,70,70,70,70,70,70,70,21,21,21,9,9,30,27,70,70,65,49,14,14,35,35,56,56,56,56,35,35,35,35,10,70,62,62,48,48,48,48,48,48,48,48,48,48,43,43,43],"items_purged":["Strike_G"],"gold":37,"play_id":"f910d581-3490-4af2-a160-5ccab2687bd1","is_prod":false,"is_daily":false,"is_ascension_mode":true,"campfire_upgraded":3,"path_taken":["M","M","$","M","?","R","M","M","T","?","?","R","?","?","R","BOSS","M","M","?","?","?","R","$","R","T","R","?","?","?","M","R","BOSS","M","M","?","?","?","E","R","?","T","R","$","M","?","$","R","BOSS"],"build_version":"2018-01-25-PROD2","purchased_purges":1,"victory":false,"master_deck":["Defend_G","Survivor","Neutralize+1","Phantasmal Killer","Backflip","Backflip","Acrobatics","Dash","Footwork","Adrenaline+1","PiercingWail","Tools of the Trade","PiercingWail","Outmaneuver+1","Acrobatics","Well Laid Plans","Flechettes+1","Cloak And Dagger+1","Deadly Poison+1","Panache","Adrenaline+1","Outmaneuver","Footwork","Finesse","Prepared","Bullet Time","Storm of Steel","Doppelganger+1","Masterful Stab+1","Noxious Fumes+1","Underhanded Strike","Cloak And Dagger+1","Acrobatics+1","Acrobatics+1","Panache","Panache","Infinite Blades","Prepared+1","Accuracy+1"],"max_hp_per_floor":[70,70,70,70,70,70,70,70,70,70,70,70,70,70,70,70,70,70,70,70,70,70,70,70,70,70,70,70,70,70,70,70,70,70,70,70,70,70,70,70,70,70,70,70,70,70,70,70,70],"relics":["Ring of the Snake","Sundial","Tough Bandages","Happy Flower","Omamori","Orrery","Enchiridion","Ornamental Fan","Peace Pipe","Astrolabe","Dream Catcher","Molten Egg"],"card_choices":[{"not_picked":["PiercingWail","Bane"],"picked":"Backflip"},{"not_picked":["Sucker Punch","Deflect"],"picked":"Backflip"},{"not_picked":["Deflect","Distraction"],"picked":"Acrobatics"},{"not_picked":["Poisoned Stab","Slice"],"picked":"Footwork"},{"not_picked":["Caltrops","Dagger Throw"],"picked":"Adrenaline"},{"not_picked":["Poisoned Stab","Choke"],"picked":"PiercingWail"},{"not_picked":["Die Die Die","Wraith Form"],"picked":"Tools of the Trade"},{"not_picked":["Bouncing Flask","Poisoned Stab"],"picked":"PiercingWail"},{"not_picked":["Footwork","Quick Slash"],"picked":"Outmaneuver"},{"not_picked":["Deadly Poison","Catalyst"],"picked":"Acrobatics"},{"not_picked":["Distraction","Flying Knee"],"picked":"Well Laid Plans"},{"not_picked":["Deflect","Dodge and Roll"],"picked":"Flechettes"},{"not_picked":["Deadly Poison","Outmaneuver"],"picked":"Cloak And Dagger"},{"not_picked":["Sucker Punch","Skewer"],"picked":"Deadly Poison"},{"not_picked":["Masterful Stab","Skewer"],"picked":"Prepared"},{"not_picked":["Bouncing Flask","Predator"],"picked":"Bullet Time"},{"not_picked":["Die Die Die","Tactician"],"picked":"Storm of Steel"},{"not_picked":["Sucker Punch","Bane"],"picked":"Underhanded Strike"},{"not_picked":["Deflect","Blur"],"picked":"Cloak And Dagger"},{"not_picked":["Prepared","Skewer"],"picked":"Acrobatics"},{"not_picked":["Dagger Spray","PiercingWail"],"picked":"Acrobatics"},{"not_picked":["All Out Attack","Leg Sweep"],"picked":"Prepared"},{"not_picked":["Dagger Throw","Skewer"],"picked":"Accuracy"}],"player_experience":77917,"potions_floor_usage":[16,16,33,37,47,50,50],"damage_taken":[{"damage":0,"enemies":"Cultist","floor":1,"turns":4},{"damage":0,"enemies":"Small Slimes","floor":2,"turns":3},{"damage":0,"enemies":"Jaw Worm","floor":4,"turns":6},{"damage":0,"enemies":"Looter","floor":7,"turns":4},{"damage":0,"enemies":"Large Slime","floor":8,"turns":7},{"damage":49,"enemies":"Gremlin Nob","floor":10,"turns":6},{"damage":3,"enemies":"Slime Boss","floor":16,"turns":20},{"damage":0,"enemies":"Shell Parasite","floor":18,"turns":9},{"damage":5,"enemies":"Spheric Guardian","floor":19,"turns":4},{"damage":21,"enemies":"Chosen and Byrds","floor":29,"turns":11},{"damage":0,"enemies":"Snake Plant","floor":31,"turns":4},{"damage":25,"enemies":"Collector","floor":33,"turns":8},{"damage":8,"enemies":"3 Shapes","floor":35,"turns":3},{"damage":0,"enemies":"3 Darklings","floor":36,"turns":3},{"damage":14,"enemies":"4 Shapes","floor":37,"turns":4},{"damage":0,"enemies":"Nemesis","floor":40,"turns":7},{"damage":0,"enemies":"Maw","floor":46,"turns":4},{"damage":5,"enemies":"3 Darklings","floor":47,"turns":4},{"damage":43,"enemies":"Time Eater","floor":50,"turns":4}],"event_choices":[{"event_name":"Transmorgrifier","player_choice":"Transform","floor":5,"damage_taken":0},{"event_name":"Dead Adventurer","player_choice":"Searched \u00272\u0027 times","floor":10,"damage_taken":0},{"event_name":"Scrap Ooze","player_choice":"success","floor":13,"damage_taken":12},{"event_name":"The Lab","player_choice":"Got Potions","floor":14,"damage_taken":0},{"event_name":"Cursed Tome","player_choice":"Obtained Book","floor":20,"damage_taken":0},{"event_name":"Knowing Skull","player_choice":"GOLD GOLD GOLD GOLD ","floor":21,"damage_taken":0},{"event_name":"Vampires","player_choice":"Ignored","floor":22,"damage_taken":0},{"event_name":"Addict","player_choice":"Ignored","floor":28,"damage_taken":0},{"event_name":"Mysterious Sphere","player_choice":"Ignore","floor":38,"damage_taken":0},{"event_name":"Upgrade Shrine","player_choice":"Upgraded","floor":39,"damage_taken":0},{"event_name":"Duplicator","player_choice":"One dupe","floor":42,"damage_taken":0}],"boss_relics":[{"not_picked":["Eternal Feather","Sozu"],"picked":"Orrery"},{"not_picked":["Black Star","Calling Bell"],"picked":"Astrolabe"}],"potions_floor_spawned":[7,8,10,10,16,31,37,47],"seed_played":"-4312618500858365144","killed_by":"Time Eater","ascension_level":4,"is_trial":false}