{"gold_per_floor":[114,17,34,34,44,44,74,109,109,119,144,144,155,171,171,266,266,286,286,286,81,98,98,110,110,183,197,232,232,232,251,251,348,348,364,381,381,381,44,44,62,62,62,62,77,89,89],"floor_reached":47,"playtime":3533,"items_purged":[],"score":659,"play_id":"0c0600a4-f9d1-4d23-8e5b-3d3bac8e5691","local_time":"20190317112323","is_ascension_mode":true,"campfire_choices":[{"floor":6.0,"key":"REST"},{"data":"Streamline","floor":12.0,"key":"SMITH"},{"floor":15.0,"key":"REST"},{"floor":23.0,"key":"REST"},{"floor":25.0,"key":"REST"},{"data":"Echo Form","floor":29.0,"key":"SMITH"},{"data":"Good Instincts","floor":32.0,"key":"SMITH"},{"floor":40.0,"key":"DIG"},{"floor":42.0,"key":"DIG"},{"floor":44.0,"key":"DIG"}],"neow_cost":"NONE","seed_source_timestamp":0,"circlet_count":0,"master_deck":["Strike_B+1","Strike_B","Defend_B","Defend_B","Defend_B","Defend_B","Zap","Dualcast","Dramatic Entrance","Barrage","Good Instincts+1","Melter+1","Stack+1","Coolheaded","FTL","Streamline+1","Blizzard","Leap","Electrodynamics","Ball Lightning","Echo Form+1","White Noise+1","Core Surge","Streamline+1","Barrage+1","Chill+1","Doom and Gloom+1"],"special_seed":0,"relics":["Cracked Core","Emotion Chip","Oddly Smooth Stone","Dead Branch","Lantern","Runic Pyramid","Nilry\u0027s Codex","ClockworkSouvenir","Ornamental Fan","Bag of Marbles","Empty Cage","Shovel","Happy Flower","Molten Egg 2","Symbiotic Virus","Bronze Scales"],"potions_floor_usage":[47,47],"damage_taken":[{"damage":2.0,"enemies":"Jaw Worm","floor":1.0,"turns":3.0},{"damage":1.0,"enemies":"Cultist","floor":3.0,"turns":3.0},{"damage":0.0,"enemies":"2 Louse","floor":5.0,"turns":2.0},{"damage":0.0,"enemies":"3 Sentries","floor":8.0,"turns":2.0},{"damage":4.0,"enemies":"2 Fungi Beasts","floor":10.0,"turns":2.0},{"damage":16.0,"enemies":"Gremlin Nob","floor":11.0,"turns":3.0},{"damage":0.0,"enemies":"Exordium Thugs","floor":13.0,"turns":3.0},{"damage":0.0,"enemies":"Exordium Wildlife","floor":14.0,"turns":3.0},{"damage":10.0,"enemies":"Slime Boss","floor":16.0,"turns":10.0},{"damage":6.0,"enemies":"Chosen","floor":18.0,"turns":3.0},{"damage":0.0,"enemies":"Spheric Guardian","floor":22.0,"turns":2.0},{"damage":14.0,"enemies":"Centurion and Healer","floor":24.0,"turns":8.0},{"damage":11.0,"enemies":"Snake Plant","floor":27.0,"turns":3.0},{"damage":0.0,"enemies":"Gremlin Leader","floor":28.0,"turns":5.0},{"damage":4.0,"enemies":"Shelled Parasite and Fungi","floor":31.0,"turns":5.0},{"damage":11.0,"enemies":"Champ","floor":33.0,"turns":11.0},{"damage":13.0,"enemies":"3 Darklings","floor":35.0,"turns":4.0},{"damage":0.0,"enemies":"Orb Walker","floor":36.0,"turns":3.0},{"damage":0.0,"enemies":"4 Shapes","floor":41.0,"turns":3.0},{"damage":3.0,"enemies":"Maw","floor":45.0,"turns":7.0},{"damage":11.0,"enemies":"Spire Growth","floor":46.0,"turns":4.0},{"damage":77,"enemies":"Giant Head","floor":47,"turns":9}],"seed_played":"-9078525160519698940","potions_obtained":[{"floor":3.0,"key":"AttackPotion"},{"floor":8.0,"key":"SteroidPotion"},{"floor":11.0,"key":"Dexterity Potion"},{"floor":16.0,"key":"Strength Potion"},{"floor":18.0,"key":"Poison Potion"},{"floor":24.0,"key":"Energy Potion"},{"floor":27.0,"key":"Regen Potion"},{"floor":31.0,"key":"Weak Potion"},{"floor":33.0,"key":"SkillPotion"},{"floor":35.0,"key":"Energy Potion"},{"floor":41.0,"key":"Explosive Potion"}],"is_trial":false,"path_per_floor":["M","$","M","?","M","R","?","E","T","M","E","R","M","M","R","B",null,"M","?","?","$","M","R","M","R","T","M","E","R","?","M","R","B",null,"M","M","$","?","$","R","M","R","T","R","M","M","E"],"character_chosen":"DEFECT","items_purchased":["Good Instincts","ClockworkSouvenir","Shovel","Block Potion"],"campfire_rested":4,"item_purchase_floors":[2,21,39,39],"current_hp_per_floor":[66,66,65,50,50,72,72,72,72,68,52,52,52,52,74,64,72,66,50,36,36,36,60,46,70,70,59,71,71,71,67,67,56,74,61,61,61,61,61,61,61,61,61,61,58,47,0],"gold":89,"neow_bonus":"RANDOM_COLORLESS","is_prod":false,"is_daily":false,"chose_seed":false,"campfire_upgraded":3,"win_rate":0,"timestamp":1552818203,"path_taken":["M","$","M","?","M","R","?","E","T","M","E","R","M","?","R","BOSS","M","?","?","$","M","R","M","R","T","M","E","R","?","M","R","BOSS","M","M","$","?","$","R","M","R","T","R","M","M","E"],"build_version":"2019-01-23","purchased_purges":0,"victory":false,"max_hp_per_floor":[75,75,75,75,75,75,75,75,75,75,75,75,75,75,75,75,75,75,75,80,80,80,80,80,80,80,80,80,80,80,80,80,80,80,80,80,80,80,80,80,80,80,80,80,80,80,80],"card_choices":[{"not_picked":["Heatsinks","Compile Driver"],"picked":"Barrage","floor":1.0},{"not_picked":["Compile Driver","Rebound"],"picked":"Melter","floor":3.0},{"not_picked":["Compile Driver","Storm"],"picked":"Stack","floor":5.0},{"not_picked":["Storm","Thunder Strike"],"picked":"Coolheaded","floor":8.0},{"not_picked":["Doom and Gloom","Stack"],"picked":"FTL","floor":10.0},{"not_picked":["Darkness","Reprogram"],"picked":"Streamline","floor":11.0},{"not_picked":["Beam Cell","Go for the Eyes"],"picked":"Blizzard","floor":13.0},{"not_picked":["Compile Driver","Melter"],"picked":"Leap","floor":14.0},{"not_picked":["Rainbow","Thunder Strike"],"picked":"Electrodynamics","floor":16.0},{"not_picked":["Coolheaded+1","Go for the Eyes"],"picked":"Ball Lightning","floor":18.0},{"not_picked":["Chaos","Lockon","Skim"],"picked":"SKIP","floor":22.0},{"not_picked":["Reprogram","Melter","Chill"],"picked":"SKIP","floor":24.0},{"not_picked":["Consume+1","Conserve Battery"],"picked":"Echo Form","floor":27.0},{"not_picked":["Hologram","Biased Cognition"],"picked":"White Noise+1","floor":28.0},{"not_picked":["Beam Cell","Fusion","Sweeping Beam"],"picked":"SKIP","floor":31.0},{"not_picked":["Buffer","Biased Cognition"],"picked":"Core Surge","floor":33.0},{"not_picked":["Coolheaded+1","Redo+1"],"picked":"Streamline+1","floor":35.0},{"not_picked":["Genetic Algorithm","Steam Power"],"picked":"Barrage+1","floor":36.0},{"not_picked":["Defragment+1","Sweeping Beam"],"picked":"Chill+1","floor":41.0},{"not_picked":["Barrage+1","Steam Power","Capacitor"],"picked":"SKIP","floor":45.0},{"not_picked":["BootSequence","Self Repair"],"picked":"Doom and Gloom+1","floor":46.0}],"player_experience":563388,"relics_obtained":[{"floor":8.0,"key":"Oddly Smooth Stone"},{"floor":9.0,"key":"Dead Branch"},{"floor":11.0,"key":"Lantern"},{"floor":19.0,"key":"Nilry\u0027s Codex"},{"floor":26.0,"key":"Ornamental Fan"},{"floor":28.0,"key":"Bag of Marbles"},{"floor":40.0,"key":"Happy Flower"},{"floor":42.0,"key":"Molten Egg 2"},{"floor":43.0,"key":"Symbiotic Virus"},{"floor":44.0,"key":"Bronze Scales"}],"event_choices":[{"damage_healed":0.0,"max_hp_gain":0.0,"max_hp_loss":0.0,"gold_gain":0.0,"event_name":"Shining Light","player_choice":"Entered Light","floor":4.0,"gold_loss":0.0,"damage_taken":15.0,"cards_upgraded":["Melter","Strike_B"]},{"damage_healed":0.0,"max_hp_gain":0.0,"max_hp_loss":0.0,"gold_gain":30.0,"event_name":"Dead Adventurer","player_choice":"Searched \u00273\u0027 times","floor":7.0,"gold_loss":0.0,"damage_taken":0.0,"relics_obtained":["Emotion Chip"]},{"damage_healed":0.0,"max_hp_gain":0.0,"max_hp_loss":0.0,"gold_gain":0.0,"event_name":"Cursed Tome","player_choice":"Obtained Book","floor":19.0,"gold_loss":0.0,"damage_taken":16.0},{"damage_healed":0.0,"max_hp_gain":5.0,"max_hp_loss":0.0,"gold_gain":0.0,"event_name":"Forgotten Altar","player_choice":"Shed Blood","floor":20.0,"gold_loss":0.0,"damage_taken":19.0},{"damage_healed":0.0,"max_hp_gain":0.0,"max_hp_loss":0.0,"gold_gain":0.0,"event_name":"Accursed Blacksmith","player_choice":"Forge","floor":30.0,"gold_loss":0.0,"damage_taken":0.0,"cards_upgraded":["Stack"]},{"damage_healed":0.0,"max_hp_gain":0.0,"max_hp_loss":0.0,"gold_gain":0.0,"event_name":"Mysterious Sphere","player_choice":"Ignored","floor":38.0,"gold_loss":0.0,"damage_taken":0.0}],"is_beta":false,"boss_relics":[{"not_picked":["Busted Crown","Ectoplasm"],"picked":"Runic Pyramid"},{"not_picked":["Lizard Tail","Fusion Hammer"],"picked":"Empty Cage"}],"items_purged_floors":[],"is_endless":false,"potions_floor_spawned":[3,8,11,16,18,24,27,31,33,35,41],"killed_by":"Giant Head","ascension_level":6}