{"gold_per_floor":[116,134,134,150,150,179,179,179,179,209,221,233,170,184,184,283,283,295,220,220,128,147,147,56,56,105,125,25,38,49,63,63,63],"floor_reached":33,"playtime":2312,"items_purged":["Strike_R","Strike_R"],"score":247,"play_id":"5886cba7-f9ed-4837-9a9c-4b61ab2cedc0","local_time":"20190320234840","is_ascension_mode":false,"campfire_choices":[{"data":"Bash","floor":7.0,"key":"SMITH"},{"data":"Sword Boomerang","floor":12.0,"key":"SMITH"},{"data":"Pommel Strike","floor":15.0,"key":"SMITH"},{"data":"Enlightenment","floor":23.0,"key":"SMITH"},{"data":"Headbutt","floor":32,"key":"SMITH"}],"neow_cost":"NONE","seed_source_timestamp":0,"circlet_count":0,"master_deck":["Strike_R","Strike_R","Defend_R","Defend_R","Defend_R","Defend_R","Bash+1","Headbutt+1","Heavy Blade","Pommel Strike+1","Sword Boomerang+1","Wild Strike","Reaper","Metallicize+1","Enlightenment+1","Seeing Red","Panacea","Heavy Blade+1","Armaments","Power Through","Infernal Blade+1"],"special_seed":0,"relics":["Burning Blood","Magic Flower","Calipers","Boot","MawBank","Velvet Choker","Oddly Smooth Stone"],"potions_floor_usage":[33,33],"damage_taken":[{"damage":1.0,"enemies":"Cultist","floor":1.0,"turns":3.0},{"damage":7.0,"enemies":"Small Slimes","floor":2.0,"turns":5.0},{"damage":3.0,"enemies":"Jaw Worm","floor":4.0,"turns":4.0},{"damage":45.0,"enemies":"Lagavulin","floor":6.0,"turns":8.0},{"damage":5.0,"enemies":"Looter","floor":10.0,"turns":3.0},{"damage":7.0,"enemies":"Exordium Wildlife","floor":14.0,"turns":4.0},{"damage":46.0,"enemies":"Slime Boss","floor":16.0,"turns":11.0},{"damage":5.0,"enemies":"Chosen","floor":18.0,"turns":4.0},{"damage":4.0,"enemies":"Shell Parasite","floor":22.0,"turns":4.0},{"damage":10.0,"enemies":"Chosen and Byrds","floor":27.0,"turns":5.0},{"damage":26.0,"enemies":"Shelled Parasite and Fungi","floor":29.0,"turns":5.0},{"damage":18.0,"enemies":"3 Cultists","floor":30.0,"turns":6.0},{"damage":6,"enemies":"Centurion and Healer","floor":31,"turns":9},{"damage":109,"enemies":"Automaton","floor":33,"turns":11}],"seed_played":"3026242436937448229","potions_obtained":[{"floor":4.0,"key":"BloodPotion"},{"floor":10.0,"key":"FearPotion"},{"floor":27.0,"key":"Ancient Potion"},{"floor":30.0,"key":"BloodPotion"}],"is_trial":false,"path_per_floor":["M","M","?","M","T","E","R","$","T","M","?","R","$","M","R","B",null,"M","?","?","$","M","R","$","?","T","M","$","M","M","M","R","B"],"character_chosen":"IRONCLAD","items_purchased":["Enlightenment","Panacea"],"campfire_rested":0,"item_purchase_floors":[21,24],"current_hp_per_floor":[88,87,87,88,88,52,52,52,52,56,85,85,85,87,87,50,88,88,88,71,71,76,76,76,76,76,83,83,66,72,87,87,6],"gold":63,"neow_bonus":"TEN_PERCENT_HP_BONUS","is_prod":false,"is_daily":false,"chose_seed":false,"campfire_upgraded":5,"win_rate":0,"timestamp":1553143720,"path_taken":["M","M","?","?","?","E","R","?","T","M","?","R","$","?","R","BOSS","M","?","?","$","M","R","?","?","T","?","$","?","M","M","R","BOSS"],"build_version":"2019-01-23","purchased_purges":2,"victory":false,"max_hp_per_floor":[88,88,88,88,88,88,88,88,88,88,88,88,88,88,88,88,88,88,88,93,93,93,93,93,93,93,93,93,93,93,93,93,93],"card_choices":[{"not_picked":["Wild Strike","Hemokinesis"],"picked":"Headbutt","floor":1.0},{"not_picked":["Clash","Blood for Blood"],"picked":"Second Wind","floor":2.0},{"not_picked":["Clash","Intimidate"],"picked":"Heavy Blade","floor":4.0},{"not_picked":["Cleave","True Grit"],"picked":"Pommel Strike","floor":6.0},{"not_picked":["Havoc","Clash"],"picked":"Sword Boomerang","floor":10.0},{"not_picked":["Brutality","Heavy Blade"],"picked":"Wild Strike","floor":14.0},{"not_picked":["Impervious","Limit Break"],"picked":"Reaper","floor":16.0},{"not_picked":["Rampage","Uppercut"],"picked":"Metallicize+1","floor":18.0},{"not_picked":["Perfected Strike","Intimidate"],"picked":"Seeing Red","floor":22.0},{"not_picked":["Thunderclap","Body Slam"],"picked":"Heavy Blade+1","floor":27.0},{"not_picked":["Warcry","Dual Wield"],"picked":"Armaments","floor":29.0},{"not_picked":["Warcry","Dropkick"],"picked":"Power Through","floor":30.0},{"not_picked":["Wild Strike","Disarm"],"picked":"Infernal Blade+1","floor":31}],"player_experience":36493,"relics_obtained":[{"floor":5.0,"key":"Calipers"},{"floor":6.0,"key":"Boot"},{"floor":9.0,"key":"MawBank"},{"floor":26.0,"key":"Oddly Smooth Stone"}],"event_choices":[{"cards_removed":["Second Wind"],"damage_healed":0.0,"max_hp_gain":0.0,"max_hp_loss":0.0,"gold_gain":0.0,"event_name":"WeMeetAgain","player_choice":"Gave Card","floor":3.0,"gold_loss":0.0,"damage_taken":0.0,"relics_obtained":["Magic Flower"]},{"damage_healed":29.0,"max_hp_gain":0.0,"max_hp_loss":0.0,"gold_gain":0.0,"event_name":"Big Fish","player_choice":"Banana","floor":11.0,"gold_loss":0.0,"damage_taken":0.0},{"cards_removed":["Strike_R"],"damage_healed":0.0,"max_hp_gain":0.0,"max_hp_loss":0.0,"gold_gain":0.0,"event_name":"Beggar","player_choice":"Gave Gold","floor":19.0,"gold_loss":75.0,"damage_taken":0.0},{"damage_healed":0.0,"max_hp_gain":5.0,"max_hp_loss":0.0,"gold_gain":0.0,"event_name":"Forgotten Altar","player_choice":"Shed Blood","floor":20.0,"gold_loss":0.0,"damage_taken":22.0},{"damage_healed":0.0,"max_hp_gain":0.0,"max_hp_loss":0.0,"gold_gain":0.0,"event_name":"FaceTrader","player_choice":"Leave","floor":25.0,"gold_loss":0.0,"damage_taken":0.0}],"is_beta":false,"boss_relics":[{"not_picked":["Runic Pyramid","White Beast Statue"],"picked":"Velvet Choker"}],"items_purged_floors":[13,28],"is_endless":false,"potions_floor_spawned":[4,10,27,30],"killed_by":"Automaton","ascension_level":0}