{"gold_per_floor":[118,134,151,151,168,168,198,213,213,213,231,266,281,11,11,90,90,100,111,130,130,142,142,173,173,173,189,203,228,228,241,241,241],"floor_reached":33,"playtime":1072,"items_purged":[],"score":656,"play_id":"fc75ace5-b07d-45d1-90ec-72b8bd422b52","local_time":"20190120014221","is_ascension_mode":true,"campfire_choices":[{"data":"Dash","floor":6.0,"key":"SMITH"},{"data":"Dagger Spray","floor":10.0,"key":"SMITH"},{"data":"Cloak And Dagger","floor":15.0,"key":"SMITH"},{"floor":23,"key":"REST"},{"floor":25,"key":"REST"},{"floor":30,"key":"REST"},{"floor":32,"key":"RECALL"}],"neow_cost":"NONE","seed_source_timestamp":30562163988829,"circlet_count":0,"master_deck":["AscendersBane","Defend_G","Defend_G","Defend_G","Defend_G","Defend_G","Strike_G","Strike_G","Strike_G","Strike_G","Strike_G","Survivor","Neutralize","Dash+1","Quick Slash","Dagger Spray+1","Unload","Backflip","Cloak And Dagger+1","Dodge and Roll","Die Die Die","Backflip","Dash","Glass Knife","Cloak And Dagger","Crippling Poison","Adrenaline","Backflip"],"special_seed":0,"relics":["Ring of the Snake","Centennial Puzzle","Letter Opener","Shuriken","Fusion Hammer","Regal Pillow","FossilizedHelix","Mummified Hand"],"potions_floor_usage":[16,22,24,29,33],"damage_taken":[{"damage":0.0,"enemies":"2 Louse","floor":1.0,"turns":3.0},{"damage":2.0,"enemies":"Cultist","floor":2.0,"turns":5.0},{"damage":5.0,"enemies":"Small Slimes","floor":3.0,"turns":3.0},{"damage":0.0,"enemies":"Gremlin Gang","floor":5.0,"turns":2.0},{"damage":9.0,"enemies":"Lagavulin","floor":7.0,"turns":7.0},{"damage":0.0,"enemies":"2 Fungi Beasts","floor":8.0,"turns":3.0},{"damage":0.0,"enemies":"Red Slaver","floor":11.0,"turns":3.0},{"damage":9.0,"enemies":"3 Sentries","floor":12.0,"turns":4.0},{"damage":10.0,"enemies":"Exordium Wildlife","floor":13.0,"turns":4.0},{"damage":11,"enemies":"Slime Boss","floor":16,"turns":7},{"damage":14,"enemies":"2 Thieves","floor":18,"turns":3},{"damage":16,"enemies":"Spheric Guardian","floor":19,"turns":4},{"damage":15,"enemies":"Shelled Parasite and Fungi","floor":20,"turns":7},{"damage":3,"enemies":"Snake Plant","floor":22,"turns":5},{"damage":45,"enemies":"Book of Stabbing","floor":24,"turns":6},{"damage":0,"enemies":"Centurion and Healer","floor":27,"turns":5},{"damage":1,"enemies":"Snecko","floor":28,"turns":5},{"damage":0,"enemies":"Gremlin Leader","floor":29,"turns":5},{"damage":0,"enemies":"Cultist and Chosen","floor":31,"turns":5},{"damage":83,"enemies":"Champ","floor":33,"turns":13}],"seed_played":"-552303372260437102","potions_obtained":[{"floor":1.0,"key":"Fire Potion"},{"floor":3.0,"key":"FearPotion"},{"floor":5.0,"key":"Swift Potion"},{"floor":12.0,"key":"SteroidPotion"},{"floor":20,"key":"GhostInAJar"},{"floor":22,"key":"Regen Potion"},{"floor":24,"key":"Block Potion"},{"floor":28,"key":"PowerPotion"}],"is_trial":false,"path_per_floor":["M","M","M","?","M","R","E","M","T","R","M","E","M","$","R","B",null,"M","M","M","?","M","R","E","R","T","M","M","E","R","M","R","B"],"character_chosen":"THE_SILENT","items_purchased":["Shuriken"],"campfire_rested":3,"item_purchase_floors":[14],"current_hp_per_floor":[65,63,58,58,58,58,49,49,49,49,49,40,30,30,30,19,59,45,29,14,14,11,32,2,38,38,38,37,37,72,72,72,0],"gold":241,"neow_bonus":"TEN_PERCENT_HP_BONUS","is_prod":false,"is_daily":false,"chose_seed":false,"campfire_upgraded":3,"win_rate":0,"timestamp":1547916141,"path_taken":["M","M","M","?","M","R","E","M","T","R","M","E","?","$","R","BOSS","M","M","M","?","M","R","E","R","T","M","M","E","R","M","R","BOSS"],"build_version":"2019-01-17v2","purchased_purges":0,"victory":false,"max_hp_per_floor":[72,72,72,72,72,72,72,72,72,72,72,72,72,72,72,72,72,72,72,72,72,72,72,72,72,72,72,72,72,72,72,72,72],"card_choices":[{"not_picked":["PiercingWail","Leg Sweep"],"picked":"Dash","floor":1.0},{"not_picked":["Prepared","Cloak And Dagger"],"picked":"Quick Slash","floor":2.0},{"not_picked":["Skewer","Concentrate"],"picked":"Dagger Spray","floor":3.0},{"not_picked":["Cloak And Dagger","Quick Slash"],"picked":"Backflip","floor":5.0},{"not_picked":["Dodge and Roll","Prepared"],"picked":"Cloak And Dagger","floor":7.0},{"not_picked":["Blade Dance","Underhanded Strike"],"picked":"Dodge and Roll","floor":8.0},{"not_picked":["Skewer","Slice"],"picked":"Die Die Die","floor":11.0},{"not_picked":["Quick Slash","Distraction"],"picked":"Backflip","floor":12.0},{"not_picked":["Bane","Slice"],"picked":"Dash","floor":13.0},{"not_picked":["Storm of Steel","Envenom"],"picked":"Glass Knife","floor":16},{"not_picked":["Dagger Throw","Deadly Poison"],"picked":"Cloak And Dagger","floor":18},{"not_picked":["Reflex+1","Outmaneuver","Prepared"],"picked":"SKIP","floor":19},{"not_picked":["Flying Knee","Poisoned Stab","Slice"],"picked":"SKIP","floor":20},{"not_picked":["Accuracy","Predator"],"picked":"Crippling Poison","floor":22},{"not_picked":["Sucker Punch+1","PiercingWail"],"picked":"Adrenaline","floor":24},{"not_picked":["Eviscerate","Quick Slash"],"picked":"Backflip","floor":27},{"not_picked":["Quick Slash","Acrobatics","Prepared"],"picked":"SKIP","floor":28},{"not_picked":["Dagger Throw","Blade Dance","Underhanded Strike"],"picked":"SKIP","floor":29},{"not_picked":["Masterful Stab","Deadly Poison","Distraction"],"picked":"SKIP","floor":31}],"player_experience":4162603,"relics_obtained":[{"floor":7.0,"key":"Centennial Puzzle"},{"floor":12.0,"key":"Letter Opener"},{"floor":24,"key":"Regal Pillow"},{"floor":26,"key":"FossilizedHelix"},{"floor":29,"key":"Mummified Hand"}],"event_choices":[{"damage_healed":0.0,"max_hp_gain":0.0,"max_hp_loss":0.0,"gold_gain":0.0,"event_name":"Match and Keep!","player_choice":"1 cards matched","floor":4.0,"gold_loss":0.0,"damage_taken":0.0,"cards_obtained":["Unload"]},{"damage_healed":0,"gold_gain":0,"player_choice":"Ignored","damage_taken":0,"max_hp_gain":0,"max_hp_loss":0,"event_name":"Ghosts","floor":21,"gold_loss":0}],"is_beta":false,"boss_relics":[{"not_picked":["Velvet Choker","Lizard Tail"],"picked":"Fusion Hammer"}],"items_purged_floors":[],"is_endless":false,"potions_floor_spawned":[1,3,5,12,20,22,24,28],"killed_by":"Champ","ascension_level":20}