{"gold_per_floor":[118,118,47,59,59,89,89,101,181,209,238,250,64,79,79,178,178,198,1,100,100,127,127,127],"floor_reached":24,"playtime":1172,"items_purged":[],"score":323,"play_id":"c8bd201d-b064-4fa7-a079-a212e5b2d50e","local_time":"20190224182134","is_ascension_mode":true,"campfire_choices":[{"data":"Distraction","floor":7,"key":"SMITH"},{"floor":12,"key":"REST"},{"floor":15,"key":"REST"},{"floor":23,"key":"REST"}],"neow_cost":"NONE","seed_source_timestamp":5763455254424,"circlet_count":0,"master_deck":["AscendersBane","Defend_G","Defend_G","Defend_G","Defend_G","Defend_G","Strike_G","Strike_G","Strike_G","Survivor","Neutralize","Poisoned Stab","Bane","Footwork","Blur+1","Distraction+1","Skewer","Dagger Throw","Well Laid Plans","Deadly Poison","Deflect","Die Die Die","Escape Plan"],"relics":["Ring of the Snake","GremlinMask","Lantern","Tiny Chest","MawBank","Regal Pillow","Empty Cage","Membership Card","Boot"],"potions_floor_usage":[6,11],"damage_taken":[{"damage":5,"enemies":"2 Louse","floor":1,"turns":3},{"damage":0,"enemies":"Cultist","floor":4,"turns":3},{"damage":5,"enemies":"Lagavulin","floor":6,"turns":10},{"damage":1,"enemies":"Small Slimes","floor":8,"turns":6},{"damage":26,"enemies":"3 Sentries","floor":10,"turns":12},{"damage":22,"enemies":"Exordium Thugs","floor":11,"turns":8},{"damage":0,"enemies":"Looter","floor":14,"turns":4},{"damage":48,"enemies":"Hexaghost","floor":16,"turns":13},{"damage":28,"enemies":"Spheric Guardian","floor":18,"turns":7},{"damage":24,"enemies":"Colosseum Slavers","floor":21,"turns":7},{"damage":43,"enemies":"Book of Stabbing","floor":24,"turns":5}],"seed_played":"5546500112650053565","potions_obtained":[{"floor":1,"key":"GamblersBrew"},{"floor":4,"key":"SteroidPotion"},{"floor":6,"key":"PowerPotion"},{"floor":14,"key":"Strength Potion"}],"is_trial":false,"path_per_floor":["M","?","$","M","?","E","R","M","T","E","M","R","$","M","R","B",null,"M","$","?","?","T","R","E"],"character_chosen":"THE_SILENT","items_purchased":["Footwork","Regal Pillow","Deadly Poison","Membership Card"],"campfire_rested":3,"item_purchase_floors":[3,13,13,19],"current_hp_per_floor":[58,58,58,58,58,53,53,52,52,26,4,25,25,25,61,13,56,28,28,28,4,4,40,0],"gold":127,"neow_bonus":"THREE_CARDS","is_prod":false,"is_daily":false,"chose_seed":false,"campfire_upgraded":1,"win_rate":0,"timestamp":1551050494,"path_taken":["M","?","$","?","?","E","R","?","T","E","M","R","$","M","R","BOSS","M","$","?","?","?","R","E"],"build_version":"2019-02-06","purchased_purges":0,"victory":false,"max_hp_per_floor":[70,70,70,70,70,70,70,70,70,70,70,70,70,70,70,70,70,70,70,70,70,70,70,70],"card_choices":[{"not_picked":["Bane","Blur"],"picked":"Poisoned Stab","floor":0},{"not_picked":["Escape Plan","Flying Knee"],"picked":"Bane","floor":1},{"not_picked":["Blade Dance","Poisoned Stab"],"picked":"Blur","floor":4},{"not_picked":["Dagger Throw","Poisoned Stab"],"picked":"Distraction","floor":6},{"not_picked":["Setup","Poisoned Stab"],"picked":"Skewer","floor":8},{"not_picked":["Grand Finale","Outmaneuver"],"picked":"Dagger Throw","floor":10},{"not_picked":["Masterful Stab","Slice"],"picked":"Well Laid Plans","floor":11},{"not_picked":["Quick Slash","Flying Knee"],"picked":"Deflect","floor":14},{"not_picked":["Bullet Time","Night Terror"],"picked":"Die Die Die","floor":16},{"not_picked":["PiercingWail","Cloak And Dagger"],"picked":"Escape Plan","floor":18}],"player_experience":602617,"relics_obtained":[{"floor":6,"key":"Lantern"},{"floor":9,"key":"Tiny Chest"},{"floor":10,"key":"MawBank"},{"floor":22,"key":"Boot"}],"event_choices":[{"damage_healed":0,"gold_gain":0,"player_choice":"Trade","damage_taken":0,"relics_obtained":["GremlinMask"],"max_hp_gain":0,"max_hp_loss":0,"event_name":"FaceTrader","floor":2,"gold_loss":0},{"damage_healed":0,"gold_gain":0,"player_choice":"Upgraded","damage_taken":0,"max_hp_gain":0,"max_hp_loss":0,"event_name":"Upgrade Shrine","floor":5,"gold_loss":0,"cards_upgraded":["Blur"]},{"damage_healed":0,"gold_gain":99,"player_choice":"Stole From Cult","damage_taken":0,"max_hp_gain":0,"max_hp_loss":0,"event_name":"Nest","floor":20,"gold_loss":0},{"damage_healed":0,"gold_gain":0,"player_choice":"Fight","damage_taken":0,"max_hp_gain":0,"max_hp_loss":0,"event_name":"Colosseum","floor":21,"gold_loss":0},{"damage_healed":0,"gold_gain":0,"player_choice":"Fled From Nobs","damage_taken":0,"max_hp_gain":0,"max_hp_loss":0,"event_name":"Colosseum","floor":21,"gold_loss":0}],"is_beta":true,"boss_relics":[{"not_picked":["Runic Pyramid","Snecko Eye"],"picked":"Empty Cage"}],"items_purged_floors":[],"is_endless":false,"potions_floor_spawned":[1,4,6,10,14],"killed_by":"Book of Stabbing","ascension_level":12}