{"gold_per_floor":[110,120,139,139,8,8,20,20,20,48,48,48,48,13,13,89,89,101,101,115,130,50,50,69,69,69,69,83,83,115,115,115,115],"floor_reached":33,"playtime":827,"items_purged":["Strike_R"],"score":576,"play_id":"4b882618-785e-4116-afc2-eb9652216bb3","local_time":"20190126205624","is_ascension_mode":true,"campfire_choices":[{"data":"Searing Blow+1","floor":6.0,"key":"SMITH"},{"data":"Searing Blow+2","floor":8.0,"key":"SMITH"},{"data":"Searing Blow+3","floor":12.0,"key":"SMITH"},{"data":"Searing Blow+4","floor":15.0,"key":"SMITH"},{"data":"Searing Blow+5","floor":23.0,"key":"SMITH"},{"data":"Searing Blow+6","floor":25.0,"key":"SMITH"},{"floor":27.0,"key":"REST"},{"data":"Searing Blow+7","floor":32.0,"key":"SMITH"}],"neow_cost":"NONE","seed_source_timestamp":4603682892594,"circlet_count":0,"master_deck":["AscendersBane","Strike_R","Strike_R","Defend_R","Defend_R","Defend_R","Defend_R","Bash","Searing Blow+8","Battle Trance","True Grit","Pommel Strike","Headbutt","Parasite","Double Tap","Armaments","Battle Trance","Shrug It Off","Shockwave","Armaments+1","Battle Trance","Corruption","Body Slam","Iron Wave"],"special_seed":0,"relics":["Burning Blood","Peace Pipe","Ginger","Vajra","Orrery","Sundial","Matryoshka"],"potions_floor_usage":[],"damage_taken":[{"damage":3.0,"enemies":"2 Louse","floor":1.0,"turns":4.0},{"damage":7.0,"enemies":"Cultist","floor":2.0,"turns":4.0},{"damage":6.0,"enemies":"Jaw Worm","floor":3.0,"turns":4.0},{"damage":7.0,"enemies":"Large Slime","floor":7.0,"turns":7.0},{"damage":33.0,"enemies":"Lagavulin","floor":10.0,"turns":7.0},{"damage":18.0,"enemies":"Slime Boss","floor":16.0,"turns":6.0},{"damage":16.0,"enemies":"2 Thieves","floor":18.0,"turns":3.0},{"damage":0.0,"enemies":"Spheric Guardian","floor":20.0,"turns":3.0},{"damage":12.0,"enemies":"Snake Plant","floor":21.0,"turns":3.0},{"damage":28.0,"enemies":"Shelled Parasite and Fungi","floor":24.0,"turns":4.0},{"damage":15.0,"enemies":"Centurion and Healer","floor":28.0,"turns":4.0},{"damage":2.0,"enemies":"Book of Stabbing","floor":30.0,"turns":2.0},{"damage":83,"enemies":"Automaton","floor":33,"turns":6}],"seed_played":"3025235344000455401","potions_obtained":[{"floor":0.0,"key":"Fire Potion"},{"floor":0.0,"key":"Strength Potion"},{"floor":18.0,"key":"Fire Potion"},{"floor":24.0,"key":"Block Potion"}],"is_trial":false,"path_per_floor":["M","M","M","?","$","R","M","R","T","E","?","R","?","?","R","B",null,"M","?","M","M","$","R","M","R","T","R","M","?","E","?","R","B"],"character_chosen":"IRONCLAD","items_purchased":["Pommel Strike","Corruption"],"campfire_rested":1,"item_purchase_floors":[5,22],"current_hp_per_floor":[71,70,70,70,70,70,69,69,69,42,60,60,34,52,52,40,66,56,56,62,56,56,56,34,34,34,56,47,26,30,30,30,0],"gold":115,"neow_bonus":"THREE_SMALL_POTIONS","is_prod":false,"is_daily":false,"chose_seed":false,"campfire_upgraded":7,"win_rate":0,"timestamp":1548554184,"path_taken":["M","M","M","?","?","R","M","R","T","E","?","R","?","?","R","BOSS","M","?","M","M","$","R","M","R","T","R","M","?","E","?","R","BOSS"],"build_version":"2019-01-23","purchased_purges":1,"victory":false,"max_hp_per_floor":[75,75,75,75,75,75,75,75,75,75,75,75,75,75,75,75,75,75,75,75,75,75,75,75,75,75,75,75,80,80,80,80,80],"card_choices":[{"not_picked":["Sword Boomerang","Armaments"],"picked":"Searing Blow","floor":1.0},{"not_picked":["Armaments","Warcry"],"picked":"Battle Trance","floor":2.0},{"not_picked":["Rage","Perfected Strike"],"picked":"True Grit","floor":3.0},{"not_picked":["Wild Strike","Heavy Blade"],"picked":"Headbutt","floor":7.0},{"not_picked":["Sword Boomerang","Anger","Infernal Blade"],"picked":"SKIP","floor":10.0},{"not_picked":["Demon Form","Bludgeon"],"picked":"Double Tap","floor":16.0},{"not_picked":["Shockwave","Body Slam"],"picked":"Armaments","floor":17.0},{"not_picked":["Clothesline","Rage"],"picked":"Battle Trance","floor":17.0},{"not_picked":["Uppercut","Headbutt"],"picked":"Shrug It Off","floor":17.0},{"not_picked":["Combust","True Grit"],"picked":"Shockwave","floor":17.0},{"not_picked":["Infernal Blade","Body Slam","Perfected Strike"],"picked":"SKIP","floor":18.0},{"not_picked":["Brutality","Heavy Blade"],"picked":"Armaments+1","floor":20.0},{"not_picked":["Whirlwind","Heavy Blade"],"picked":"Battle Trance","floor":21.0},{"not_picked":["Cleave","Armaments","Thunderclap"],"picked":"SKIP","floor":24.0},{"not_picked":["Warcry","Wild Strike","Perfected Strike"],"picked":"SKIP","floor":28.0},{"not_picked":["Wild Strike","Flex","Heavy Blade+1"],"picked":"SKIP","floor":30.0}],"player_experience":845691,"relics_obtained":[{"floor":9.0,"key":"Peace Pipe"},{"floor":10.0,"key":"Ginger"},{"floor":26.0,"key":"Sundial"},{"floor":30.0,"key":"Matryoshka"}],"event_choices":[{"damage_healed":0.0,"max_hp_gain":0.0,"max_hp_loss":0.0,"gold_gain":0.0,"event_name":"Accursed Blacksmith","player_choice":"Forge","floor":4.0,"gold_loss":0.0,"damage_taken":0.0,"cards_upgraded":["Searing Blow"]},{"damage_healed":18.0,"max_hp_gain":0.0,"max_hp_loss":0.0,"gold_gain":0.0,"event_name":"Mushrooms","player_choice":"Healed and dodged fight","floor":11.0,"gold_loss":0.0,"damage_taken":0.0,"cards_obtained":["Parasite"]},{"damage_healed":0.0,"max_hp_gain":0.0,"max_hp_loss":0.0,"gold_gain":0.0,"event_name":"Scrap Ooze","player_choice":"Success","floor":13.0,"gold_loss":0.0,"damage_taken":26.0,"relics_obtained":["Vajra"]},{"damage_healed":18.0,"max_hp_gain":0.0,"max_hp_loss":0.0,"gold_gain":0.0,"event_name":"The Cleric","player_choice":"Healed","floor":14.0,"gold_loss":35.0,"damage_taken":0.0},{"damage_healed":0.0,"max_hp_gain":0.0,"max_hp_loss":0.0,"gold_gain":0.0,"event_name":"Ghosts","player_choice":"Ignored","floor":19.0,"gold_loss":0.0,"damage_taken":0.0},{"damage_healed":0.0,"max_hp_gain":5.0,"max_hp_loss":0.0,"gold_gain":0.0,"event_name":"Forgotten Altar","player_choice":"Shed Blood","floor":29.0,"gold_loss":0.0,"damage_taken":26.0},{"damage_healed":0.0,"max_hp_gain":0.0,"max_hp_loss":0.0,"gold_gain":0.0,"cards_transformed":["Strike_R","Strike_R"],"event_name":"Drug Dealer","player_choice":"Became Test Subject","floor":31.0,"gold_loss":0.0,"damage_taken":0.0,"cards_obtained":["Body Slam","Iron Wave"]}],"is_beta":true,"boss_relics":[{"not_picked":["Runic Dome","Black Blood"],"picked":"Orrery"}],"items_purged_floors":[5],"is_endless":false,"potions_floor_spawned":[7,10,18,24],"killed_by":"Automaton","ascension_level":20}