{"gold_per_floor":[115,182,182,195,41,74,74,104,129,162,162,191,191,205,205,280,330,301,351,371,391,391,391,419,419,446,466,466,466,48,48,48,48],"floor_reached":33,"playtime":897,"items_purged":["Strike_R","Strike_R"],"score":628,"play_id":"549137b6-c904-40e0-bea2-02510a99a683","local_time":"20181105014053","is_ascension_mode":true,"campfire_choices":[{"data":"Bash","floor":7.0,"key":"SMITH"},{"data":"Armaments","floor":13.0,"key":"SMITH"},{"floor":15.0,"key":"REST"},{"floor":23.0,"key":"REST"},{"data":"Demon Form","floor":25.0,"key":"SMITH"},{"floor":32.0,"key":"REST"}],"neow_cost":"NONE","seed_source_timestamp":952856489436214,"circlet_count":0,"master_deck":["AscendersBane","Strike_R+1","Strike_R","Strike_R","Defend_R","Defend_R+1","Defend_R","Defend_R","Bash+1","Carnage+1","Ghostly Armor","Thunderclap","True Grit","Armaments+1","Demon Form+1","Bloodletting+1","Havoc","Anger+1","Iron Wave","Necronomicurse","Ghostly","Ghostly","Ghostly"],"special_seed":0,"relics":["Burning Blood","NeowsBlessing","Vajra","Regal Pillow","Juzu Bracelet","Bottled Lightning","Lantern","Tiny House","Strawberry","Art of War","Necronomicon","Gambling Chip"],"potions_floor_usage":[33],"damage_taken":[{"damage":0.0,"enemies":"Jaw Worm","floor":1.0,"turns":1.0},{"damage":0.0,"enemies":"2 Louse","floor":4.0,"turns":1.0},{"damage":0.0,"enemies":"Lagavulin","floor":6.0,"turns":1.0},{"damage":32.0,"enemies":"Gremlin Nob","floor":8.0,"turns":4.0},{"damage":20.0,"enemies":"Lagavulin","floor":10.0,"turns":5.0},{"damage":32.0,"enemies":"Gremlin Nob","floor":12.0,"turns":4.0},{"damage":1.0,"enemies":"Small Slimes","floor":14.0,"turns":2.0},{"damage":30.0,"enemies":"Slime Boss","floor":16.0,"turns":10.0},{"damage":21.0,"enemies":"2 Thieves","floor":18.0,"turns":4.0},{"damage":20.0,"enemies":"3 Byrds","floor":20.0,"turns":4.0},{"damage":2.0,"enemies":"Centurion and Healer","floor":21.0,"turns":8.0},{"damage":42.0,"enemies":"Slavers","floor":24.0,"turns":7.0},{"damage":11.0,"enemies":"Chosen and Byrds","floor":27.0,"turns":5.0},{"damage":7,"enemies":"Automaton","floor":33,"turns":6}],"seed_played":"257113013516778762","potions_obtained":[{"floor":1.0,"key":"Fire Potion"},{"floor":4.0,"key":"Strength Potion"},{"floor":14.0,"key":"SkillPotion"},{"floor":17.0,"key":"LiquidBronze"},{"floor":18.0,"key":"SkillPotion"},{"floor":21.0,"key":"Poison Potion"},{"floor":24.0,"key":"Poison Potion"}],"is_trial":false,"path_per_floor":["M","?","?","M","$","E","R","E","T","E","?","E","R","M","R","B",null,"M","?","M","M","?","R","E","R","T","M","?","?","$","$","R","B"],"character_chosen":"IRONCLAD","items_purchased":["Ghostly Armor","Gambling Chip"],"campfire_rested":3,"item_purchase_floors":[5,30],"current_hp_per_floor":[74,74,51,57,57,63,63,37,37,23,48,22,22,27,64,40,71,56,56,42,46,23,63,34,34,34,29,8,8,8,8,36,29],"gold":48,"neow_bonus":"THREE_ENEMY_KILL","is_prod":false,"is_daily":false,"chose_seed":false,"campfire_upgraded":3,"win_rate":0,"timestamp":1541400053,"path_taken":["M","?","?","M","?","E","R","E","T","E","?","E","R","M","R","BOSS","M","?","M","M","?","R","E","R","T","M","?","?","?","$","R","BOSS"],"build_version":"2018-11-02","purchased_purges":2,"victory":false,"max_hp_per_floor":[75,75,75,75,75,75,75,75,75,75,75,75,75,75,75,75,80,80,80,80,80,85,85,92,92,92,92,92,46,46,46,46,46],"card_choices":[{"not_picked":["Headbutt","Seeing Red"],"picked":"Carnage","floor":1.0},{"not_picked":["Sentinel","Fire Breathing","Perfected Strike"],"picked":"SKIP","floor":4.0},{"not_picked":["Metallicize","Searing Blow"],"picked":"Thunderclap","floor":6.0},{"not_picked":["Rupture","Blood for Blood"],"picked":"True Grit","floor":8.0},{"not_picked":["Warcry","Dual Wield"],"picked":"Armaments","floor":10.0},{"not_picked":["Pommel Strike","Wild Strike","Rupture"],"picked":"SKIP","floor":12.0},{"not_picked":["Flex","Warcry","Sentinel"],"picked":"SKIP","floor":14.0},{"not_picked":["Offering","Barricade"],"picked":"Demon Form","floor":16.0},{"not_picked":["Heavy Blade","True Grit"],"picked":"Bloodletting+1","floor":18.0},{"not_picked":["Pommel Strike","Clash+1"],"picked":"Havoc","floor":20.0},{"not_picked":["Rage","Pommel Strike+1"],"picked":"Anger+1","floor":21.0},{"not_picked":["Second Wind","Wild Strike","Armaments"],"picked":"SKIP","floor":24.0},{"not_picked":["Inflame","Reckless Charge"],"picked":"Iron Wave","floor":27.0}],"player_experience":779449,"relics_obtained":[{"floor":6.0,"key":"Vajra"},{"floor":8.0,"key":"Regal Pillow"},{"floor":9.0,"key":"Juzu Bracelet"},{"floor":10.0,"key":"Bottled Lightning"},{"floor":12.0,"key":"Lantern"},{"floor":24.0,"key":"Strawberry"},{"floor":26.0,"key":"Art of War"},{"floor":28.0,"key":"Necronomicon"}],"event_choices":[{"damage_healed":0.0,"max_hp_gain":0.0,"max_hp_loss":0.0,"gold_gain":67.0,"event_name":"Golden Wing","player_choice":"Gained Gold","floor":2.0,"gold_loss":0.0,"damage_taken":0.0},{"damage_healed":0.0,"max_hp_gain":0.0,"max_hp_loss":0.0,"gold_gain":0.0,"event_name":"Shining Light","player_choice":"Entered Light","floor":3.0,"gold_loss":0.0,"damage_taken":23.0,"cards_upgraded":["Carnage","Strike_R"]},{"damage_healed":25.0,"max_hp_gain":0.0,"max_hp_loss":0.0,"gold_gain":0.0,"event_name":"Big Fish","player_choice":"Banana","floor":11.0,"gold_loss":0.0,"damage_taken":0.0},{"damage_healed":0.0,"max_hp_gain":0.0,"max_hp_loss":0.0,"gold_gain":50.0,"event_name":"Nest","player_choice":"Stole From Cult","floor":19.0,"gold_loss":0.0,"damage_taken":0.0},{"damage_healed":0.0,"max_hp_gain":5.0,"max_hp_loss":0.0,"gold_gain":0.0,"event_name":"Forgotten Altar","player_choice":"Shed Blood","floor":22.0,"gold_loss":0.0,"damage_taken":28.0},{"damage_healed":0.0,"max_hp_gain":0.0,"max_hp_loss":0.0,"gold_gain":0.0,"event_name":"Cursed Tome","player_choice":"Obtained Book","floor":28.0,"gold_loss":0.0,"damage_taken":21.0},{"damage_healed":0.0,"max_hp_gain":0.0,"max_hp_loss":46.0,"gold_gain":0.0,"event_name":"Ghosts","player_choice":"Became a Ghost","floor":29.0,"gold_loss":0.0,"damage_taken":0.0,"cards_obtained":["Ghostly","Ghostly","Ghostly"]}],"is_beta":true,"boss_relics":[{"not_picked":["Black Blood","Philosopher\u0027s Stone"],"picked":"Tiny House"}],"items_purged_floors":[5,30],"is_endless":false,"potions_floor_spawned":[1,4,8,14,18,21,24],"killed_by":"Automaton","ascension_level":20}