{"gold_per_floor":[110,110,127,2,17,17,27,27,27,27,42,42,60,80,80,183,183,193,206,51,51],"floor_reached":21,"playtime":1243,"items_purged":["Regret"],"score":225,"play_id":"88c0821a-36bd-493f-bad7-79ce3536c9ce","local_time":"20190309121529","is_ascension_mode":true,"campfire_choices":[{"data":"Panacea","floor":6,"key":"SMITH"},{"data":"Dualcast","floor":8,"key":"SMITH"},{"floor":12,"key":"REST"},{"floor":15,"key":"REST"}],"neow_cost":"NONE","seed_source_timestamp":513251927356100,"circlet_count":0,"master_deck":["Strike_B","Defend_B","Defend_B","Defend_B","Defend_B","Zap","Dualcast+1","Panacea+1","Reprogram","All For One","FTL","Ball Lightning","Seek","Self Repair","Ball Lightning","Core Surge","Reinforced Body+1","Recycle+1","Turbo+1","Steam","Double Energy"],"relics":["Cracked Core","Bronze Scales","Mercury Hourglass","Astrolabe","Regal Pillow"],"potions_floor_usage":[7,13,16,18,21],"damage_taken":[{"damage":4,"enemies":"2 Louse","floor":1,"turns":2},{"damage":13,"enemies":"Jaw Worm","floor":3,"turns":2},{"damage":10,"enemies":"Cultist","floor":5,"turns":3},{"damage":10,"enemies":"Exordium Thugs","floor":7,"turns":3},{"damage":0,"enemies":"Blue Slaver","floor":11,"turns":2},{"damage":7,"enemies":"Large Slime","floor":13,"turns":3},{"damage":23,"enemies":"Exordium Thugs","floor":14,"turns":4},{"damage":32,"enemies":"The Guardian","floor":16,"turns":9},{"damage":11,"enemies":"2 Thieves","floor":18,"turns":4},{"damage":18,"enemies":"Shell Parasite","floor":19,"turns":3},{"damage":52,"enemies":"Centurion and Healer","floor":21,"turns":8}],"seed_played":"7518714299090232515","potions_obtained":[{"floor":7,"key":"SteroidPotion"},{"floor":13,"key":"Dexterity Potion"},{"floor":14,"key":"FocusPotion"},{"floor":18,"key":"SkillPotion"}],"is_trial":false,"path_per_floor":["M","?","M","$","M","R","M","R","T","?","M","R","M","M","R","B",null,"M","M","$","M"],"character_chosen":"DEFECT","items_purchased":["Block Potion","Regal Pillow"],"campfire_rested":2,"item_purchase_floors":[4,20],"current_hp_per_floor":[64,64,51,51,41,41,31,31,31,31,31,53,46,30,52,20,61,57,46,46,0],"gold":51,"neow_bonus":"RANDOM_COLORLESS","is_prod":false,"is_daily":false,"chose_seed":false,"campfire_upgraded":2,"win_rate":0,"timestamp":1552130129,"path_taken":["M","?","M","$","M","R","M","R","T","?","?","R","M","M","R","BOSS","M","M","?","M"],"build_version":"2019-01-23","purchased_purges":1,"victory":false,"max_hp_per_floor":[75,75,75,75,75,75,75,75,75,75,75,75,75,75,75,75,75,75,75,75,75],"card_choices":[{"not_picked":["Go for the Eyes","Coolheaded"],"picked":"Reprogram","floor":1},{"not_picked":["Rebound","Stack"],"picked":"All For One","floor":3},{"not_picked":["Gash","Hologram"],"picked":"FTL","floor":5},{"not_picked":["Rebound","Steam Power"],"picked":"Ball Lightning","floor":7},{"not_picked":["Go for the Eyes","Genetic Algorithm"],"picked":"Seek","floor":11},{"not_picked":["Beam Cell","Barrage"],"picked":"Self Repair","floor":13},{"not_picked":["Storm","Sweeping Beam"],"picked":"Ball Lightning","floor":14},{"not_picked":["Biased Cognition","Multi-Cast"],"picked":"Core Surge","floor":16},{"not_picked":["Gash+1","Go for the Eyes"],"picked":"Steam","floor":18},{"not_picked":["Go for the Eyes","Ball Lightning"],"picked":"Double Energy","floor":19}],"player_experience":559123,"relics_obtained":[{"floor":9,"key":"Mercury Hourglass"}],"event_choices":[{"damage_healed":0,"gold_gain":0,"player_choice":"Box","damage_taken":0,"relics_obtained":["Bronze Scales"],"max_hp_gain":0,"max_hp_loss":0,"event_name":"Big Fish","floor":2,"gold_loss":0,"cards_obtained":["Regret"]},{"damage_healed":0,"gold_gain":0,"player_choice":"Ignored","damage_taken":0,"max_hp_gain":0,"max_hp_loss":0,"event_name":"Liars Game","floor":10,"gold_loss":0}],"is_beta":false,"boss_relics":[{"not_picked":["Runic Pyramid","Fusion Hammer"],"picked":"Astrolabe"}],"items_purged_floors":[4],"is_endless":false,"potions_floor_spawned":[7,13,14,18],"killed_by":"Centurion and Healer","ascension_level":6}