{"gold_per_floor":[112,131,149,149,149,149,183,183,183,183,199,199,271,306,306,306],"floor_reached":16,"playtime":1760,"items_purged":[],"score":108,"play_id":"51c044be-d3f4-45a8-9e01-53a9474aac91","local_time":"20190321112007","is_ascension_mode":false,"campfire_choices":[{"data":"Glass Knife","floor":6,"key":"SMITH"},{"data":"Strike_G","floor":8,"key":"PURGE"},{"data":"Strike_G","floor":10,"key":"PURGE"},{"data":"Defend_G","floor":12,"key":"PURGE"},{"data":"Defend_G","floor":15,"key":"PURGE"}],"neow_cost":"NONE","seed_source_timestamp":666449963167675,"circlet_count":0,"master_deck":["Defend_G","Defend_G","Defend_G","Strike_G","Strike_G","Survivor","Neutralize","Dramatic Entrance","Distraction","Glass Knife+1","Purity","Venomology","Backflip","Dodge and Roll+1","Dodge and Roll+1"],"relics":["Ring of the Snake","Peace Pipe","Toxic Egg 2","Ancient Tea Set"],"potions_floor_usage":[7,7,11,14,16],"damage_taken":[{"damage":0,"enemies":"Small Slimes","floor":1,"turns":3},{"damage":0,"enemies":"Jaw Worm","floor":2,"turns":5},{"damage":0,"enemies":"Cultist","floor":3,"turns":5},{"damage":10,"enemies":"Lagavulin","floor":7,"turns":7},{"damage":3,"enemies":"Exordium Wildlife","floor":11,"turns":3},{"damage":21,"enemies":"Gremlin Nob","floor":14,"turns":6},{"damage":56,"enemies":"Hexaghost","floor":16,"turns":16}],"seed_played":"8156549259629323965","potions_obtained":[{"floor":2,"key":"GamblersBrew"},{"floor":7,"key":"Fire Potion"},{"floor":14,"key":"Regen Potion"}],"is_trial":false,"path_per_floor":["M","M","M","?","?","R","E","R","T","R","M","R","T","E","R","B"],"character_chosen":"THE_SILENT","items_purchased":[],"campfire_rested":0,"item_purchase_floors":[],"current_hp_per_floor":[70,70,70,70,70,70,60,60,60,60,57,57,57,36,36,0],"gold":306,"neow_bonus":"RANDOM_COLORLESS","is_prod":false,"is_daily":false,"chose_seed":false,"campfire_upgraded":1,"win_rate":0,"timestamp":1553163607,"path_taken":["M","M","M","?","?","R","E","R","T","R","?","R","?","E","R","BOSS"],"build_version":"2019-01-23","purchased_purges":0,"victory":false,"max_hp_per_floor":[70,70,70,70,70,70,70,70,70,70,70,70,70,70,70,70],"card_choices":[{"not_picked":["Bouncing Flask","Finisher","Quick Slash"],"picked":"SKIP","floor":1},{"not_picked":["Masterful Stab","Sucker Punch","Quick Slash"],"picked":"SKIP","floor":2},{"not_picked":["Poisoned Stab","Prepared"],"picked":"Distraction","floor":3},{"not_picked":["Flying Knee","Deadly Poison"],"picked":"Backflip","floor":7},{"not_picked":["Expertise+1","Sucker Punch"],"picked":"Dodge and Roll+1","floor":11},{"not_picked":["Quick Slash","Calculated Gamble+1"],"picked":"Dodge and Roll+1","floor":14}],"player_experience":80261,"relics_obtained":[{"floor":7,"key":"Peace Pipe"},{"floor":9,"key":"Toxic Egg 2"},{"floor":14,"key":"Ancient Tea Set"}],"event_choices":[{"damage_healed":0,"gold_gain":0,"cards_transformed":["Strike_G"],"player_choice":"Change","damage_taken":0,"max_hp_gain":0,"max_hp_loss":0,"event_name":"Living Wall","floor":4,"gold_loss":0,"cards_obtained":["Glass Knife"]},{"damage_healed":0,"gold_gain":0,"player_choice":"2 cards matched","damage_taken":0,"max_hp_gain":0,"max_hp_loss":0,"event_name":"Match and Keep!","floor":5,"gold_loss":0,"cards_obtained":["Purity","Venomology"]}],"is_beta":false,"boss_relics":[],"items_purged_floors":[],"is_endless":false,"potions_floor_spawned":[2,7,14],"killed_by":"Hexaghost","ascension_level":0}