{"gold_per_floor":[113,38,58,58,78,78,104,116,116,143,159,159,177,194,194,268,268,288,313,330,343,0,0,33,83,83,83,100,100,119,143,143,222,222,232,248,262,262,275,303,303,335,335,354,371,388,388,388,388,388,388],"floor_reached":52,"playtime":2970,"items_purged":["Strike_G"],"score":2021,"play_id":"48a2f722-b309-4439-a64e-9a1f0e0150e0","local_time":"20190112002501","is_ascension_mode":true,"campfire_choices":[{"data":"Neutralize","floor":6.0,"key":"SMITH"},{"floor":12.0,"key":"REST"},{"data":"Footwork","floor":15.0,"key":"SMITH"},{"floor":23.0,"key":"REST"},{"floor":27.0,"key":"REST"},{"floor":32.0,"key":"REST"},{"floor":41,"key":"REST"},{"floor":47,"key":"REST"},{"floor":49,"key":"REST"}],"neow_cost":"PERCENT_DAMAGE","seed_source_timestamp":107698730466803,"circlet_count":0,"master_deck":["AscendersBane","Defend_G","Defend_G","Defend_G","Strike_G","Strike_G","Strike_G","Survivor","Neutralize+1","Backstab","Dagger Spray","Dagger Throw","Underhanded Strike","Footwork+1","Dagger Throw","Phantasmal Killer+1","Dodge and Roll+1","Blur+1","Prepared+1","Bullet Time+1","Acrobatics+1","Calculated Gamble+1","Deadly Poison+1","Backflip+1","Outmaneuver+1","Cloak And Dagger+1","Malaise+1","Noxious Fumes+1","PiercingWail+1","After Image+1","Blade Dance+1","Dodge and Roll+1","Sucker Punch","Dodge and Roll+1","Tools of the Trade+1","Blur+1","Deadly Poison+1","Acrobatics+1","Terror+1","Blade Dance+1","Escape Plan+1"],"special_seed":0,"relics":["Ring of the Snake","Matryoshka","Vajra","Toxic Egg 2","White Beast Statue","Dream Catcher","Oddly Smooth Stone","PreservedInsect","Pocketwatch","Frozen Egg 2","Shuriken","Strawberry","Cursed Key","Turnip","Nunchaku"],"potions_floor_usage":[35,39,39,40,42,50],"damage_taken":[{"damage":0.0,"enemies":"Jaw Worm","floor":1.0,"turns":6.0},{"damage":1.0,"enemies":"Cultist","floor":3.0,"turns":5.0},{"damage":0.0,"enemies":"2 Louse","floor":5.0,"turns":2.0},{"damage":27.0,"enemies":"3 Sentries","floor":7.0,"turns":8.0},{"damage":6.0,"enemies":"Red Slaver","floor":8.0,"turns":4.0},{"damage":6.0,"enemies":"Gremlin Nob","floor":10.0,"turns":3.0},{"damage":0.0,"enemies":"Exordium Wildlife","floor":11.0,"turns":2.0},{"damage":3.0,"enemies":"Blue Slaver","floor":13.0,"turns":3.0},{"damage":0.0,"enemies":"Exordium Thugs","floor":14.0,"turns":4.0},{"damage":26.0,"enemies":"Slime Boss","floor":16.0,"turns":13.0},{"damage":0.0,"enemies":"Spheric Guardian","floor":18.0,"turns":2.0},{"damage":18.0,"enemies":"Chosen","floor":20.0,"turns":6.0},{"damage":9.0,"enemies":"Centurion and Healer","floor":21.0,"turns":8.0},{"damage":26.0,"enemies":"Book of Stabbing","floor":24.0,"turns":6.0},{"damage":12.0,"enemies":"Chosen and Byrds","floor":28.0,"turns":6.0},{"damage":11.0,"enemies":"Snake Plant","floor":30.0,"turns":7.0},{"damage":0.0,"enemies":"Automaton","floor":33.0,"turns":11.0},{"damage":17,"enemies":"3 Darklings","floor":35,"turns":5},{"damage":0,"enemies":"Orb Walker","floor":36,"turns":5},{"damage":0,"enemies":"Sphere and 2 Shapes","floor":37,"turns":7},{"damage":21,"enemies":"Spire Growth","floor":39,"turns":4},{"damage":3,"enemies":"Nemesis","floor":40,"turns":11},{"damage":30,"enemies":"Reptomancer","floor":42,"turns":7},{"damage":18,"enemies":"Jaw Worm Horde","floor":44,"turns":6},{"damage":0,"enemies":"Maw","floor":45,"turns":8},{"damage":4,"enemies":"Writhing Mass","floor":46,"turns":9},{"damage":27,"enemies":"Time Eater","floor":50,"turns":20},{"damage":21,"enemies":"Awakened One","floor":51,"turns":18}],"seed_played":"6619409744151099512","potions_obtained":[{"floor":5.0,"key":"Poison Potion"},{"floor":8.0,"key":"EssenceOfSteel"},{"floor":10.0,"key":"EssenceOfSteel"},{"floor":11.0,"key":"EntropicBrew"},{"floor":18.0,"key":"GhostInAJar"},{"floor":20.0,"key":"SmokeBomb"},{"floor":24.0,"key":"Block Potion"},{"floor":28.0,"key":"FearPotion"},{"floor":33.0,"key":"SkillPotion"},{"floor":35,"key":"Block Potion"},{"floor":39,"key":"SkillPotion"},{"floor":40,"key":"LiquidBronze"},{"floor":42,"key":"Dexterity Potion"},{"floor":44,"key":"FairyPotion"}],"is_trial":false,"path_per_floor":["M","?","M","?","M","R","E","M","T","E","M","R","M","M","R","B",null,"M","T","M","M","$","R","E","?","T","R","M","T","M","T","R","B",null,"M","M","M","?","M","E","R","E","T","M","M","M","R","?","R","B","B",null],"character_chosen":"THE_SILENT","items_purchased":["Calculated Gamble+1","Deadly Poison+1","PreservedInsect"],"campfire_rested":7,"item_purchase_floors":[22,22,22],"current_hp_per_floor":[56,56,55,55,55,55,28,22,22,16,16,39,36,36,36,10,61,61,61,43,34,34,57,31,31,31,54,42,42,31,38,63,63,80,63,63,63,63,42,39,64,34,34,16,16,12,37,37,62,35,14],"gold":388,"neow_bonus":"TWENTY_PERCENT_HP_BONUS","is_prod":false,"is_daily":false,"chose_seed":false,"campfire_upgraded":2,"win_rate":0,"timestamp":1547220301,"path_taken":["M","?","M","?","M","R","E","?","T","E","M","R","M","M","R","BOSS","M","?","M","?","$","R","E","?","T","R","?","?","M","?","R","BOSS","M","M","M","?","M","E","R","E","T","?","M","M","R","?","R","BOSS","BOSS"],"build_version":"2019-01-10","purchased_purges":1,"victory":true,"max_hp_per_floor":[78,78,78,78,78,78,78,78,78,78,78,78,78,78,78,78,78,78,78,78,78,78,78,78,78,78,78,78,78,78,85,85,85,85,85,85,85,85,85,85,85,85,85,85,85,85,85,85,85,85,85],"card_choices":[{"not_picked":["Outmaneuver","Prepared"],"picked":"Backstab","floor":1.0},{"not_picked":["Deflect","Caltrops"],"picked":"Dagger Spray","floor":3.0},{"not_picked":["PiercingWail","Bane"],"picked":"Underhanded Strike","floor":5.0},{"not_picked":["Sucker Punch","Calculated Gamble"],"picked":"Footwork","floor":7.0},{"not_picked":["Infinite Blades","Predator"],"picked":"Dagger Throw","floor":8.0},{"not_picked":["Dagger Spray","Skewer"],"picked":"Phantasmal Killer","floor":10.0},{"not_picked":["Underhanded Strike","Eviscerate"],"picked":"Dodge and Roll+1","floor":11.0},{"not_picked":["PiercingWail+1","Escape Plan+1"],"picked":"Blur+1","floor":13.0},{"not_picked":["Skewer","Deflect+1"],"picked":"Prepared+1","floor":14.0},{"not_picked":["A Thousand Cuts","Night Terror+1"],"picked":"Bullet Time+1","floor":16.0},{"not_picked":["Dagger Throw","Caltrops","Flying Knee+1"],"picked":"SKIP","floor":18.0},{"not_picked":["Endless Agony","Sucker Punch","Poisoned Stab"],"picked":"SKIP","floor":20.0},{"not_picked":["Deadly Poison+1","All Out Attack"],"picked":"Acrobatics+1","floor":21.0},{"not_picked":["Deflect+1","Flying Knee"],"picked":"Backflip+1","floor":23.0},{"not_picked":["Slice","Bane"],"picked":"Outmaneuver+1","floor":24.0},{"not_picked":["Infinite Blades+1","Slice"],"picked":"Cloak And Dagger+1","floor":27.0},{"not_picked":["Deflect+1","Dodge and Roll+1"],"picked":"Malaise+1","floor":28.0},{"not_picked":["Dagger Throw","Sucker Punch"],"picked":"Noxious Fumes+1","floor":30.0},{"not_picked":["Dagger Throw+1","Flying Knee"],"picked":"PiercingWail+1","floor":32.0},{"not_picked":["Corpse Explosion+1","Die Die Die"],"picked":"After Image+1","floor":33.0},{"not_picked":["Acrobatics+1","Dagger Spray"],"picked":"Blade Dance+1","floor":35},{"not_picked":["Masterful Stab","Bane","Flechettes"],"picked":"SKIP","floor":36},{"not_picked":["Masterful Stab","Bane","Flechettes"],"picked":"SKIP","floor":36},{"not_picked":["Finisher","Infinite Blades+1"],"picked":"Dodge and Roll+1","floor":37},{"not_picked":["Slice+1","Blade Dance+1"],"picked":"Dodge and Roll+1","floor":39},{"not_picked":["Outmaneuver+1","Acrobatics+1"],"picked":"Tools of the Trade+1","floor":40},{"not_picked":["Setup+1","Riddle With Holes"],"picked":"Blur+1","floor":41},{"not_picked":["Distraction+1","Escape Plan+1"],"picked":"Deadly Poison+1","floor":42},{"not_picked":["Deadly Poison+1","Distraction+1"],"picked":"Acrobatics+1","floor":44},{"not_picked":["Backflip+1","Cloak And Dagger+1"],"picked":"Terror+1","floor":45},{"not_picked":["Poisoned Stab+1","Predator"],"picked":"Blade Dance+1","floor":46},{"not_picked":["Flying Knee","Underhanded Strike"],"picked":"Escape Plan+1","floor":49}],"player_experience":4050287,"relics_obtained":[{"floor":7.0,"key":"Matryoshka"},{"floor":9.0,"key":"Vajra"},{"floor":10.0,"key":"Toxic Egg 2"},{"floor":19.0,"key":"Dream Catcher"},{"floor":19.0,"key":"Oddly Smooth Stone"},{"floor":24.0,"key":"Pocketwatch"},{"floor":26.0,"key":"Frozen Egg 2"},{"floor":29.0,"key":"Shuriken"},{"floor":31.0,"key":"Strawberry"},{"floor":40,"key":"Turnip"},{"floor":42,"key":"Nunchaku"}],"event_choices":[{"cards_removed":["Strike_G"],"damage_healed":0.0,"max_hp_gain":0.0,"max_hp_loss":0.0,"gold_gain":0.0,"event_name":"The Cleric","player_choice":"Card Removal","floor":2.0,"gold_loss":75.0,"damage_taken":0.0},{"damage_healed":0.0,"max_hp_gain":0.0,"max_hp_loss":0.0,"gold_gain":0.0,"cards_transformed":["Defend_G"],"event_name":"Transmorgrifier","player_choice":"Transformed","floor":4.0,"gold_loss":0.0,"damage_taken":0.0,"cards_obtained":["Dagger Throw"]},{"damage_healed":0.0,"max_hp_gain":0.0,"max_hp_loss":0.0,"gold_gain":50.0,"event_name":"Golden Shrine","player_choice":"Pray","floor":25.0,"gold_loss":0.0,"damage_taken":0.0},{"damage_healed":0,"gold_gain":0,"cards_transformed":["Defend_G"],"player_choice":"Transformed","damage_taken":0,"max_hp_gain":0,"max_hp_loss":0,"event_name":"Transmorgrifier","floor":38,"gold_loss":0,"cards_obtained":["Sucker Punch"]},{"damage_healed":0,"gold_gain":0,"player_choice":"Memory 1","damage_taken":0,"max_hp_gain":0,"max_hp_loss":0,"event_name":"SensoryStone","floor":48,"gold_loss":0}],"is_beta":false,"boss_relics":[{"not_picked":["Lizard Tail","Coffee Dripper"],"picked":"White Beast Statue"},{"not_picked":["Astrolabe","Ring of the Serpent"],"picked":"Cursed Key"}],"items_purged_floors":[22],"is_endless":false,"potions_floor_spawned":[5,8,10,11,18,20,21,24,28,30,33,35,36,37,39,40,42,44,45,46],"ascension_level":20}