{"gold_per_floor":[112,129,145,156,156,156,179,198,225,225,240,265,265,286,286,410,410,426,404,429,528,528,528,552,577,600,619,619,632,704,727,727,727],"floor_reached":33,"playtime":2773,"items_purged":[],"score":247,"play_id":"fcd88c6d-93f0-404c-a4a7-8438077688d4","local_time":"20190320011930","is_ascension_mode":false,"campfire_choices":[{"floor":13,"key":"REST"},{"data":"Limit Break","floor":15,"key":"SMITH"},{"data":"Flex","floor":23,"key":"SMITH"},{"floor":28,"key":"REST"},{"floor":32,"key":"REST"}],"neow_cost":"NONE","seed_source_timestamp":0,"circlet_count":0,"master_deck":["Strike_R","Strike_R","Strike_R","Strike_R","Strike_R","Defend_R","Defend_R","Defend_R","Defend_R","Bash","Anger","Thunderclap","Whirlwind","Twin Strike","Armaments","Intimidate","Dropkick","Limit Break+1","Blood for Blood","Fiend Fire","Flex+1","Anger","Perfected Strike","Sword Boomerang","Entrench+1","Ghostly Armor+1","Armaments+1","Flex+1"],"special_seed":0,"relics":["Burning Blood","Golden Idol","Orichalcum","Sozu","StoneCalendar","Ancient Tea Set","Toxic Egg 2"],"potions_floor_usage":[16,33,33],"damage_taken":[{"damage":5.0,"enemies":"Cultist","floor":1.0,"turns":4.0},{"damage":1,"enemies":"Jaw Worm","floor":2,"turns":3},{"damage":5,"enemies":"Small Slimes","floor":3,"turns":3},{"damage":9,"enemies":"Exordium Wildlife","floor":4,"turns":4},{"damage":10,"enemies":"Large Slime","floor":7,"turns":6},{"damage":6,"enemies":"Blue Slaver","floor":8,"turns":4},{"damage":7,"enemies":"Exordium Wildlife","floor":11,"turns":4},{"damage":0,"enemies":"2 Fungi Beasts","floor":12,"turns":2},{"damage":0,"enemies":"3 Louse","floor":14,"turns":2},{"damage":42,"enemies":"Slime Boss","floor":16,"turns":16},{"damage":24,"enemies":"2 Thieves","floor":18,"turns":4},{"damage":8,"enemies":"Chosen","floor":20,"turns":4},{"damage":30,"enemies":"Snake Plant","floor":24,"turns":5},{"damage":32,"enemies":"Centurion and Healer","floor":25,"turns":5},{"damage":12,"enemies":"Snecko","floor":27,"turns":4},{"damage":26,"enemies":"Snake Plant","floor":29,"turns":3},{"damage":4,"enemies":"Chosen and Byrds","floor":31,"turns":6},{"damage":75,"enemies":"Automaton","floor":33,"turns":6}],"seed_played":"-7715990922649075927","potions_obtained":[{"floor":2,"key":"AttackPotion"},{"floor":3,"key":"BloodPotion"},{"floor":4,"key":"Swift Potion"},{"floor":12,"key":"Block Potion"}],"is_trial":false,"path_per_floor":["M","M","M","M","?","?","M","M","T","?","M","M","R","M","R","B",null,"M","$","M","?","T","R","M","M","T","M","R","M","T","M","R","B"],"character_chosen":"IRONCLAD","items_purchased":["Anger"],"campfire_rested":3,"item_purchase_floors":[19],"current_hp_per_floor":[88,88,88,85,90,67,63,63,63,63,62,68,93,93,93,57,93,75,75,73,73,73,73,49,23,23,17,44,24,24,26,53,0],"gold":727,"neow_bonus":"TEN_PERCENT_HP_BONUS","is_prod":false,"is_daily":false,"chose_seed":false,"campfire_upgraded":2,"win_rate":0.0,"timestamp":1553062770,"path_taken":["M","M","?","M","?","?","?","M","T","?","M","M","R","M","R","BOSS","M","$","M","?","?","R","M","M","T","M","R","M","?","M","R","BOSS"],"build_version":"2019-01-23","purchased_purges":0,"victory":false,"max_hp_per_floor":[88,88,88,88,93,93,93,93,93,93,93,93,93,93,93,93,93,93,93,93,93,93,93,93,93,93,93,93,93,93,93,93,93],"card_choices":[{"not_picked":["True Grit","Whirlwind"],"picked":"Anger","floor":1.0},{"not_picked":["Corruption","Fire Breathing"],"picked":"Thunderclap","floor":2},{"not_picked":["Reckless Charge","Power Through"],"picked":"Whirlwind","floor":3},{"not_picked":["Headbutt","Clothesline"],"picked":"Twin Strike","floor":4},{"not_picked":["Warcry","Feel No Pain"],"picked":"Armaments","floor":7},{"not_picked":["Rupture","Cleave"],"picked":"Intimidate","floor":8},{"not_picked":["Body Slam","Second Wind"],"picked":"Dropkick","floor":11},{"not_picked":["Reckless Charge","Cleave"],"picked":"Limit Break","floor":12},{"not_picked":["Metallicize","Thunderclap"],"picked":"Blood for Blood","floor":14},{"not_picked":["Demon Form","Reaper"],"picked":"Fiend Fire","floor":16},{"not_picked":["Cleave","Anger"],"picked":"Flex","floor":18},{"not_picked":["Fiend Fire","Thunderclap"],"picked":"Perfected Strike","floor":20},{"not_picked":["Clothesline","Clash"],"picked":"Sword Boomerang","floor":24},{"not_picked":["Rupture+1","Twin Strike+1"],"picked":"Entrench+1","floor":25},{"not_picked":["Entrench","Cleave"],"picked":"Ghostly Armor+1","floor":27},{"not_picked":["Entrench","Shrug It Off"],"picked":"Armaments+1","floor":29},{"not_picked":["Bloodletting+1","Infernal Blade+1"],"picked":"Flex+1","floor":31}],"player_experience":6649,"relics_obtained":[{"floor":9,"key":"Orichalcum"},{"floor":22,"key":"StoneCalendar"},{"floor":26,"key":"Ancient Tea Set"},{"floor":30,"key":"Toxic Egg 2"}],"event_choices":[{"damage_healed":0,"gold_gain":0,"player_choice":"Donut","damage_taken":0,"max_hp_gain":5,"max_hp_loss":0,"event_name":"Big Fish","floor":5,"gold_loss":0},{"damage_healed":0,"gold_gain":0,"player_choice":"Take Damage","damage_taken":23,"relics_obtained":["Golden Idol"],"max_hp_gain":0,"max_hp_loss":0,"event_name":"Golden Idol","floor":6,"gold_loss":0},{"damage_healed":0,"gold_gain":0,"player_choice":"Searched \u00270\u0027 times","damage_taken":0,"max_hp_gain":0,"max_hp_loss":0,"event_name":"Dead Adventurer","floor":10,"gold_loss":0},{"damage_healed":0,"gold_gain":99,"player_choice":"Stole From Cult","damage_taken":0,"max_hp_gain":0,"max_hp_loss":0,"event_name":"Nest","floor":21,"gold_loss":0}],"is_beta":false,"boss_relics":[{"not_picked":["Black Blood","Snecko Eye"],"picked":"Sozu"}],"items_purged_floors":[],"is_endless":false,"potions_floor_spawned":[2,3,4,12,14,18,29,31],"killed_by":"Automaton","ascension_level":0}