{"gold_per_floor":[113,127,144,144,158,188,188,88,159,159,159,173,173,185,185,185],"floor_reached":16,"playtime":442,"items_purged":["Strike_G"],"score":204,"play_id":"a800947a-239a-421c-90b9-f1dd0a5e38a6","local_time":"20190213002005","is_ascension_mode":true,"campfire_choices":[{"floor":7,"key":"REST"},{"data":"Envenom","floor":10,"key":"SMITH"},{"data":"A Thousand Cuts","floor":13,"key":"SMITH"},{"data":"Neutralize","floor":15,"key":"SMITH"}],"neow_cost":"NONE","seed_source_timestamp":1142986373781400,"circlet_count":0,"master_deck":["AscendersBane","Defend_G","Defend_G","Defend_G","Defend_G","Strike_G","Strike_G","Strike_G","Strike_G","Survivor","Neutralize+1","Flying Knee","Dagger Spray","Quick Slash","Backflip","Envenom+1","Heel Hook","Riddle With Holes","Cloak And Dagger","A Thousand Cuts+1","PiercingWail","Blade Dance","Blade Dance"],"relics":["Ring of the Snake","Prayer Wheel","Shuriken"],"potions_floor_usage":[6,6,16],"damage_taken":[{"damage":3,"enemies":"Small Slimes","floor":1,"turns":6},{"damage":4,"enemies":"Cultist","floor":2,"turns":4},{"damage":4,"enemies":"Jaw Worm","floor":3,"turns":4},{"damage":12,"enemies":"Exordium Thugs","floor":5,"turns":5},{"damage":33,"enemies":"Lagavulin","floor":6,"turns":9},{"damage":0,"enemies":"Large Slime","floor":12,"turns":4},{"damage":17,"enemies":"Gremlin Gang","floor":14,"turns":4},{"damage":0,"enemies":"Slime Boss","floor":16,"turns":4}],"seed_played":"-6590069872361650376","potions_obtained":[{"floor":3,"key":"AttackPotion"},{"floor":5,"key":"GamblersBrew"},{"floor":6,"key":"FearPotion"}],"is_trial":false,"path_per_floor":["M","M","M","?","M","E","R","$","T","R","?","M","R","M","R","B"],"character_chosen":"THE_SILENT","items_purchased":["Cloak And Dagger"],"campfire_rested":1,"item_purchase_floors":[8],"current_hp_per_floor":[56,52,48,48,36,3,22,22,22,22,22,22,22,5,5,5],"gold":185,"neow_bonus":"THREE_CARDS","is_prod":false,"is_daily":false,"chose_seed":false,"campfire_upgraded":3,"win_rate":0,"timestamp":1549984805,"path_taken":["M","M","M","?","M","E","R","$","T","R","?","M","R","M","R","BOSS"],"build_version":"2019-01-23","purchased_purges":1,"victory":false,"max_hp_per_floor":[66,66,66,66,66,66,66,66,66,66,66,66,66,66,66,66],"card_choices":[{"not_picked":["Well Laid Plans","Expertise"],"picked":"Flying Knee","floor":0},{"not_picked":["Bane","Outmaneuver"],"picked":"Dagger Spray","floor":1},{"not_picked":["Expertise","Blade Dance"],"picked":"Quick Slash","floor":2},{"not_picked":["Prepared","Acrobatics"],"picked":"Backflip","floor":3},{"not_picked":["Bouncing Flask","Calculated Gamble"],"picked":"Heel Hook","floor":5},{"not_picked":["PiercingWail","Blade Dance"],"picked":"Riddle With Holes","floor":6},{"not_picked":["Slice","PiercingWail"],"picked":"A Thousand Cuts","floor":12},{"not_picked":["Deadly Poison","Flying Knee"],"picked":"PiercingWail","floor":12},{"not_picked":["Bouncing Flask","Acrobatics"],"picked":"Blade Dance","floor":14},{"not_picked":["Sucker Punch","Deflect"],"picked":"Blade Dance","floor":14}],"player_experience":4274773,"relics_obtained":[{"floor":6,"key":"Prayer Wheel"},{"floor":9,"key":"Shuriken"}],"event_choices":[{"damage_healed":0,"gold_gain":0,"cards_transformed":["Defend_G"],"player_choice":"Change","damage_taken":0,"max_hp_gain":0,"max_hp_loss":0,"event_name":"Living Wall","floor":4,"gold_loss":0,"cards_obtained":["Envenom"]},{"damage_healed":0,"gold_gain":0,"player_choice":"Ignored","damage_taken":0,"max_hp_gain":0,"max_hp_loss":0,"event_name":"Liars Game","floor":11,"gold_loss":0}],"is_beta":false,"boss_relics":[],"items_purged_floors":[8],"is_endless":false,"potions_floor_spawned":[3,5,6],"killed_by":"Slime Boss","ascension_level":20}