{"gold_per_floor":[16,26,26,42,59,59,59,88,113,129,139,165,165,16,16,117,117,84,0,17,17,27,27,58,58,58,58,73,23,23,33,33,33],"floor_reached":33,"playtime":1986,"items_purged":["Pain"],"score":347,"play_id":"d2ae5e40-4b61-4363-9d80-45835263247c","local_time":"20190308231339","is_ascension_mode":true,"campfire_choices":[{"data":"Zap","floor":6,"key":"SMITH"},{"data":"Conserve Battery","floor":15,"key":"SMITH"},{"floor":23,"key":"REST"},{"floor":25,"key":"REST"},{"data":"Doom and Gloom","floor":27,"key":"SMITH"},{"data":"Go for the Eyes","floor":32,"key":"SMITH"}],"neow_cost":"NO_GOLD","seed_source_timestamp":465600566504100,"circlet_count":0,"master_deck":["Strike_B","Strike_B+1","Strike_B","Defend_B","Defend_B","Defend_B","Zap+1","Dualcast","Sunder","Self Repair","BootSequence","Undo","Go for the Eyes+1","Redo","Cold Snap+1","Auto Shields","Core Surge","Conserve Battery+1","Core Surge","Cold Snap+1","Streamline","Doom and Gloom+1","Aggregate","Shame","Barrage+1"],"relics":["Cracked Core","WarpedTongs","Odd Mushroom","Boot","Whetstone","PreservedInsect","Black Star","Smiling Mask","Regal Pillow","Bottled Flame","Bag of Preparation"],"potions_floor_usage":[8,8,12,16,24,33,33],"damage_taken":[{"damage":7,"enemies":"Jaw Worm","floor":1,"turns":3},{"damage":1,"enemies":"Cultist","floor":2,"turns":4},{"damage":2,"enemies":"2 Louse","floor":4,"turns":2},{"damage":4,"enemies":"2 Fungi Beasts","floor":5,"turns":3},{"damage":3,"enemies":"The Mushroom Lair","floor":8,"turns":3},{"damage":0,"enemies":"3 Louse","floor":10,"turns":2},{"damage":0,"enemies":"Looter","floor":11,"turns":2},{"damage":28,"enemies":"3 Sentries","floor":12,"turns":7},{"damage":22,"enemies":"The Guardian","floor":16,"turns":12},{"damage":21,"enemies":"2 Thieves","floor":18,"turns":5},{"damage":2,"enemies":"Chosen","floor":20,"turns":4},{"damage":27,"enemies":"Snecko","floor":22,"turns":6},{"damage":27,"enemies":"Book of Stabbing","floor":24,"turns":5},{"damage":4,"enemies":"Chosen and Byrds","floor":28,"turns":6},{"damage":11,"enemies":"Shelled Parasite and Fungi","floor":31,"turns":6},{"damage":111,"enemies":"Automaton","floor":33,"turns":12}],"seed_played":"4062441975770947022","potions_obtained":[{"floor":2,"key":"Poison Potion"},{"floor":4,"key":"Poison Potion"},{"floor":5,"key":"Poison Potion"},{"floor":10,"key":"Swift Potion"},{"floor":22,"key":"FearPotion"},{"floor":24,"key":"Block Potion"},{"floor":28,"key":"AttackPotion"}],"is_trial":false,"path_per_floor":["M","M","?","M","M","R","$","?","T","M","M","E","?","$","R","B",null,"M","?","M","?","M","R","E","R","T","R","M","$","?","M","R","B"],"character_chosen":"DEFECT","items_purchased":["PreservedInsect"],"campfire_rested":2,"item_purchase_floors":[14],"current_hp_per_floor":[68,74,74,75,75,75,75,75,75,75,75,54,54,54,54,39,66,55,55,60,60,40,62,35,72,72,72,75,75,75,71,71,0],"gold":33,"neow_bonus":"TRANSFORM_TWO_CARDS","is_prod":false,"is_daily":false,"chose_seed":false,"campfire_upgraded":4,"win_rate":0,"timestamp":1552083219,"path_taken":["M","M","?","M","?","R","$","?","T","M","M","E","?","$","R","BOSS","M","?","M","?","M","R","E","R","T","R","M","$","?","M","R","BOSS"],"build_version":"2019-01-23","purchased_purges":1,"victory":false,"max_hp_per_floor":[75,75,75,75,75,75,75,75,75,75,75,75,75,75,75,75,75,75,75,75,75,75,75,75,75,75,75,75,75,75,75,75,75],"card_choices":[{"not_picked":["Stack","Compile Driver"],"picked":"BootSequence","floor":1},{"not_picked":["Hologram","Cold Snap"],"picked":"Undo","floor":2},{"not_picked":["Gash","Lockon"],"picked":"Go for the Eyes","floor":4},{"not_picked":["BootSequence","Coolheaded"],"picked":"Redo","floor":5},{"not_picked":["Steam","Rip and Tear"],"picked":"Cold Snap","floor":8},{"not_picked":["Rebound","Steam"],"picked":"Auto Shields","floor":10},{"not_picked":["Beam Cell","Consume"],"picked":"Core Surge","floor":11},{"not_picked":["Hologram","Storm"],"picked":"Conserve Battery","floor":12},{"not_picked":["Thunder Strike","Amplify"],"picked":"Core Surge","floor":16},{"not_picked":["Reinforced Body","Compile Driver"],"picked":"Cold Snap+1","floor":18},{"not_picked":["Coolheaded+1","Stack"],"picked":"Streamline","floor":20},{"not_picked":["Meteor Strike","Steam Power"],"picked":"Doom and Gloom","floor":22},{"not_picked":["BootSequence","Recycle","Barrage"],"picked":"SKIP","floor":24},{"not_picked":["Conserve Battery+1","Ball Lightning"],"picked":"Aggregate","floor":28},{"not_picked":["Rebound","Aggregate"],"picked":"Barrage+1","floor":31}],"player_experience":554303,"relics_obtained":[{"floor":8,"key":"Odd Mushroom"},{"floor":9,"key":"Boot"},{"floor":12,"key":"Whetstone"},{"floor":24,"key":"Smiling Mask"},{"floor":24,"key":"Regal Pillow"},{"floor":26,"key":"Bottled Flame"}],"event_choices":[{"damage_healed":0,"gold_gain":0,"player_choice":"Rummage","damage_taken":0,"relics_obtained":["WarpedTongs"],"max_hp_gain":0,"max_hp_loss":0,"event_name":"Accursed Blacksmith","floor":3,"gold_loss":0,"cards_obtained":["Pain"]},{"damage_healed":0,"gold_gain":0,"player_choice":"Fought Mushrooms","damage_taken":0,"max_hp_gain":0,"max_hp_loss":0,"event_name":"Mushrooms","floor":8,"gold_loss":0},{"damage_healed":0,"gold_gain":0,"player_choice":"Ignored","damage_taken":0,"max_hp_gain":0,"max_hp_loss":0,"event_name":"Golden Idol","floor":13,"gold_loss":0},{"damage_healed":0,"gold_gain":0,"player_choice":"Paid Fearfully","damage_taken":0,"max_hp_gain":0,"max_hp_loss":0,"event_name":"Masked Bandits","floor":19,"gold_loss":84},{"damage_healed":0,"gold_gain":0,"player_choice":"Ignored","damage_taken":0,"max_hp_gain":0,"max_hp_loss":0,"event_name":"Ghosts","floor":21,"gold_loss":0},{"damage_healed":0,"gold_gain":0,"player_choice":"Stole Relic","damage_taken":0,"relics_obtained":["Bag of Preparation"],"max_hp_gain":0,"max_hp_loss":0,"event_name":"Addict","floor":30,"gold_loss":0,"cards_obtained":["Shame"]}],"is_beta":false,"boss_relics":[{"not_picked":["Inserter","FrozenCore"],"picked":"Black Star"}],"items_purged_floors":[29],"is_endless":false,"potions_floor_spawned":[2,4,5,10,22,24,28],"killed_by":"Automaton","ascension_level":6}