{"path_per_floor":["M","M","?","M","$","R","M","$","T","R","M","?","R","M","R","B",null,"M","M","?","M","M","R","?","$","T","?","M","M","R","M","R","B",null,"M","$","M","T","?","R","M","M","T","M","M","$","M","$","R","B"],"character_chosen":"THE_SILENT","items_purchased":["Footwork","Footwork","Prepared","Backstab"],"gold_per_floor":[115,132,132,146,72,72,83,8,8,8,26,26,26,38,38,133,133,152,62,62,78,89,89,14,14,14,14,34,45,45,56,56,151,181,199,99,110,110,110,110,129,147,147,159,171,45,65,26,26,26],"floor_reached":51,"campfire_rested":0,"playtime":6588,"current_hp_per_floor":[67,67,60,60,60,60,60,60,60,60,57,57,57,47,47,9,70,58,48,48,43,49,49,49,49,49,49,35,49,49,49,49,49,54,54,54,54,54,54,54,46,54,54,54,48,48,54,54,54,52],"items_purged":["Strike_G","Defend_G"],"gold":26,"play_id":"ad845a38-8bdf-4829-b9c0-4c29e030839b","is_prod":false,"is_daily":false,"is_ascension_mode":true,"campfire_upgraded":9,"path_taken":["M","M","?","M","$","R","M","$","T","R","?","?","R","M","R","BOSS","M","M","?","M","?","R","?","$","T","?","M","M","R","M","R","BOSS","M","?","?","?","?","R","M","M","T","M","M","?","M","$","R","BOSS"],"build_version":"2018-01-25-PROD2","purchased_purges":2,"victory":true,"master_deck":["Defend_G","Defend_G","Defend_G","Survivor","Neutralize+1","Dagger Spray","Calculated Gamble+1","Blur","Footwork+1","Footwork+1","Slice","Noxious Fumes+1","Tools of the Trade","PiercingWail","Adrenaline+1","Dodge and Roll+1","Slice","Bite_G","Bite_G","Bite_G","Bite_G","Bite_G","Outmaneuver+1","Leg Sweep","Outmaneuver+1","Dagger Spray","Backflip","Dagger Throw","After Image+1","Acrobatics+1","Prepared","Deflect","Escape Plan+1","Footwork+1","Endless Agony","Footwork","Prepared","Poisoned Stab+1","Backstab"],"max_hp_per_floor":[70,70,70,70,70,70,70,70,70,70,70,70,70,70,70,70,70,70,70,49,49,49,49,49,49,49,49,49,49,49,49,49,49,54,54,54,54,54,54,54,54,54,54,54,54,54,54,54,54,54],"relics":["Ring of the Snake","Prayer Wheel","Paper Crane","Lizard Tail","Unceasing Top","Tiny House","Mummified Hand","Ancient Tea Set"],"card_choices":[{"not_picked":["Bane","Flying Knee"],"picked":"Dagger Spray"},{"not_picked":["Bane","Noxious Fumes"],"picked":"Calculated Gamble"},{"not_picked":["Bane","Acrobatics"],"picked":"Blur"},{"not_picked":["Dodge and Roll","Dagger Throw"],"picked":"Footwork"},{"not_picked":["Quick Slash","Flechettes"],"picked":"Slice"},{"not_picked":["Phantasmal Killer","Masterful Stab"],"picked":"Noxious Fumes"},{"not_picked":["Finisher","Dagger Spray"],"picked":"PiercingWail"},{"not_picked":["Bullet Time","Unload"],"picked":"Adrenaline"},{"not_picked":["Crippling Poison","Distraction"],"picked":"Dodge and Roll"},{"not_picked":["Distraction","Deadly Poison"],"picked":"Slice"},{"not_picked":["Heel Hook","Flying Knee"],"picked":"Outmaneuver"},{"not_picked":["Crippling Poison","Flying Knee"],"picked":"Leg Sweep"},{"not_picked":["Bane","Catalyst"],"picked":"Outmaneuver"},{"not_picked":["Bane","Dagger Throw"],"picked":"Dagger Spray"},{"not_picked":["Night Terror","Heel Hook"],"picked":"Backflip"},{"not_picked":["Flechettes","Flying Knee"],"picked":"Dagger Throw"},{"not_picked":["Doppelganger","Wraith Form"],"picked":"After Image"},{"not_picked":["PiercingWail","Endless Agony"],"picked":"Acrobatics"},{"not_picked":["Bane","Poisoned Stab"],"picked":"Prepared"},{"not_picked":["Backflip","Flechettes"],"picked":"Deflect"},{"not_picked":["Eviscerate","Burst"],"picked":"Escape Plan"},{"not_picked":["Masterful Stab","Quick Slash"],"picked":"Footwork"},{"not_picked":["Flechettes","Malaise"],"picked":"Endless Agony"},{"not_picked":["Backflip","Choke"],"picked":"Poisoned Stab"}],"player_experience":29876,"potions_floor_usage":[7,28,50,50],"damage_taken":[{"damage":3,"enemies":"Jaw Worm","floor":1,"turns":9},{"damage":0,"enemies":"2 Louse","floor":2,"turns":3},{"damage":0,"enemies":"Blue Slaver","floor":4,"turns":5},{"damage":0,"enemies":"Looter","floor":7,"turns":5},{"damage":3,"enemies":"3 Louse","floor":11,"turns":5},{"damage":10,"enemies":"Gremlin Gang","floor":14,"turns":4},{"damage":38,"enemies":"Slime Boss","floor":16,"turns":18},{"damage":12,"enemies":"3 Byrds","floor":18,"turns":7},{"damage":10,"enemies":"2 Thieves","floor":19,"turns":5},{"damage":16,"enemies":"3 Cultists","floor":21,"turns":8},{"damage":3,"enemies":"Snake Plant","floor":22,"turns":8},{"damage":24,"enemies":"Chosen and Byrds","floor":28,"turns":9},{"damage":11,"enemies":"Centurion and Healer","floor":29,"turns":10},{"damage":0,"enemies":"3 Cultists","floor":31,"turns":6},{"damage":16,"enemies":"Collector","floor":33,"turns":17},{"damage":2,"enemies":"Orb Walker","floor":35,"turns":6},{"damage":5,"enemies":"3 Darklings","floor":37,"turns":8},{"damage":18,"enemies":"Sphere and 2 Shapes","floor":41,"turns":7},{"damage":0,"enemies":"Maw","floor":42,"turns":13},{"damage":2,"enemies":"3 Darklings","floor":44,"turns":8},{"damage":12,"enemies":"4 Shapes","floor":45,"turns":7},{"damage":0,"enemies":"Maw","floor":47,"turns":10},{"damage":32,"enemies":"Awakened One","floor":50,"turns":24}],"event_choices":[{"event_name":"Scrap Ooze","player_choice":"success","floor":3,"damage_taken":7},{"event_name":"Living Wall","player_choice":"Change","floor":12,"damage_taken":0},{"event_name":"Vampires","player_choice":"Became a vampire","floor":20,"damage_taken":0},{"event_name":"Beggar","player_choice":"Gave Gold","floor":24,"damage_taken":0},{"event_name":"Drug Dealer","player_choice":"Ignored","floor":27,"damage_taken":0},{"event_name":"Upgrade Shrine","player_choice":"Upgraded","floor":39,"damage_taken":0}],"boss_relics":[{"not_picked":["Orrery","Velvet Choker"],"picked":"Lizard Tail"},{"not_picked":["The Specimen","Eternal Feather"],"picked":"Tiny House"}],"potions_floor_spawned":[4,16,22,29,37,41,42,44],"seed_played":"4622862045588797326","ascension_level":1,"is_trial":false}