{"gold_per_floor":[110,123,136,151,170,170,190,190],"floor_reached":8,"playtime":280,"items_purged":[],"score":104,"play_id":"b2464c8e-21c0-4bd9-8dd8-e638efea6ce6","local_time":"20190204001005","is_ascension_mode":true,"campfire_choices":[{"data":"Deadly Poison","floor":6,"key":"SMITH"}],"neow_cost":"NONE","seed_source_timestamp":364940499050400,"circlet_count":0,"master_deck":["AscendersBane","Defend_G","Defend_G","Defend_G","Defend_G","Defend_G","Strike_G","Strike_G","Strike_G","Strike_G","Strike_G","Survivor","Neutralize","Deadly Poison+1","Sucker Punch","Infinite Blades","Cloak And Dagger","Infinite Blades","Backflip"],"relics":["Ring of the Snake"],"potions_floor_usage":[8],"damage_taken":[{"damage":0,"enemies":"Jaw Worm","floor":1,"turns":4},{"damage":2,"enemies":"2 Louse","floor":2,"turns":4},{"damage":4,"enemies":"Small Slimes","floor":3,"turns":4},{"damage":0,"enemies":"Looter","floor":4,"turns":4},{"damage":19,"enemies":"Exordium Thugs","floor":5,"turns":7},{"damage":17,"enemies":"Gremlin Gang","floor":7,"turns":5},{"damage":5,"enemies":"Gremlin Nob","floor":8,"turns":3}],"seed_played":"-6525418275578643664","potions_obtained":[{"floor":2,"key":"SteroidPotion"},{"floor":4,"key":"SteroidPotion"}],"is_trial":false,"path_per_floor":["M","M","M","M","M","R","M","E"],"character_chosen":"THE_SILENT","items_purchased":[],"campfire_rested":0,"item_purchase_floors":[],"current_hp_per_floor":[65,63,59,59,40,40,23,18],"gold":190,"neow_bonus":"TEN_PERCENT_HP_BONUS","is_prod":false,"is_daily":false,"chose_seed":false,"campfire_upgraded":1,"win_rate":0,"timestamp":1549206605,"path_taken":["M","M","M","M","M","R","M","E"],"build_version":"2019-01-23","purchased_purges":0,"victory":false,"max_hp_per_floor":[72,72,72,72,72,72,72,72],"card_choices":[{"not_picked":["Cloak And Dagger","Underhanded Strike"],"picked":"Deadly Poison","floor":1},{"not_picked":["Night Terror","Dodge and Roll"],"picked":"Sucker Punch","floor":2},{"not_picked":["Escape Plan","Tactician"],"picked":"Infinite Blades","floor":3},{"not_picked":["Reflex","Distraction"],"picked":"Cloak And Dagger","floor":4},{"not_picked":["Riddle With Holes","Sucker Punch"],"picked":"Infinite Blades","floor":5},{"not_picked":["Dodge and Roll","Calculated Gamble"],"picked":"Backflip","floor":7}],"player_experience":4202872,"relics_obtained":[],"event_choices":[],"is_beta":false,"boss_relics":[],"items_purged_floors":[],"is_endless":false,"potions_floor_spawned":[2,4,5,7],"killed_by":"Gremlin Nob","ascension_level":20}