{"gold_per_floor":[367,367,2,13,30,30,43,60,60,15,34,53,53],"floor_reached":13,"playtime":744,"items_purged":["Strike_G"],"score":95,"play_id":"e3f5ecad-48fb-4334-8240-cabd1cbe02d8","local_time":"20190323220614","is_ascension_mode":true,"campfire_choices":[{"data":"Neutralize","floor":6,"key":"SMITH"}],"neow_cost":"PERCENT_DAMAGE","seed_source_timestamp":34343986865517,"circlet_count":0,"master_deck":["Defend_G","Defend_G","Defend_G","Defend_G","Defend_G","Strike_G","Strike_G","Strike_G","Strike_G","Survivor","Neutralize+1","Leg Sweep","Underhanded Strike","Deadly Poison","Crippling Poison","Burst","Deadly Poison+1","Caltrops","Leg Sweep+1"],"relics":["Ring of the Snake","Ice Cream","Toxic Egg 2"],"potions_floor_usage":[7,11,13],"damage_taken":[{"damage":3,"enemies":"2 Louse","floor":1,"turns":3},{"damage":0,"enemies":"Cultist","floor":4,"turns":6},{"damage":0,"enemies":"Small Slimes","floor":5,"turns":4},{"damage":19,"enemies":"Gremlin Gang","floor":7,"turns":6},{"damage":0,"enemies":"Large Slime","floor":8,"turns":6},{"damage":1,"enemies":"Exordium Wildlife","floor":11,"turns":5},{"damage":11,"enemies":"Looter","floor":12,"turns":3},{"damage":15,"enemies":"3 Sentries","floor":13,"turns":5}],"seed_played":"4631705549531229017","potions_obtained":[{"floor":1,"key":"Block Potion"},{"floor":4,"key":"PowerPotion"},{"floor":12,"key":"Poison Potion"}],"is_trial":false,"path_per_floor":["M","?","$","M","M","R","M","M","T","$","M","M","E"],"character_chosen":"THE_SILENT","items_purchased":["Ice Cream","Deadly Poison+1"],"campfire_rested":0,"item_purchase_floors":[3,10],"current_hp_per_floor":[46,46,46,46,46,46,27,27,27,27,26,15,0],"gold":53,"neow_bonus":"TWO_FIFTY_GOLD","is_prod":false,"is_daily":false,"chose_seed":false,"campfire_upgraded":1,"win_rate":0,"timestamp":1553346374,"path_taken":["M","?","?","M","?","R","M","M","T","$","M","?","E"],"build_version":"2019-01-23","purchased_purges":1,"victory":false,"max_hp_per_floor":[70,70,70,70,70,70,70,70,70,70,70,70,70],"card_choices":[{"not_picked":["Deflect","Quick Slash"],"picked":"Leg Sweep","floor":1},{"not_picked":["PiercingWail","Predator"],"picked":"Underhanded Strike","floor":4},{"not_picked":["Blade Dance","Dodge and Roll"],"picked":"Deadly Poison","floor":5},{"not_picked":["Prepared","Endless Agony"],"picked":"Crippling Poison","floor":7},{"not_picked":["Cloak And Dagger","Acrobatics"],"picked":"Burst","floor":8},{"not_picked":["Underhanded Strike","Dodge and Roll+1"],"picked":"Caltrops","floor":11},{"not_picked":["Outmaneuver+1","Quick Slash"],"picked":"Leg Sweep+1","floor":12}],"player_experience":538686,"relics_obtained":[{"floor":9,"key":"Toxic Egg 2"}],"event_choices":[{"damage_healed":0,"gold_gain":0,"player_choice":"Bought 0 Potions","damage_taken":0,"max_hp_gain":0,"max_hp_loss":0,"event_name":"The Woman in Blue","floor":2,"gold_loss":0}],"is_beta":false,"boss_relics":[],"items_purged_floors":[3],"is_endless":false,"potions_floor_spawned":[1,4,12],"killed_by":"3 Sentries","ascension_level":4}