{"gold_per_floor":[115,115,132,147,43,43,56,56,106,106,145,145,170,213,213,308,308,323,133,133,157,157,157,191,211,263,106,131,90,90,90,90,90],"floor_reached":33,"playtime":1091,"items_purged":["Regret","Strike_R"],"score":550,"play_id":"1efa731b-3021-465f-aa1e-b34ea1dc8570","local_time":"20190315171149","is_ascension_mode":true,"campfire_choices":[{"data":"Armaments","floor":6.0,"key":"SMITH"},{"floor":15.0,"key":"REST"},{"floor":23.0,"key":"REST"},{"floor":30.0,"key":"REST"},{"data":"Whirlwind","floor":32.0,"key":"SMITH"}],"neow_cost":"NONE","seed_source_timestamp":232023142984500,"circlet_count":0,"master_deck":["AscendersBane","Strike_R","Strike_R","Strike_R","Defend_R+1","Defend_R","Defend_R","Defend_R","Bash","Trip","Uppercut","Spot Weakness+1","Warcry","Armaments+1","Whirlwind+1","Sword Boomerang","Offering","Feed","Flash of Steel","Whirlwind+1","Dual Wield","Rage+1","Metallicize"],"special_seed":0,"relics":["Burning Blood","Red Skull","Golden Idol","Lantern","War Paint","Paper Frog","Torii","Busted Crown","Pen Nib","Vajra","Boot"],"potions_floor_usage":[],"damage_taken":[{"damage":7.0,"enemies":"2 Louse","floor":1.0,"turns":4.0},{"damage":13.0,"enemies":"Small Slimes","floor":3.0,"turns":3.0},{"damage":1.0,"enemies":"Cultist","floor":4.0,"turns":3.0},{"damage":14.0,"enemies":"Exordium Thugs","floor":7.0,"turns":4.0},{"damage":11.0,"enemies":"Gremlin Nob","floor":11.0,"turns":3.0},{"damage":9.0,"enemies":"Blue Slaver","floor":13.0,"turns":3.0},{"damage":22.0,"enemies":"3 Sentries","floor":14.0,"turns":4.0},{"damage":32.0,"enemies":"The Guardian","floor":16.0,"turns":9.0},{"damage":25.0,"enemies":"Spheric Guardian","floor":18.0,"turns":5.0},{"damage":17.0,"enemies":"2 Thieves","floor":21.0,"turns":2.0},{"damage":25.0,"enemies":"Book of Stabbing","floor":24.0,"turns":4.0},{"damage":0.0,"enemies":"Snake Plant","floor":25.0,"turns":2.0},{"damage":9.0,"enemies":"Centurion and Healer","floor":28.0,"turns":2.0},{"damage":0.0,"enemies":"Snecko","floor":31.0,"turns":1.0},{"damage":87,"enemies":"Champ","floor":33,"turns":6}],"seed_played":"684369521133749530","potions_obtained":[{"floor":1.0,"key":"SmokeBomb"},{"floor":4.0,"key":"SpeedPotion"},{"floor":18.0,"key":"SteroidPotion"},{"floor":21.0,"key":"AttackPotion"}],"is_trial":false,"path_per_floor":["M","?","M","M","$","R","M","?","T","?","E","?","M","E","R","B",null,"M","$","?","M","?","R","E","M","T","$","M","$","R","M","R","B"],"character_chosen":"IRONCLAD","items_purchased":["Armaments","Flash of Steel","Boot","Metallicize"],"campfire_rested":3,"item_purchase_floors":[5,19,27,29],"current_hp_per_floor":[67,67,60,65,65,65,57,57,57,39,34,34,31,15,35,9,53,38,38,38,30,30,52,33,39,39,39,36,36,58,64,64,0],"gold":90,"neow_bonus":"RANDOM_COLORLESS","is_prod":false,"is_daily":false,"chose_seed":false,"campfire_upgraded":2,"win_rate":0,"timestamp":1552684309,"path_taken":["M","?","M","M","$","R","M","?","T","?","E","?","M","E","R","BOSS","M","$","?","?","?","R","E","M","T","?","M","$","R","M","R","BOSS"],"build_version":"2019-02-06","purchased_purges":2,"victory":false,"max_hp_per_floor":[75,75,75,75,75,75,75,68,68,68,68,68,68,68,68,68,68,72,72,72,75,75,75,75,75,75,75,75,75,75,75,75,75],"card_choices":[{"not_picked":["Clash","Fire Breathing"],"picked":"Uppercut","floor":1.0},{"not_picked":["Flex","Clash"],"picked":"Spot Weakness","floor":3.0},{"not_picked":["Wild Strike","Searing Blow"],"picked":"Warcry","floor":4.0},{"not_picked":["Combust","Wild Strike","Clash"],"picked":"SKIP","floor":7.0},{"not_picked":["True Grit","Metallicize"],"picked":"Whirlwind","floor":11.0},{"not_picked":["True Grit","Havoc"],"picked":"Sword Boomerang","floor":13.0},{"not_picked":["Disarm","Flex"],"picked":"Offering","floor":14.0},{"not_picked":["Berserk","Immolate"],"picked":"Feed","floor":16.0},{"not_picked":["Clash"],"picked":"SKIP","floor":18.0},{"not_picked":[],"picked":"Whirlwind+1","floor":21.0},{"not_picked":["Whirlwind"],"picked":"SKIP","floor":24.0},{"not_picked":["Armaments"],"picked":"SKIP","floor":25.0},{"not_picked":[],"picked":"Rage+1","floor":28.0}],"player_experience":662991,"relics_obtained":[{"floor":9.0,"key":"Lantern"},{"floor":11.0,"key":"Paper Frog"},{"floor":14.0,"key":"Torii"},{"floor":24.0,"key":"Pen Nib"},{"floor":26.0,"key":"Vajra"}],"event_choices":[{"damage_healed":0.0,"max_hp_gain":0.0,"max_hp_loss":0.0,"gold_gain":0.0,"event_name":"Big Fish","player_choice":"Box","floor":2.0,"gold_loss":0.0,"damage_taken":0.0,"relics_obtained":["Red Skull"],"cards_obtained":["Regret"]},{"damage_healed":0.0,"max_hp_gain":0.0,"max_hp_loss":7.0,"gold_gain":0.0,"event_name":"Golden Idol","player_choice":"Lose Max HP","floor":8.0,"gold_loss":0.0,"damage_taken":0.0,"relics_obtained":["Golden Idol"]},{"damage_healed":0.0,"max_hp_gain":0.0,"max_hp_loss":0.0,"gold_gain":0.0,"event_name":"Scrap Ooze","player_choice":"Success","floor":10.0,"gold_loss":0.0,"damage_taken":18.0,"relics_obtained":["War Paint"]},{"damage_healed":0.0,"max_hp_gain":0.0,"max_hp_loss":0.0,"gold_gain":0.0,"event_name":"Lab","player_choice":"Got Potions","floor":12.0,"gold_loss":0.0,"damage_taken":0.0},{"damage_healed":0.0,"max_hp_gain":0.0,"max_hp_loss":0.0,"gold_gain":0.0,"event_name":"N\u0027loth","player_choice":"Ignored","floor":20.0,"gold_loss":0.0,"damage_taken":0.0},{"damage_healed":0.0,"max_hp_gain":0.0,"max_hp_loss":0.0,"gold_gain":0.0,"cards_transformed":["Strike_R"],"event_name":"Transmorgrifier","player_choice":"Transformed","floor":22.0,"gold_loss":0.0,"damage_taken":0.0,"cards_obtained":["Dual Wield"]}],"is_beta":true,"boss_relics":[{"not_picked":["Astrolabe","Runic Cube"],"picked":"Busted Crown"}],"items_purged_floors":[5,19],"is_endless":false,"potions_floor_spawned":[1,4,14,18,21,31],"killed_by":"Champ","ascension_level":20}