{"gold_per_floor":[114,128,128,12,12,41,41,66,89,89,89,89,107,32,32,110,110,130,130,145,70,85,85,96,146,146,18,18,18,18,30,30,30],"floor_reached":33,"playtime":1158,"items_purged":["Regret","Strike_R"],"score":552,"play_id":"ebbb2998-ac99-4969-bcba-d515d8abcc19","local_time":"20181113000051","is_ascension_mode":true,"campfire_choices":[{"floor":7.0,"key":"DIG"},{"floor":10.0,"key":"DIG"},{"data":"Demon Form","floor":15.0,"key":"SMITH"},{"floor":23.0,"key":"DIG"},{"floor":28.0,"key":"DIG"},{"floor":32.0,"key":"DIG"}],"neow_cost":"NONE","seed_source_timestamp":0,"circlet_count":0,"master_deck":["AscendersBane","Strike_R","Strike_R","Strike_R","Defend_R","Defend_R","Defend_R","Defend_R","Bash","Rampage","Feel No Pain","True Grit","Clothesline","Demon Form+1","Shrug It Off","Immolate+1","Pummel","Cleave","Headbutt","Ghostly+1","Ghostly+1","Ghostly+1"],"special_seed":0,"relics":["Burning Blood","NeowsBlessing","Dream Catcher","Shovel","Matryoshka","Blue Candle","Strawberry","Blood Vial","Darkstone Periapt","Oddly Smooth Stone","Sozu","Singing Bowl","Toxic Egg 2","Nunchaku","Happy Flower","Bronze Scales"],"potions_floor_usage":[],"damage_taken":[{"damage":0.0,"enemies":"Small Slimes","floor":1.0,"turns":1.0},{"damage":0.0,"enemies":"Jaw Worm","floor":2.0,"turns":1.0},{"damage":0.0,"enemies":"Gremlin Nob","floor":6.0,"turns":1.0},{"damage":14.0,"enemies":"3 Sentries","floor":8.0,"turns":12.0},{"damage":3.0,"enemies":"2 Louse","floor":13.0,"turns":3.0},{"damage":57.0,"enemies":"Slime Boss","floor":16.0,"turns":8.0},{"damage":6.0,"enemies":"Chosen","floor":18.0,"turns":5.0},{"damage":12.0,"enemies":"Spheric Guardian","floor":20.0,"turns":5.0},{"damage":30.0,"enemies":"Cultist and Chosen","floor":22.0,"turns":8.0},{"damage":8.0,"enemies":"Centurion and Healer","floor":24.0,"turns":6.0},{"damage":5.0,"enemies":"Sentry and Sphere","floor":31.0,"turns":4.0},{"damage":0,"enemies":"Collector","floor":33,"turns":1}],"seed_played":"-5447555277527809528","potions_obtained":[{"floor":2.0,"key":"FearPotion"},{"floor":6.0,"key":"Explosive Potion"}],"is_trial":false,"path_per_floor":["M","M","?","$","?","E","R","E","T","R","?","?","M","$","R","B",null,"M","?","M","?","M","R","M","?","T","$","R","$","?","M","R","B"],"character_chosen":"IRONCLAD","items_purchased":["True Grit","Clothesline","Headbutt"],"campfire_rested":0,"item_purchase_floors":[4,4,27],"current_hp_per_floor":[74,75,68,68,63,69,69,61,68,68,74,80,85,85,85,36,80,82,82,78,78,56,56,58,58,58,58,58,58,48,50,50,50],"gold":30,"neow_bonus":"THREE_ENEMY_KILL","is_prod":false,"is_daily":false,"chose_seed":false,"campfire_upgraded":1,"win_rate":0,"timestamp":1542085251,"path_taken":["M","M","?","$","?","E","R","E","T","R","?","?","?","$","R","BOSS","M","?","?","?","M","R","M","?","T","$","R","?","?","M","R","BOSS"],"build_version":"2018-11-08","purchased_purges":2,"victory":false,"max_hp_per_floor":[75,75,75,75,75,75,75,75,82,82,88,94,94,94,94,94,94,94,94,94,94,94,94,96,96,96,96,96,96,48,50,50,50],"card_choices":[{"not_picked":["Flex","Reckless Charge"],"picked":"Rampage","floor":1.0},{"not_picked":["Clothesline","Thunderclap"],"picked":"Feel No Pain","floor":2.0},{"not_picked":["Body Slam","Havoc","Sentinel"],"picked":"SKIP","floor":6.0},{"not_picked":["Armaments","Inflame"],"picked":"Demon Form","floor":8.0},{"not_picked":["Blood for Blood","Thunderclap"],"picked":"Shrug It Off","floor":13.0},{"not_picked":["Feed","Impervious"],"picked":"Immolate","floor":16.0},{"not_picked":["Pommel Strike","Wild Strike","Sever Soul"],"picked":"SKIP","floor":18.0},{"not_picked":["Sword Boomerang","Rupture"],"picked":"Pummel","floor":20.0},{"not_picked":["Body Slam","Twin Strike"],"picked":"Cleave","floor":22.0},{"not_picked":["Heavy Blade","Rage","Metallicize+1"],"picked":"Singing Bowl","floor":24.0},{"not_picked":["Searing Blow","Dropkick","Headbutt"],"picked":"Singing Bowl","floor":31.0}],"player_experience":802272,"relics_obtained":[{"floor":6.0,"key":"Shovel"},{"floor":7.0,"key":"Matryoshka"},{"floor":8.0,"key":"Blue Candle"},{"floor":9.0,"key":"Strawberry"},{"floor":9.0,"key":"Blood Vial"},{"floor":10.0,"key":"Darkstone Periapt"},{"floor":23.0,"key":"Singing Bowl"},{"floor":26.0,"key":"Toxic Egg 2"},{"floor":26.0,"key":"Nunchaku"},{"floor":28.0,"key":"Happy Flower"},{"floor":32.0,"key":"Bronze Scales"}],"event_choices":[{"cards_removed":["Strike_R"],"damage_healed":0.0,"max_hp_gain":0.0,"max_hp_loss":0.0,"gold_gain":0.0,"event_name":"Golden Wing","player_choice":"Card Removal","floor":3.0,"gold_loss":0.0,"damage_taken":7.0},{"damage_healed":0.0,"max_hp_gain":0.0,"max_hp_loss":0.0,"gold_gain":0.0,"event_name":"Scrap Ooze","player_choice":"Success","floor":5.0,"gold_loss":0.0,"damage_taken":5.0,"relics_obtained":["Dream Catcher"]},{"damage_healed":0.0,"max_hp_gain":0.0,"max_hp_loss":0.0,"gold_gain":0.0,"event_name":"Big Fish","player_choice":"Box","floor":11.0,"gold_loss":0.0,"damage_taken":0.0,"relics_obtained":["Oddly Smooth Stone"],"cards_obtained":["Regret"]},{"damage_healed":0.0,"max_hp_gain":0.0,"max_hp_loss":0.0,"gold_gain":0.0,"event_name":"Wheel of Change","player_choice":"Cursed","floor":12.0,"gold_loss":0.0,"damage_taken":0.0,"cards_obtained":["Decay"]},{"damage_healed":0.0,"max_hp_gain":0.0,"max_hp_loss":0.0,"gold_gain":0.0,"event_name":"Upgrade Shrine","player_choice":"Upgraded","floor":19.0,"gold_loss":0.0,"damage_taken":0.0,"cards_upgraded":["Immolate"]},{"cards_removed":["Decay"],"damage_healed":0.0,"max_hp_gain":0.0,"max_hp_loss":0.0,"gold_gain":0.0,"event_name":"Beggar","player_choice":"Gave Gold","floor":21.0,"gold_loss":75.0,"damage_taken":0.0},{"damage_healed":0.0,"max_hp_gain":0.0,"max_hp_loss":0.0,"gold_gain":50.0,"event_name":"Nest","player_choice":"Stole From Cult","floor":25.0,"gold_loss":0.0,"damage_taken":0.0},{"damage_healed":0.0,"max_hp_gain":0.0,"max_hp_loss":48.0,"gold_gain":0.0,"event_name":"Ghosts","player_choice":"Became a Ghost","floor":30.0,"gold_loss":0.0,"damage_taken":0.0,"cards_obtained":["Ghostly","Ghostly","Ghostly"]}],"is_beta":true,"boss_relics":[{"not_picked":["Eternal Feather","Astrolabe"],"picked":"Sozu"}],"items_purged_floors":[14,27],"is_endless":false,"potions_floor_spawned":[2,6,20,24],"killed_by":"Collector","ascension_level":20}