{"gold_per_floor":[364,364,375,141,40,66,66,99,123,143,143,143,173,7,7,86,86,103,103,103,113,113,139,139,139],"floor_reached":25,"playtime":1390,"items_purged":[],"score":470,"play_id":"598a0995-0685-4bf8-91cf-f3b56920230c","local_time":"20190319233111","is_ascension_mode":true,"campfire_choices":[{"floor":7.0,"key":"REST"},{"data":"Perfected Strike","floor":12.0,"key":"SMITH"},{"floor":15.0,"key":"REST"},{"data":"Immolate","floor":24.0,"key":"SMITH"}],"neow_cost":"PERCENT_DAMAGE","seed_source_timestamp":281234794637419,"circlet_count":0,"master_deck":["AscendersBane","Strike_R","Strike_R","Strike_R","Strike_R","Strike_R","Defend_R","Defend_R","Defend_R","Bash","Perfected Strike+1","Twin Strike","Combust","Intimidate","Blind","Shrug It Off","Armaments+1","Battle Trance+1","Pommel Strike","Anger","Immolate+1","Decay"],"special_seed":0,"relics":["Burning Blood","Juzu Bracelet","Ancient Tea Set","War Paint","PreservedInsect","Cursed Key","Enchiridion","Bag of Marbles"],"potions_floor_usage":[],"damage_taken":[{"damage":11.0,"enemies":"Jaw Worm","floor":1.0,"turns":7.0},{"damage":1.0,"enemies":"Cultist","floor":3.0,"turns":3.0},{"damage":32.0,"enemies":"Gremlin Nob","floor":6.0,"turns":4.0},{"damage":17.0,"enemies":"Lagavulin","floor":8.0,"turns":5.0},{"damage":9.0,"enemies":"2 Louse","floor":10.0,"turns":3.0},{"damage":30.0,"enemies":"Gremlin Nob","floor":13.0,"turns":4.0},{"damage":32.0,"enemies":"Slime Boss","floor":16.0,"turns":8.0},{"damage":12.0,"enemies":"Chosen","floor":18.0,"turns":4.0},{"damage":13.0,"enemies":"2 Thieves","floor":21.0,"turns":2.0},{"damage":16.0,"enemies":"Gremlin Leader","floor":23.0,"turns":3.0},{"damage":22,"enemies":"Masked Bandits","floor":25,"turns":2}],"seed_played":"-8748263657936489037","potions_obtained":[{"floor":3.0,"key":"Swift Potion"},{"floor":6.0,"key":"PowerPotion"},{"floor":8.0,"key":"BloodPotion"},{"floor":21.0,"key":"SteroidPotion"}],"is_trial":false,"path_per_floor":["M","?","M","$","$","E","R","E","T","M","?","R","E","$","R","B",null,"M","?","?","M","?","E","R","?"],"character_chosen":"IRONCLAD","items_purchased":["Combust","Intimidate","Blind","Shrug It Off","Armaments","Block Potion","SpeedPotion","Anger"],"campfire_rested":2,"item_purchase_floors":[4,4,4,5,5,14,14,14],"current_hp_per_floor":[45,45,50,50,50,24,46,35,35,32,37,37,21,21,45,19,65,59,59,38,31,31,21,21,0],"gold":139,"neow_bonus":"TWO_FIFTY_GOLD","is_prod":false,"is_daily":false,"chose_seed":false,"campfire_upgraded":2,"win_rate":0,"timestamp":1553052671,"path_taken":["M","?","?","?","$","E","R","E","T","M","?","R","E","$","R","BOSS","M","?","?","M","?","E","R","?"],"build_version":"2019-03-15","purchased_purges":0,"victory":false,"max_hp_per_floor":[75,75,75,75,75,75,75,75,75,75,80,80,80,80,80,80,80,80,80,80,80,80,80,80,80],"card_choices":[{"not_picked":["Sword Boomerang","Sever Soul"],"picked":"Perfected Strike","floor":1.0},{"not_picked":["Hemokinesis","Pummel"],"picked":"Twin Strike","floor":3.0},{"not_picked":["Thunderclap","Pommel Strike"],"picked":"Battle Trance","floor":6.0},{"not_picked":["Havoc","Searing Blow"],"picked":"Pommel Strike","floor":8.0},{"not_picked":["Flex","Headbutt","Thunderclap"],"picked":"SKIP","floor":10.0},{"not_picked":["Feel No Pain","Havoc","Flex"],"picked":"SKIP","floor":13.0},{"not_picked":["Brutality","Offering"],"picked":"Immolate","floor":16.0},{"not_picked":["Anger+1","Iron Wave","True Grit"],"picked":"SKIP","floor":18.0},{"not_picked":["Cleave","Headbutt","Feel No Pain"],"picked":"SKIP","floor":21.0},{"not_picked":["Heavy Blade","Body Slam","Perfected Strike"],"picked":"SKIP","floor":23.0}],"player_experience":913614,"relics_obtained":[{"floor":6.0,"key":"Juzu Bracelet"},{"floor":8.0,"key":"Ancient Tea Set"},{"floor":9.0,"key":"War Paint"},{"floor":13.0,"key":"PreservedInsect"},{"floor":20.0,"key":"Enchiridion"},{"floor":23.0,"key":"Bag of Marbles"}],"event_choices":[{"cards_removed":["Defend_R"],"damage_healed":0.0,"max_hp_gain":0.0,"max_hp_loss":0.0,"gold_gain":0.0,"event_name":"Bonfire Elementals","player_choice":"Offered Basic","floor":2.0,"gold_loss":0.0,"damage_taken":0.0},{"damage_healed":0.0,"max_hp_gain":5.0,"max_hp_loss":0.0,"gold_gain":0.0,"event_name":"Big Fish","player_choice":"Donut","floor":11.0,"gold_loss":0.0,"damage_taken":0.0},{"damage_healed":0.0,"max_hp_gain":0.0,"max_hp_loss":0.0,"gold_gain":0.0,"event_name":"The Mausoleum","player_choice":"Ignored","floor":19.0,"gold_loss":0.0,"damage_taken":0.0},{"damage_healed":0.0,"max_hp_gain":0.0,"max_hp_loss":0.0,"gold_gain":0.0,"event_name":"Cursed Tome","player_choice":"Obtained Book","floor":20.0,"gold_loss":0.0,"damage_taken":21.0},{"damage_healed":0.0,"max_hp_gain":0.0,"max_hp_loss":0.0,"gold_gain":0.0,"event_name":"Forgotten Altar","player_choice":"Smashed Altar","floor":22.0,"gold_loss":0.0,"damage_taken":0.0,"cards_obtained":["Decay"]},{"damage_healed":0,"gold_gain":0,"player_choice":"Fought Bandits","damage_taken":0,"max_hp_gain":0,"max_hp_loss":0,"event_name":"Masked Bandits","floor":25,"gold_loss":0}],"is_beta":true,"boss_relics":[{"not_picked":["Busted Crown","Philosopher\u0027s Stone"],"picked":"Cursed Key"}],"items_purged_floors":[],"is_endless":false,"potions_floor_spawned":[3,6,8,21],"killed_by":"Masked Bandits","ascension_level":20}