{"gold_per_floor":[111,123,142,155,166,166,197,197,221,221,221,239,249,96,96,200,200,216,232,232,37,50,50,80,45,45,45,45,45,74,74,74,170,170,188,188,200,251,301,301,321,348,348,46,46,58,58,69,69,69,69,69,19,54,54],"floor_reached":55,"playtime":5384,"items_purged":[],"score":719,"play_id":"7eda9741-c1df-4c46-83a9-d27d7fce97e4","local_time":"20190303150222","is_ascension_mode":true,"campfire_choices":[{"data":"Sunder","floor":6.0,"key":"SMITH"},{"data":"Steam","floor":8.0,"key":"SMITH"},{"floor":15.0,"key":"RECALL"},{"data":"Defragment","floor":23.0,"key":"SMITH"},{"floor":28.0,"key":"REST"},{"floor":32.0,"key":"REST"},{"floor":40.0,"key":"REST"},{"floor":45,"key":"REST"},{"floor":47,"key":"REST"},{"data":"1","floor":49,"key":"LIFT"},{"data":"2","floor":52,"key":"LIFT"}],"neow_cost":"NONE","seed_source_timestamp":296312165900,"circlet_count":0,"master_deck":["Strike_B","Strike_B","Strike_B","Defend_B+1","Defend_B","Defend_B","Defend_B","Zap+1","Dualcast","Leap+1","Sunder+1","Sweeping Beam","Steam+1","Leap","Electrodynamics","BootSequence","Go for the Eyes+1","Echo Form","Defragment+1","Conserve Battery","Amplify","Streamline+1","Hologram+1","Self Repair","Meteor Strike+1","Stack","Ball Lightning+1","Go for the Eyes+1","FTL+1","Auto Shields+1","Streamline+1","Compile Driver+1","Defragment"],"special_seed":0,"relics":["Cracked Core","Letter Opener","PreservedInsect","Omamori","Molten Egg 2","Vajra","Inserter","OrangePellets","Happy Flower","Gremlin Horn","Singing Bowl","Black Star","Art of War","Bird Faced Urn","Bronze Scales","Ornamental Fan","Girya","Cables","Blood Vial","War Paint"],"potions_floor_usage":[48,50,50,54],"damage_taken":[{"damage":5.0,"enemies":"Small Slimes","floor":1.0,"turns":2.0},{"damage":0.0,"enemies":"Jaw Worm","floor":2.0,"turns":4.0},{"damage":0.0,"enemies":"Cultist","floor":3.0,"turns":3.0},{"damage":0.0,"enemies":"Large Slime","floor":4.0,"turns":4.0},{"damage":0.0,"enemies":"Blue Slaver","floor":5.0,"turns":3.0},{"damage":26.0,"enemies":"Lagavulin","floor":7.0,"turns":7.0},{"damage":2.0,"enemies":"2 Fungi Beasts","floor":12.0,"turns":3.0},{"damage":0.0,"enemies":"Looter","floor":13.0,"turns":2.0},{"damage":10.0,"enemies":"Hexaghost","floor":16.0,"turns":11.0},{"damage":14.0,"enemies":"3 Byrds","floor":18.0,"turns":5.0},{"damage":1.0,"enemies":"Shell Parasite","floor":19.0,"turns":6.0},{"damage":4.0,"enemies":"Cultist and Chosen","floor":22.0,"turns":6.0},{"damage":14.0,"enemies":"Gremlin Leader","floor":24.0,"turns":6.0},{"damage":12.0,"enemies":"Book of Stabbing","floor":30.0,"turns":5.0},{"damage":39.0,"enemies":"Champ","floor":33.0,"turns":12.0},{"damage":15.0,"enemies":"Orb Walker","floor":35.0,"turns":5.0},{"damage":18.0,"enemies":"3 Darklings","floor":37.0,"turns":5.0},{"damage":86.0,"enemies":"2 Orb Walkers","floor":39.0,"turns":6.0},{"damage":11.0,"enemies":"Spire Growth","floor":41.0,"turns":5.0},{"damage":55,"enemies":"Nemesis","floor":42,"turns":7},{"damage":1,"enemies":"Jaw Worm Horde","floor":46,"turns":5},{"damage":0,"enemies":"Transient","floor":48,"turns":5},{"damage":70,"enemies":"Awakened One","floor":50,"turns":15},{"damage":44,"enemies":"Shield and Spear","floor":54,"turns":5},{"damage":62,"enemies":"The Heart","floor":55,"turns":3}],"seed_played":"-6365441722851876762","potions_obtained":[{"floor":2.0,"key":"GamblersBrew"},{"floor":3.0,"key":"EssenceOfSteel"},{"floor":4.0,"key":"Dexterity Potion"},{"floor":24.0,"key":"Weak Potion"},{"floor":30.0,"key":"Weak Potion"},{"floor":33.0,"key":"FairyPotion"},{"floor":37.0,"key":"Regen Potion"},{"floor":42,"key":"SneckoOil"},{"floor":48,"key":"SkillPotion"}],"is_trial":false,"path_per_floor":["M","M","M","M","M","R","E","R","T","?","T","M","M","$","R","B",null,"M","M","?","$","M","R","E","$","T","?","R","T","E","?","R","B",null,"M","?","M","T","?","R","M","E","T","$","R","M","R","M","R","B",null,"R","$","E","B"],"character_chosen":"DEFECT","items_purchased":["Vajra","OrangePellets","Self Repair","Cables","Weak Potion","Dexterity Potion"],"campfire_rested":5,"item_purchase_floors":[14,21,25,44,44,53],"current_hp_per_floor":[70,70,70,70,70,70,44,44,44,26,26,24,24,24,24,14,75,61,60,60,60,56,56,42,42,42,42,64,64,61,47,71,39,82,74,82,78,78,13,37,43,15,15,15,39,42,66,81,81,24,82,82,82,45,0],"gold":54,"neow_bonus":"UPGRADE_CARD","is_prod":false,"is_daily":false,"chose_seed":false,"campfire_upgraded":3,"win_rate":0,"timestamp":1551621742,"path_taken":["M","M","M","M","M","R","E","R","T","?","?","M","M","$","R","BOSS","M","M","?","$","M","R","E","?","T","?","R","?","E","?","R","BOSS","M","?","M","?","?","R","M","E","T","$","R","M","R","M","R","BOSS","R","$","E","BOSS"],"build_version":"2019-01-23","purchased_purges":0,"victory":false,"max_hp_per_floor":[75,75,75,75,75,75,75,75,75,75,75,75,75,75,75,75,75,75,75,75,75,75,75,75,75,75,75,75,75,77,82,82,82,82,82,82,82,82,82,82,82,82,82,82,82,82,82,82,82,82,82,82,82,82,82],"card_choices":[{"not_picked":["Coolheaded","Fusion"],"picked":"Leap","floor":1.0},{"not_picked":["Self Repair","Cold Snap"],"picked":"Sunder","floor":2.0},{"not_picked":["Turbo","Fusion"],"picked":"Sweeping Beam","floor":3.0},{"not_picked":["Glacier","Sweeping Beam"],"picked":"Steam","floor":4.0},{"not_picked":["Lockon","Hologram"],"picked":"Leap","floor":5.0},{"not_picked":["Barrage","Melter"],"picked":"Electrodynamics","floor":7.0},{"not_picked":["Aggregate","Rebound+1"],"picked":"BootSequence","floor":12.0},{"not_picked":["Chaos","Sweeping Beam+1"],"picked":"Go for the Eyes+1","floor":13.0},{"not_picked":["Meteor Strike+1","Electrodynamics"],"picked":"Echo Form","floor":16.0},{"not_picked":["Redo","Hologram+1"],"picked":"Defragment","floor":18.0},{"not_picked":["Reinforced Body","Beam Cell+1"],"picked":"Conserve Battery","floor":19.0},{"not_picked":["Self Repair","Steam"],"picked":"Streamline+1","floor":22.0},{"not_picked":["Go for the Eyes+1","Blizzard+1"],"picked":"Hologram+1","floor":24.0},{"not_picked":["Capacitor","Gash+1","Redo"],"picked":"Singing Bowl","floor":30.0},{"not_picked":["Hyperbeam+1","Buffer"],"picked":"Meteor Strike+1","floor":33.0},{"not_picked":["Steam Power","Steam"],"picked":"Stack","floor":35.0},{"not_picked":["Gash+1","Genetic Algorithm"],"picked":"Ball Lightning+1","floor":37.0},{"not_picked":["Skim","Conserve Battery"],"picked":"Go for the Eyes+1","floor":39.0},{"not_picked":["Skim","Doom and Gloom+1"],"picked":"FTL+1","floor":41.0},{"not_picked":["Storm+1","Reprogram+1"],"picked":"Auto Shields+1","floor":42},{"not_picked":["Self Repair","White Noise+1"],"picked":"Streamline+1","floor":46},{"not_picked":["Beam Cell+1","Darkness"],"picked":"Compile Driver+1","floor":48},{"not_picked":["Hologram","Compile Driver+1"],"picked":"Defragment","floor":54}],"player_experience":525560,"relics_obtained":[{"floor":7.0,"key":"Letter Opener"},{"floor":9.0,"key":"PreservedInsect"},{"floor":11.0,"key":"Molten Egg 2"},{"floor":24.0,"key":"Happy Flower"},{"floor":29.0,"key":"Gremlin Horn"},{"floor":30.0,"key":"Singing Bowl"},{"floor":38.0,"key":"Art of War"},{"floor":39.0,"key":"Bird Faced Urn"},{"floor":42,"key":"Bronze Scales"},{"floor":42,"key":"Ornamental Fan"},{"floor":43,"key":"Girya"},{"floor":54,"key":"Blood Vial"},{"floor":54,"key":"War Paint"}],"event_choices":[{"damage_healed":0.0,"max_hp_gain":0.0,"max_hp_loss":0.0,"gold_gain":0.0,"event_name":"Scrap Ooze","player_choice":"Success","floor":10.0,"gold_loss":0.0,"damage_taken":18.0,"relics_obtained":["Omamori"]},{"damage_healed":0.0,"max_hp_gain":0.0,"max_hp_loss":0.0,"gold_gain":0.0,"cards_transformed":["Strike_B"],"event_name":"Transmorgrifier","player_choice":"Transformed","floor":20.0,"gold_loss":0.0,"damage_taken":0.0,"cards_obtained":["Amplify"]},{"damage_healed":0.0,"max_hp_gain":5.0,"max_hp_loss":0.0,"gold_gain":0.0,"event_name":"Forgotten Altar","player_choice":"Shed Blood","floor":31.0,"gold_loss":0.0,"damage_taken":19.0},{"damage_healed":21.0,"max_hp_gain":0.0,"max_hp_loss":0.0,"gold_gain":0.0,"event_name":"Winding Halls","player_choice":"Writhe","floor":36.0,"gold_loss":0.0,"damage_taken":0.0,"cards_obtained":["Writhe"]},{"damage_healed":0.0,"max_hp_gain":0.0,"max_hp_loss":0.0,"gold_gain":0.0,"event_name":"Mysterious Sphere","player_choice":"Fight","floor":39.0,"gold_loss":0.0,"damage_taken":0.0}],"is_beta":false,"boss_relics":[{"not_picked":["Sozu","Snecko Eye"],"picked":"Inserter"},{"not_picked":["Coffee Dripper","Tiny House"],"picked":"Black Star"}],"items_purged_floors":[],"is_endless":false,"potions_floor_spawned":[2,3,4,12,24,30,33,37,42,48],"killed_by":"The Heart","ascension_level":1}