{"gold_per_floor":[111,126,201,201,220,264,264,264],"floor_reached":8,"playtime":238,"items_purged":[],"score":112,"play_id":"da95aeb1-53d5-4e36-ad64-21566ae56837","local_time":"20190117235222","is_ascension_mode":true,"campfire_choices":[],"neow_cost":"NONE","seed_source_timestamp":626933950190905,"circlet_count":0,"master_deck":["AscendersBane","Defend_G","Defend_G","Defend_G","Defend_G","Defend_G","Strike_G","Strike_G","Strike_G","Strike_G","Strike_G","Survivor","Neutralize+1","Dagger Throw","Sucker Punch","Tactician","Deflect"],"relics":["Ring of the Snake","Golden Idol","Dream Catcher"],"potions_floor_usage":[],"damage_taken":[{"damage":6,"enemies":"Small Slimes","floor":1,"turns":4},{"damage":0,"enemies":"2 Louse","floor":2,"turns":2},{"damage":0,"enemies":"Jaw Worm","floor":5,"turns":4},{"damage":39,"enemies":"3 Sentries","floor":6,"turns":13},{"damage":2,"enemies":"Exordium Wildlife","floor":8,"turns":4}],"seed_played":"-8585514522059433127","potions_obtained":[{"floor":5,"key":"Ancient Potion"}],"is_trial":false,"path_per_floor":["M","M","?","?","M","E","?","M"],"character_chosen":"THE_SILENT","items_purchased":[],"campfire_rested":0,"item_purchase_floors":[],"current_hp_per_floor":[53,53,42,42,42,3,8,6],"gold":264,"neow_bonus":"UPGRADE_CARD","is_prod":false,"is_daily":false,"chose_seed":false,"campfire_upgraded":0,"win_rate":0,"timestamp":1547736742,"path_taken":["M","M","?","?","M","E","?","?"],"build_version":"2019-01-10","purchased_purges":0,"victory":false,"max_hp_per_floor":[66,66,66,60,60,60,65,65],"card_choices":[{"not_picked":["Backflip","Eviscerate"],"picked":"Dagger Throw","floor":1},{"not_picked":["Reflex","Acrobatics"],"picked":"Sucker Punch","floor":2},{"not_picked":["Footwork","Catalyst"],"picked":"Tactician","floor":5},{"not_picked":["Prepared","Poisoned Stab"],"picked":"Deflect","floor":6}],"player_experience":4114602,"relics_obtained":[{"floor":6,"key":"Dream Catcher"}],"event_choices":[{"damage_healed":0,"gold_gain":75,"player_choice":"Gather Gold","damage_taken":11,"max_hp_gain":0,"max_hp_loss":0,"event_name":"World of Goop","floor":3,"gold_loss":0},{"damage_healed":0,"gold_gain":0,"player_choice":"Lose Max HP","damage_taken":0,"relics_obtained":["Golden Idol"],"max_hp_gain":0,"max_hp_loss":6,"event_name":"Golden Idol","floor":4,"gold_loss":0},{"damage_healed":0,"gold_gain":0,"player_choice":"Donut","damage_taken":0,"max_hp_gain":5,"max_hp_loss":0,"event_name":"Big Fish","floor":7,"gold_loss":0}],"is_beta":false,"boss_relics":[],"items_purged_floors":[],"is_endless":false,"potions_floor_spawned":[5],"killed_by":"Exordium Wildlife","ascension_level":20}