{"gold_per_floor":[118,118,16,35,48,48,59,59,59,20,53,53,72,82,82,155,155,173,185,185,185],"floor_reached":21,"playtime":1123,"items_purged":[],"score":362,"play_id":"836c95df-8036-4828-b112-eb7794eaf2b7","local_time":"20181111031305","is_ascension_mode":true,"campfire_choices":[{"data":"Feel No Pain","floor":6.0,"key":"SMITH"},{"data":"Bash","floor":8.0,"key":"SMITH"},{"data":"Disarm","floor":15.0,"key":"SMITH"}],"neow_cost":"TEN_PERCENT_HP_LOSS","seed_source_timestamp":0,"circlet_count":0,"master_deck":["AscendersBane","Strike_R","Strike_R","Strike_R","Strike_R","Defend_R","Defend_R","Defend_R","Defend_R","Bash+1","Feel No Pain+1","Offering","Sever Soul","Twin Strike","Disarm+1","Clothesline","Power Through","Infernal Blade","Shrug It Off","Corruption","Pommel Strike","Exhume","Shrug It Off","Burning Pact"],"special_seed":0,"relics":["Burning Blood","Incense Burner","Magic Flower","Blue Candle","Sozu"],"potions_floor_usage":[21],"damage_taken":[{"damage":12.0,"enemies":"Jaw Worm","floor":1.0,"turns":7.0},{"damage":7.0,"enemies":"Cultist","floor":4.0,"turns":4.0},{"damage":0.0,"enemies":"2 Louse","floor":5.0,"turns":3.0},{"damage":6.0,"enemies":"Lots of Slimes","floor":7.0,"turns":6.0},{"damage":23.0,"enemies":"Lagavulin","floor":11.0,"turns":8.0},{"damage":4.0,"enemies":"Looter","floor":13.0,"turns":4.0},{"damage":21.0,"enemies":"Large Slime","floor":14.0,"turns":14.0},{"damage":39.0,"enemies":"Hexaghost","floor":16.0,"turns":16.0},{"damage":20,"enemies":"2 Thieves","floor":18,"turns":4},{"damage":18,"enemies":"Spheric Guardian","floor":19,"turns":6},{"damage":44,"enemies":"Centurion and Healer","floor":21,"turns":7}],"seed_played":"5586516058157278583","potions_obtained":[{"floor":1.0,"key":"SkillPotion"},{"floor":5.0,"key":"Regen Potion"},{"floor":7.0,"key":"Block Potion"}],"is_trial":false,"path_per_floor":["M","?","$","M","M","R","M","R","T","$","E","?","M","M","R","B",null,"M","M","?","M"],"character_chosen":"IRONCLAD","items_purchased":["Sever Soul","Twin Strike","Infernal Blade"],"campfire_rested":0,"item_purchase_floors":[3,3,10],"current_hp_per_floor":[62,62,62,61,67,67,67,67,67,67,53,53,58,46,46,16,55,44,35,16,0],"gold":185,"neow_bonus":"ONE_RARE_RELIC","is_prod":false,"is_daily":false,"chose_seed":false,"campfire_upgraded":3,"win_rate":0,"timestamp":1541923985,"path_taken":["M","?","$","M","M","R","M","R","T","?","E","?","M","M","R","BOSS","M","?","?","M"],"build_version":"2018-11-08","purchased_purges":0,"victory":false,"max_hp_per_floor":[68,68,68,68,68,68,68,68,68,68,68,68,68,68,68,68,68,68,68,73,73],"card_choices":[{"not_picked":["Flex","Anger"],"picked":"Feel No Pain","floor":1.0},{"not_picked":["Armaments","Thunderclap"],"picked":"Disarm","floor":4.0},{"not_picked":["Cleave","Brutality"],"picked":"Clothesline","floor":5.0},{"not_picked":["Entrench","Sword Boomerang"],"picked":"Power Through","floor":7.0},{"not_picked":["Second Wind","Cleave"],"picked":"Shrug It Off","floor":11.0},{"not_picked":["Cleave","Heavy Blade"],"picked":"Corruption","floor":13.0},{"not_picked":["Warcry","Corruption"],"picked":"Pommel Strike","floor":14.0},{"not_picked":["Feed","Dark Embrace"],"picked":"Exhume","floor":16.0},{"not_picked":["Cleave","Heavy Blade"],"picked":"Shrug It Off","floor":18},{"not_picked":["Clash","Flex+1"],"picked":"Burning Pact","floor":19}],"player_experience":795619,"relics_obtained":[{"floor":9.0,"key":"Magic Flower"},{"floor":11.0,"key":"Blue Candle"}],"event_choices":[{"damage_healed":0.0,"max_hp_gain":0.0,"max_hp_loss":0.0,"gold_gain":0.0,"event_name":"Match and Keep!","player_choice":"1 cards matched","floor":2.0,"gold_loss":0.0,"damage_taken":0.0,"cards_obtained":["Offering"]},{"cards_removed":["Strike_R"],"damage_healed":0.0,"max_hp_gain":0.0,"max_hp_loss":0.0,"gold_gain":0.0,"event_name":"Bonfire Elementals","player_choice":"Offered Basic","floor":12.0,"gold_loss":0.0,"damage_taken":0.0},{"damage_healed":0,"gold_gain":0,"player_choice":"Shed Blood","damage_taken":24,"max_hp_gain":5,"max_hp_loss":0,"event_name":"Forgotten Altar","floor":20,"gold_loss":0}],"is_beta":true,"boss_relics":[{"not_picked":["Ectoplasm","Orrery"],"picked":"Sozu"}],"items_purged_floors":[],"is_endless":false,"potions_floor_spawned":[1,5,7,14,18],"killed_by":"Centurion and Healer","ascension_level":20}