{"gold_per_floor":[218,235,385,139,154,189,189,222,245,245,245,245,320,338,338,411,411,424,424,39,53,53,53,53],"floor_reached":24,"playtime":1006,"items_purged":["Doubt"],"score":429,"play_id":"6eb47801-fe30-4608-bb29-3acd462084a8","local_time":"20190126204003","is_ascension_mode":true,"campfire_choices":[{"data":"Sword Boomerang","floor":7.0,"key":"SMITH"},{"data":"Bash","floor":10.0,"key":"SMITH"},{"data":"Juggernaut","floor":12.0,"key":"SMITH"},{"floor":15.0,"key":"REST"},{"floor":23,"key":"REST"}],"neow_cost":"NONE","seed_source_timestamp":3355258367846,"circlet_count":0,"master_deck":["AscendersBane","Bash+1","Feel No Pain","Headbutt","Clothesline","Sword Boomerang+1","Hemokinesis","Flame Barrier","Juggernaut+1","True Grit","Limit Break","Offering","Pummel","Body Slam","Flame Barrier","Flame Barrier","Dark Embrace","Infernal Blade","Corruption","Power Through","Sword Boomerang","Bite","Bite","Bite","Bite","Bite"],"special_seed":0,"relics":["Burning Blood","Boot","Centennial Puzzle","Pandora\u0027s Box","Potion Belt"],"potions_floor_usage":[24],"damage_taken":[{"damage":11.0,"enemies":"2 Louse","floor":1.0,"turns":4.0},{"damage":7.0,"enemies":"Small Slimes","floor":2.0,"turns":5.0},{"damage":9.0,"enemies":"Jaw Worm","floor":5.0,"turns":3.0},{"damage":27.0,"enemies":"Gremlin Nob","floor":6.0,"turns":4.0},{"damage":20.0,"enemies":"3 Sentries","floor":8.0,"turns":8.0},{"damage":10.0,"enemies":"Exordium Wildlife","floor":14.0,"turns":4.0},{"damage":22.0,"enemies":"Slime Boss","floor":16.0,"turns":9.0},{"damage":35.0,"enemies":"Shell Parasite","floor":18.0,"turns":7.0},{"damage":36,"enemies":"2 Thieves","floor":21,"turns":5},{"damage":40,"enemies":"Gremlin Leader","floor":24,"turns":5}],"seed_played":"-3202639927424163773","potions_obtained":[{"floor":1.0,"key":"Explosive Potion"},{"floor":6.0,"key":"Regen Potion"},{"floor":18.0,"key":"Ancient Potion"},{"floor":21,"key":"SkillPotion"}],"is_trial":false,"path_per_floor":["M","M","?","$","M","E","R","E","T","R","?","R","?","M","R","B",null,"M","?","$","M","?","R","E"],"character_chosen":"IRONCLAD","items_purchased":["Clothesline","Fire Potion","Sword Boomerang","Corruption","Power Through","Potion Belt","Sword Boomerang"],"campfire_rested":2,"item_purchase_floors":[4,4,4,20,20,20,20],"current_hp_per_floor":[63,62,62,62,59,38,38,39,39,39,39,39,28,26,48,34,65,38,38,38,10,10,32,0],"gold":53,"neow_bonus":"HUNDRED_GOLD","is_prod":false,"is_daily":false,"chose_seed":false,"campfire_upgraded":3,"win_rate":0,"timestamp":1548553203,"path_taken":["M","M","?","$","M","E","R","E","T","R","?","R","?","M","R","BOSS","M","?","$","M","?","R","E"],"build_version":"2019-01-23","purchased_purges":1,"victory":false,"max_hp_per_floor":[75,75,75,75,75,75,75,75,75,75,75,75,75,75,75,75,75,75,75,75,75,75,75,75],"card_choices":[{"not_picked":["Iron Wave","Disarm"],"picked":"Feel No Pain","floor":1.0},{"not_picked":["Warcry","Flex"],"picked":"Headbutt","floor":2.0},{"not_picked":["Rampage","Infernal Blade"],"picked":"Hemokinesis","floor":5.0},{"not_picked":["Anger","Wild Strike","Rampage"],"picked":"SKIP","floor":6.0},{"not_picked":["Twin Strike","Bloodletting"],"picked":"Flame Barrier","floor":8.0},{"not_picked":["Anger","Rage"],"picked":"True Grit","floor":14.0},{"not_picked":["Dark Embrace","Barricade"],"picked":"Limit Break","floor":16.0},{"not_picked":["Thunderclap+1","Flex","Clothesline"],"picked":"SKIP","floor":18.0},{"not_picked":["Sword Boomerang","Rampage","Rupture"],"picked":"SKIP","floor":21}],"player_experience":844685,"relics_obtained":[{"floor":6.0,"key":"Boot"},{"floor":8.0,"key":"Centennial Puzzle"},{"floor":9.0,"key":"Blood Vial"}],"event_choices":[{"damage_healed":0.0,"max_hp_gain":0.0,"max_hp_loss":0.0,"gold_gain":150.0,"event_name":"Liars Game","player_choice":"AGREE","floor":3.0,"gold_loss":0.0,"damage_taken":0.0,"cards_obtained":["Doubt"]},{"damage_healed":0.0,"max_hp_gain":0.0,"max_hp_loss":0.0,"gold_gain":0.0,"cards_transformed":["Strike_R"],"event_name":"Living Wall","player_choice":"Change","floor":11.0,"gold_loss":0.0,"damage_taken":0.0,"cards_obtained":["Juggernaut"]},{"damage_healed":0.0,"max_hp_gain":0.0,"max_hp_loss":0.0,"gold_gain":75.0,"event_name":"World of Goop","player_choice":"Gather Gold","floor":13.0,"gold_loss":0.0,"damage_taken":11.0},{"cards_removed":["Infernal Blade"],"damage_healed":0.0,"max_hp_gain":0.0,"max_hp_loss":0.0,"gold_gain":0.0,"event_name":"Back to Basics","player_choice":"Elegance","floor":19.0,"gold_loss":0.0,"damage_taken":0.0},{"damage_healed":0,"gold_gain":0,"player_choice":"Became a vampire (Vial)","damage_taken":0,"max_hp_gain":0,"max_hp_loss":0,"event_name":"Vampires","floor":22,"relics_lost":["Blood Vial"],"gold_loss":0,"cards_obtained":["Bite","Bite","Bite","Bite","Bite"]}],"is_beta":true,"boss_relics":[{"not_picked":["White Beast Statue","Lizard Tail"],"picked":"Pandora\u0027s Box"}],"items_purged_floors":[4],"is_endless":false,"potions_floor_spawned":[1,6,18,21],"killed_by":"Gremlin Leader","ascension_level":20}