{"gold_per_floor":[109,109,126,145,145,170,170,199,274,284,284,303,65,80,80,181,181,169,169,180,36,52,52,84,84,84,103,103,103,103,136,136,240,240,257,257,59,59,59,88,88,107,107,133,133,161,161,214,214,214],"floor_reached":51,"playtime":3740,"items_purged":[],"score":968,"play_id":"30b7525d-d423-402b-b120-3d9b784dafd9","local_time":"20190306204511","is_ascension_mode":true,"campfire_choices":[{"data":"1","floor":7.0,"key":"LIFT"},{"data":"2","floor":11.0,"key":"LIFT"},{"data":"3","floor":15.0,"key":"LIFT"},{"floor":23.0,"key":"REST"},{"data":"White Noise","floor":25.0,"key":"SMITH"},{"floor":28.0,"key":"REST"},{"floor":32.0,"key":"REST"},{"floor":41.0,"key":"REST"},{"floor":45,"key":"REST"},{"floor":47,"key":"REST"},{"floor":49,"key":"REST"}],"neow_cost":"NONE","seed_source_timestamp":281765018178400,"circlet_count":0,"master_deck":["Strike_B","Strike_B","Strike_B","Defend_B","Defend_B","Defend_B","Defend_B","Zap","Dualcast","Rainbow","Reinforced Body","Barrage","Cold Snap","Sunder","Leap","Chill","Go for the Eyes","Leap","Biased Cognition+1","BootSequence+1","White Noise+1","Loop+1","Force Field","Necronomicurse","Capacitor+1","Echo Form+1","Blizzard+1","Melter+1","Mayhem+1","Self Repair+1","Coolheaded+1","Melter+1","Rip and Tear+1","Amplify","Stack+1"],"special_seed":0,"relics":["Cracked Core","Girya","Ancient Tea Set","Blue Candle","Frozen Egg 2","Black Star","Vajra","Pear","Darkstone Periapt","Anchor","Necronomicon","Bottled Lightning","Prayer Wheel","PreservedInsect","Meat on the Bone","Symbiotic Virus","Dead Branch","Turnip","Happy Flower","Juzu Bracelet","Mercury Hourglass","Emotion Chip"],"potions_floor_usage":[46,48,50,50],"damage_taken":[{"damage":3.0,"enemies":"2 Louse","floor":1.0,"turns":3.0},{"damage":0.0,"enemies":"Cultist","floor":3.0,"turns":5.0},{"damage":0.0,"enemies":"Jaw Worm","floor":4.0,"turns":3.0},{"damage":10.0,"enemies":"Lagavulin","floor":6.0,"turns":9.0},{"damage":17.0,"enemies":"3 Sentries","floor":8.0,"turns":7.0},{"damage":0.0,"enemies":"Blue Slaver","floor":10.0,"turns":4.0},{"damage":0.0,"enemies":"Large Slime","floor":12.0,"turns":5.0},{"damage":1.0,"enemies":"Looter","floor":14.0,"turns":3.0},{"damage":8.0,"enemies":"The Guardian","floor":16.0,"turns":12.0},{"damage":6.0,"enemies":"2 Thieves","floor":18.0,"turns":5.0},{"damage":2.0,"enemies":"Spheric Guardian","floor":20.0,"turns":3.0},{"damage":25.0,"enemies":"Snake Plant","floor":22.0,"turns":5.0},{"damage":21.0,"enemies":"Gremlin Leader","floor":24.0,"turns":7.0},{"damage":15.0,"enemies":"Centurion and Healer","floor":27.0,"turns":7.0},{"damage":33.0,"enemies":"Book of Stabbing","floor":31.0,"turns":6.0},{"damage":53.0,"enemies":"Collector","floor":33.0,"turns":11.0},{"damage":0.0,"enemies":"3 Shapes","floor":35.0,"turns":3.0},{"damage":56.0,"enemies":"Giant Head","floor":40.0,"turns":9.0},{"damage":5,"enemies":"3 Darklings","floor":42,"turns":7},{"damage":17,"enemies":"Nemesis","floor":44,"turns":9},{"damage":30,"enemies":"Reptomancer","floor":46,"turns":5},{"damage":8,"enemies":"2 Orb Walkers","floor":48,"turns":4},{"damage":56,"enemies":"Donu and Deca","floor":50,"turns":9}],"seed_played":"-6310028061359000349","potions_obtained":[{"floor":1.0,"key":"Swift Potion"},{"floor":3.0,"key":"Ancient Potion"},{"floor":14.0,"key":"LiquidBronze"},{"floor":16.0,"key":"SneckoOil"},{"floor":18.0,"key":"Swift Potion"},{"floor":27.0,"key":"Ancient Potion"},{"floor":31.0,"key":"SteroidPotion"},{"floor":33.0,"key":"PowerPotion"},{"floor":35.0,"key":"SpeedPotion"},{"floor":44,"key":"SteroidPotion"},{"floor":46,"key":"SteroidPotion"}],"is_trial":false,"path_per_floor":["M","?","M","M","?","E","R","E","T","M","R","M","$","M","R","B",null,"M","$","M","$","M","R","E","R","T","M","R","?","?","E","R","B",null,"M","?","$","?","?","E","R","M","T","E","R","E","R","?","R","B",null],"character_chosen":"DEFECT","items_purchased":["Frozen Egg 2","Vajra","PreservedInsect","Explosive Potion"],"campfire_rested":7,"item_purchase_floors":[13,21,37,37],"current_hp_per_floor":[72,75,75,75,75,65,65,48,48,48,48,48,48,47,47,39,66,60,60,58,58,43,65,64,64,64,59,84,84,74,51,78,35,77,87,87,87,87,86,30,55,60,60,55,80,50,75,77,86,52],"gold":214,"neow_bonus":"TRANSFORM_CARD","is_prod":false,"is_daily":false,"chose_seed":false,"campfire_upgraded":1,"win_rate":0,"timestamp":1551901511,"path_taken":["M","?","M","?","?","E","R","E","T","M","R","M","$","M","R","BOSS","M","$","M","$","M","R","E","R","T","M","R","?","?","E","R","BOSS","M","?","$","?","?","E","R","?","T","E","R","E","R","?","R","BOSS"],"build_version":"2019-01-23","purchased_purges":0,"victory":true,"max_hp_per_floor":[75,75,75,75,75,75,75,75,75,75,75,75,75,75,75,75,75,75,75,75,75,75,75,85,85,85,85,85,85,91,91,91,91,91,91,91,91,91,86,86,86,86,86,86,86,86,86,86,86,86],"card_choices":[{"not_picked":["Go for the Eyes","Rebound"],"picked":"Reinforced Body","floor":1.0},{"not_picked":["Compile Driver","Leap"],"picked":"Barrage","floor":3.0},{"not_picked":["Beam Cell","Barrage"],"picked":"Cold Snap","floor":4.0},{"not_picked":["Redo","Reinforced Body"],"picked":"Sunder","floor":6.0},{"not_picked":["Steam","Recycle"],"picked":"Leap","floor":8.0},{"not_picked":["Thunder Strike","Barrage"],"picked":"Chill","floor":10.0},{"not_picked":["Redo","Force Field"],"picked":"Go for the Eyes","floor":12.0},{"not_picked":["Reinforced Body","Barrage"],"picked":"Leap","floor":14.0},{"not_picked":["Amplify","Thunder Strike"],"picked":"Biased Cognition+1","floor":16.0},{"not_picked":["FTL","Stack"],"picked":"BootSequence+1","floor":18.0},{"not_picked":["Storm+1","Sweeping Beam"],"picked":"Self Repair+1","floor":20.0},{"not_picked":["Turbo","Redo"],"picked":"White Noise","floor":22.0},{"not_picked":["Meteor Strike","Gash"],"picked":"Loop+1","floor":24.0},{"not_picked":["Scrape","Coolheaded+1"],"picked":"Force Field","floor":27.0},{"not_picked":["Coolheaded","Turbo"],"picked":"Capacitor+1","floor":31.0},{"not_picked":["Fission","Electrodynamics+1"],"picked":"Echo Form+1","floor":33.0},{"not_picked":["Rip and Tear+1","Auto Shields+1"],"picked":"Blizzard+1","floor":35.0},{"not_picked":["Sweeping Beam+1","Turbo+1"],"picked":"Melter+1","floor":35.0},{"not_picked":["Master of Strategy","Purity"],"picked":"Mayhem+1","floor":38.0},{"not_picked":["Gash","Turbo"],"picked":"Self Repair+1","floor":40.0},{"not_picked":["Sweeping Beam","Chaos"],"picked":"Coolheaded+1","floor":42},{"not_picked":["Ball Lightning","Cold Snap+1"],"picked":"Melter+1","floor":42},{"not_picked":["Go for the Eyes+1","Turbo"],"picked":"Rip and Tear+1","floor":44},{"not_picked":["Capacitor+1","Darkness"],"picked":"Amplify","floor":46},{"not_picked":["Cold Snap","Barrage"],"picked":"Stack+1","floor":48}],"player_experience":548228,"relics_obtained":[{"floor":6.0,"key":"Girya"},{"floor":8.0,"key":"Ancient Tea Set"},{"floor":9.0,"key":"Blue Candle"},{"floor":24.0,"key":"Pear"},{"floor":24.0,"key":"Darkstone Periapt"},{"floor":26.0,"key":"Anchor"},{"floor":30.0,"key":"Necronomicon"},{"floor":31.0,"key":"Bottled Lightning"},{"floor":31.0,"key":"Prayer Wheel"},{"floor":40.0,"key":"Meat on the Bone"},{"floor":40.0,"key":"Symbiotic Virus"},{"floor":43,"key":"Dead Branch"},{"floor":44,"key":"Turnip"},{"floor":44,"key":"Happy Flower"},{"floor":46,"key":"Juzu Bracelet"},{"floor":46,"key":"Mercury Hourglass"},{"floor":48,"key":"Emotion Chip"}],"event_choices":[{"damage_healed":3.0,"max_hp_gain":0.0,"max_hp_loss":0.0,"gold_gain":0.0,"event_name":"Wheel of Change","player_choice":"Full Heal","floor":2.0,"gold_loss":0.0,"damage_taken":0.0},{"damage_healed":0.0,"max_hp_gain":0.0,"max_hp_loss":0.0,"gold_gain":0.0,"event_name":"Golden Wing","player_choice":"Ignored","floor":5.0,"gold_loss":0.0,"damage_taken":0.0},{"damage_healed":0.0,"max_hp_gain":0.0,"max_hp_loss":0.0,"gold_gain":0.0,"event_name":"Ghosts","player_choice":"Ignored","floor":29.0,"gold_loss":0.0,"damage_taken":0.0},{"damage_healed":0.0,"max_hp_gain":0.0,"max_hp_loss":0.0,"gold_gain":0.0,"event_name":"Cursed Tome","player_choice":"Obtained Book","floor":30.0,"gold_loss":0.0,"damage_taken":16.0},{"cards_removed":["Self Repair"],"damage_healed":0.0,"max_hp_gain":0.0,"max_hp_loss":0.0,"gold_gain":0.0,"event_name":"Falling","player_choice":"Removed Power","floor":36.0,"gold_loss":0.0,"damage_taken":0.0},{"damage_healed":0.0,"max_hp_gain":0.0,"max_hp_loss":0.0,"gold_gain":0.0,"event_name":"SensoryStone","player_choice":"Memory 1","floor":38.0,"gold_loss":0.0,"damage_taken":0.0},{"damage_healed":0.0,"max_hp_gain":0.0,"max_hp_loss":5.0,"gold_gain":0.0,"event_name":"Winding Halls","player_choice":"Max HP","floor":39.0,"gold_loss":0.0,"damage_taken":0.0},{"damage_healed":0,"gold_gain":0,"player_choice":"Fight","damage_taken":0,"max_hp_gain":0,"max_hp_loss":0,"event_name":"Mysterious Sphere","floor":48,"gold_loss":0}],"is_beta":false,"boss_relics":[{"not_picked":["Busted Crown","Ectoplasm"],"picked":"Black Star"},{"not_picked":["Philosopher\u0027s Stone","Sozu","FrozenCore"]}],"items_purged_floors":[],"is_endless":false,"potions_floor_spawned":[1,3,14,16,18,27,31,33,35,44,46],"ascension_level":5}