{"gold_per_floor":[110,124,134,149,167,167,197,197,197,210,237,287,16,35,35,111,111,138,166,178,203,233,245,172,184,196,208,234,246],"floor_reached":29,"playtime":912,"items_purged":[],"score":578,"play_id":"8f9a23d2-d61a-48a7-9e7b-b2c77ad69e6c","local_time":"20190203233549","is_ascension_mode":true,"campfire_choices":[{"floor":6,"key":"REST"},{"floor":8,"key":"REST"},{"data":"Calculated Gamble","floor":15,"key":"SMITH"},{"floor":23,"key":"REST"},{"floor":27,"key":"REST"}],"neow_cost":"PERCENT_DAMAGE","seed_source_timestamp":362252605805100,"circlet_count":0,"master_deck":["AscendersBane","Defend_G","Defend_G","Defend_G","Defend_G","Strike_G","Strike_G","Strike_G","Survivor","Neutralize","Riddle With Holes","Calculated Gamble+1","Terror","Slice","Endless Agony","Underhanded Strike","Sucker Punch","Deadly Poison","Quick Slash","Noxious Fumes","Acrobatics+1","After Image","Decay","Injury","Writhe","Tactician+1","Blade Dance+1","Dodge and Roll+1","Bouncing Flask+1","Blade Dance+1"],"relics":["Ring of the Snake","Centennial Puzzle","Gremlin Horn","Toxic Egg 2","Shuriken","Calling Bell","MawBank","Singing Bowl","Mango","Vajra","The Courier"],"potions_floor_usage":[5,7,11,16,21],"damage_taken":[{"damage":4,"enemies":"Cultist","floor":1,"turns":4},{"damage":2,"enemies":"Jaw Worm","floor":2,"turns":6},{"damage":0,"enemies":"Small Slimes","floor":3,"turns":2},{"damage":0,"enemies":"2 Fungi Beasts","floor":4,"turns":3},{"damage":12,"enemies":"Exordium Thugs","floor":5,"turns":5},{"damage":18,"enemies":"Gremlin Nob","floor":7,"turns":4},{"damage":13,"enemies":"Large Slime","floor":10,"turns":5},{"damage":20,"enemies":"Lagavulin","floor":11,"turns":7},{"damage":12,"enemies":"2 Fungi Beasts","floor":14,"turns":3},{"damage":0,"enemies":"Slime Boss","floor":16,"turns":4},{"damage":7,"enemies":"3 Byrds","floor":18,"turns":6},{"damage":21,"enemies":"Chosen","floor":19,"turns":6},{"damage":13,"enemies":"3 Cultists","floor":21,"turns":4},{"damage":16,"enemies":"Shelled Parasite and Fungi","floor":22,"turns":5},{"damage":33,"enemies":"Snecko","floor":28,"turns":4},{"damage":23,"enemies":"3 Cultists","floor":29,"turns":4}],"seed_played":"-6641354669351161140","potions_obtained":[{"floor":1,"key":"Block Potion"},{"floor":4,"key":"GhostInAJar"},{"floor":10,"key":"SteroidPotion"},{"floor":11,"key":"GamblersBrew"},{"floor":19,"key":"AttackPotion"},{"floor":21,"key":"LiquidBronze"}],"is_trial":false,"path_per_floor":["M","M","M","M","M","R","E","R","T","M","E","?","$","M","R","B",null,"M","M","?","M","M","R","?","?","T","R","M","M"],"character_chosen":"THE_SILENT","items_purchased":["Shuriken"],"campfire_rested":4,"item_purchase_floors":[13],"current_hp_per_floor":[40,38,38,38,26,45,27,46,46,33,13,13,13,1,1,1,64,57,36,36,23,9,33,33,33,33,57,24,1],"gold":246,"neow_bonus":"TRANSFORM_TWO_CARDS","is_prod":false,"is_daily":false,"chose_seed":false,"campfire_upgraded":1,"win_rate":0,"timestamp":1549204549,"path_taken":["M","M","M","M","M","R","E","R","T","?","E","?","?","M","R","BOSS","M","M","?","M","M","R","?","?","T","R","M","M"],"build_version":"2019-01-23","purchased_purges":0,"victory":false,"max_hp_per_floor":[66,66,66,66,66,66,66,66,66,66,66,66,66,66,66,66,80,80,80,80,80,82,82,82,82,82,82,82,82],"card_choices":[{"not_picked":["Flechettes","Backflip"],"picked":"Terror","floor":1},{"not_picked":["Acrobatics","Bane"],"picked":"Slice","floor":2},{"not_picked":["Flying Knee","Deflect"],"picked":"Endless Agony","floor":3},{"not_picked":["Distraction","Backflip"],"picked":"Underhanded Strike","floor":4},{"not_picked":["Deadly Poison","Dodge and Roll"],"picked":"Sucker Punch","floor":5},{"not_picked":["Night Terror","Burst"],"picked":"Deadly Poison","floor":7},{"not_picked":["Predator","Acrobatics"],"picked":"Quick Slash","floor":10},{"not_picked":["Wraith Form v2","Underhanded Strike"],"picked":"Noxious Fumes","floor":11},{"not_picked":["PiercingWail+1","Slice"],"picked":"Acrobatics+1","floor":14},{"not_picked":["Storm of Steel+1","Phantasmal Killer+1"],"picked":"After Image","floor":16},{"not_picked":["Reflex+1","Bane"],"picked":"Tactician+1","floor":18},{"not_picked":["Backflip+1","Dash"],"picked":"Blade Dance+1","floor":19},{"not_picked":["Endless Agony","A Thousand Cuts"],"picked":"Dodge and Roll+1","floor":21},{"not_picked":["Underhanded Strike","Outmaneuver+1","Distraction+1"],"picked":"Singing Bowl","floor":22},{"not_picked":["Slice","Deadly Poison+1"],"picked":"Blade Dance+1","floor":28}],"player_experience":4200440,"relics_obtained":[{"floor":7,"key":"Centennial Puzzle"},{"floor":9,"key":"Gremlin Horn"},{"floor":11,"key":"Toxic Egg 2"},{"floor":17,"key":"MawBank"},{"floor":17,"key":"Singing Bowl"},{"floor":17,"key":"Mango"},{"floor":26,"key":"The Courier"}],"event_choices":[{"damage_healed":0,"gold_gain":50,"player_choice":"Pray","damage_taken":0,"max_hp_gain":0,"max_hp_loss":0,"event_name":"Golden Shrine","floor":12,"gold_loss":0},{"damage_healed":0,"gold_gain":0,"player_choice":"Ignored","damage_taken":0,"max_hp_gain":0,"max_hp_loss":0,"event_name":"The Mausoleum","floor":20,"gold_loss":0},{"damage_healed":0,"gold_gain":0,"player_choice":"Obtained Relic","damage_taken":0,"relics_obtained":["Vajra"],"max_hp_gain":0,"max_hp_loss":0,"event_name":"Addict","floor":24,"gold_loss":85},{"damage_healed":0,"gold_gain":0,"cards_transformed":["Strike_G"],"player_choice":"Transformed","damage_taken":0,"max_hp_gain":0,"max_hp_loss":0,"event_name":"Transmorgrifier","floor":25,"gold_loss":0,"cards_obtained":["Bouncing Flask"]}],"is_beta":false,"boss_relics":[{"not_picked":["Snecko Eye","Velvet Choker"],"picked":"Calling Bell"}],"items_purged_floors":[],"is_endless":false,"potions_floor_spawned":[1,4,10,11,19,21],"killed_by":"3 Cultists","ascension_level":20}