{"gold_per_floor":[117,131,143,143,157,157,187,206,206,233,248,248,267,267,267,343,343,357,385,142,152,152,152,152,152,152,152,162,62,75,93,93,164,164,183,483,493,94,108,133,148,161,161,161,11,24,55,69,69,69,69,69,69,12,40,40],"floor_reached":57,"playtime":3486,"items_purged":["Flying Knee","Poisoned Stab","Flying Knee","Flying Knee"],"score":2731,"play_id":"5ce30e56-b062-4839-8461-53e0f28620fc","local_time":"20190204012816","is_ascension_mode":true,"campfire_choices":[{"data":"Bouncing Flask","floor":6.0,"key":"SMITH"},{"data":"Neutralize","floor":12.0,"key":"SMITH"},{"data":"Backstab","floor":15.0,"key":"SMITH"},{"floor":23.0,"key":"REST"},{"floor":25.0,"key":"REST"},{"data":"Envenom","floor":27.0,"key":"SMITH"},{"data":"Envenom","floor":32.0,"key":"SMITH"},{"floor":44,"key":"RECALL"},{"floor":49,"key":"REST"},{"floor":53,"key":"REST"}],"neow_cost":"NONE","seed_source_timestamp":0,"circlet_count":0,"master_deck":["AscendersBane","Survivor","Neutralize+1","Backstab+1","Flying Knee","Flying Knee","Bouncing Flask+1","Dash","Deflect","Malaise","Venomology","Endless Agony","Tools of the Trade","Envenom+1","Reflex","Dodge and Roll","Grand Finale","Envenom+1","Backflip","Expertise+1","Well Laid Plans","Escape Plan","After Image","Footwork","Concentrate","Backflip","Tools of the Trade","PiercingWail","Catalyst"],"special_seed":0,"relics":["Ring of the Snake","Ancient Tea Set","Ninja Scroll","Incense Burner","Meat on the Bone","Pandora\u0027s Box","Red Mask","Anchor","Pantograph","Fusion Hammer","Sundial","Snake Skull","Mummified Hand","Shuriken"],"potions_floor_usage":[35,39,39,40,40,42,42,46,48,50,50,55,56,56,56],"damage_taken":[{"damage":1.0,"enemies":"Small Slimes","floor":1.0,"turns":3.0},{"damage":1.0,"enemies":"Cultist","floor":2.0,"turns":4.0},{"damage":2.0,"enemies":"2 Louse","floor":3.0,"turns":4.0},{"damage":0.0,"enemies":"Exordium Wildlife","floor":5.0,"turns":2.0},{"damage":3.0,"enemies":"Gremlin Nob","floor":7.0,"turns":3.0},{"damage":29.0,"enemies":"Gremlin Gang","floor":8.0,"turns":5.0},{"damage":17.0,"enemies":"3 Sentries","floor":10.0,"turns":5.0},{"damage":0.0,"enemies":"3 Louse","floor":11.0,"turns":3.0},{"damage":0.0,"enemies":"Large Slime","floor":13.0,"turns":6.0},{"damage":0.0,"enemies":"Slime Boss","floor":16.0,"turns":7.0},{"damage":25.0,"enemies":"Shell Parasite","floor":18.0,"turns":5.0},{"damage":25.0,"enemies":"Masked Bandits","floor":19.0,"turns":5.0},{"damage":15.0,"enemies":"Chosen","floor":21.0,"turns":5.0},{"damage":11.0,"enemies":"3 Cultists","floor":28.0,"turns":6.0},{"damage":0.0,"enemies":"Centurion and Healer","floor":30.0,"turns":3.0},{"damage":3.0,"enemies":"Snake Plant","floor":31.0,"turns":5.0},{"damage":11.0,"enemies":"Automaton","floor":33.0,"turns":7.0},{"damage":0,"enemies":"3 Darklings","floor":35,"turns":3},{"damage":0,"enemies":"3 Shapes","floor":37,"turns":9},{"damage":5,"enemies":"Sphere and 2 Shapes","floor":39,"turns":6},{"damage":15,"enemies":"Giant Head","floor":40,"turns":7},{"damage":9,"enemies":"3 Darklings","floor":41,"turns":6},{"damage":10,"enemies":"Spire Growth","floor":42,"turns":4},{"damage":0,"enemies":"Sphere and 2 Shapes","floor":46,"turns":3},{"damage":8,"enemies":"Nemesis","floor":47,"turns":7},{"damage":6,"enemies":"Writhing Mass","floor":48,"turns":4},{"damage":30,"enemies":"Time Eater","floor":50,"turns":12},{"damage":56,"enemies":"Awakened One","floor":51,"turns":16},{"damage":28,"enemies":"Shield and Spear","floor":55,"turns":7},{"damage":68,"enemies":"The Heart","floor":56,"turns":8}],"seed_played":"6685888290959613956","potions_obtained":[{"floor":3.0,"key":"SpeedPotion"},{"floor":5.0,"key":"Regen Potion"},{"floor":10.0,"key":"Fire Potion"},{"floor":11.0,"key":"Fire Potion"},{"floor":21.0,"key":"Explosive Potion"},{"floor":30.0,"key":"PowerPotion"},{"floor":41,"key":"Block Potion"},{"floor":42,"key":"Explosive Potion"}],"is_trial":false,"path_per_floor":["M","M","M","?","M","R","E","M","T","E","M","R","M","?","R","B",null,"M","?","$","M","?","R","?","R","T","R","M","$","M","M","R","B",null,"M","?","M","$","M","E","M","M","T","R","$","M","E","M","R","B","B",null,"R","$","E","B",null],"character_chosen":"THE_SILENT","items_purchased":["Anchor","Sundial","Dexterity Potion"],"campfire_rested":4,"item_purchase_floors":[20,38,54],"current_hp_per_floor":[58,57,55,60,60,60,57,42,42,25,25,25,25,25,25,37,63,38,25,25,22,2,24,24,46,46,46,47,47,47,44,44,58,72,72,72,72,72,67,52,43,45,45,45,45,45,49,43,65,46,27,64,76,76,48,17],"gold":40,"neow_bonus":"THREE_CARDS","is_prod":false,"is_daily":false,"chose_seed":false,"campfire_upgraded":5,"win_rate":0,"timestamp":1549211296,"path_taken":["M","M","M","?","M","R","E","M","T","E","M","R","M","?","R","BOSS","M","?","$","M","?","R","?","R","T","R","M","$","M","M","R","BOSS","M","?","?","$","M","E","M","M","T","R","$","M","E","M","R","BOSS","BOSS","R","$","E","BOSS"],"build_version":"2019-01-23","purchased_purges":4,"victory":true,"max_hp_per_floor":[66,66,66,71,71,71,71,71,71,71,71,71,71,71,71,71,71,71,71,71,71,76,76,76,76,76,76,76,76,76,76,76,76,76,76,76,76,76,76,76,76,76,76,76,76,76,76,76,76,76,76,76,76,76,76,76],"card_choices":[{"not_picked":["Dodge and Roll","Blade Dance"],"picked":"Backstab","floor":0.0},{"not_picked":["Expertise","Deflect"],"picked":"Dagger Spray","floor":1.0},{"not_picked":["Blade Dance","Dagger Throw"],"picked":"Flying Knee","floor":2.0},{"not_picked":["Prepared","Acrobatics"],"picked":"Flying Knee","floor":3.0},{"not_picked":["Acrobatics","Flying Knee"],"picked":"Bouncing Flask","floor":5.0},{"not_picked":["Accuracy","Slice"],"picked":"Poisoned Stab","floor":7.0},{"not_picked":["Deflect","Deadly Poison"],"picked":"Flying Knee","floor":8.0},{"not_picked":["Dagger Throw","Burst"],"picked":"Dash","floor":10.0},{"not_picked":["Deadly Poison","Prepared"],"picked":"Flying Knee","floor":11.0},{"not_picked":["Blade Dance","Quick Slash"],"picked":"Deflect","floor":13.0},{"not_picked":["A Thousand Cuts","After Image"],"picked":"Malaise","floor":16.0},{"not_picked":["Sucker Punch","Dagger Throw"],"picked":"Backflip","floor":18.0},{"not_picked":["Riddle With Holes","Quick Slash"],"picked":"Expertise+1","floor":21.0},{"not_picked":["Flying Knee+1","Slice"],"picked":"Well Laid Plans","floor":28.0},{"not_picked":["Backstab","Sucker Punch"],"picked":"Escape Plan","floor":30.0},{"not_picked":["Sucker Punch","Quick Slash","Bane"],"picked":"SKIP","floor":31.0},{"not_picked":["Venomology","Wraith Form v2"],"picked":"After Image","floor":33.0},{"not_picked":["Backstab","Deadly Poison+1"],"picked":"Footwork","floor":35},{"not_picked":["Distraction","Cloak And Dagger","Dash"],"picked":"SKIP","floor":37},{"not_picked":["Sucker Punch","Bane"],"picked":"Concentrate","floor":39},{"not_picked":["Backstab+1","Skewer","Tactician"],"picked":"SKIP","floor":40},{"not_picked":["Bane+1","Slice","Dagger Spray"],"picked":"SKIP","floor":41},{"not_picked":["Setup","Bouncing Flask+1"],"picked":"Backflip","floor":42},{"not_picked":["Slice","Reflex","Riddle With Holes+1"],"picked":"SKIP","floor":46},{"not_picked":["Dodge and Roll","Cloak And Dagger"],"picked":"Tools of the Trade","floor":47},{"not_picked":["Poisoned Stab","Flying Knee+1"],"picked":"PiercingWail","floor":48},{"not_picked":["Cloak And Dagger","Glass Knife"],"picked":"Catalyst","floor":55}],"player_experience":4204145,"relics_obtained":[{"floor":7.0,"key":"Ancient Tea Set"},{"floor":9.0,"key":"Ninja Scroll"},{"floor":10.0,"key":"Incense Burner"},{"floor":19.0,"key":"Red Mask"},{"floor":26.0,"key":"Pantograph"},{"floor":40,"key":"Snake Skull"},{"floor":47,"key":"Mummified Hand"},{"floor":55,"key":"Shuriken"}],"event_choices":[{"damage_healed":0.0,"max_hp_gain":5.0,"max_hp_loss":0.0,"gold_gain":0.0,"event_name":"Big Fish","player_choice":"Donut","floor":4.0,"gold_loss":0.0,"damage_taken":0.0},{"cards_removed":["Dagger Spray"],"damage_healed":0.0,"max_hp_gain":0.0,"max_hp_loss":0.0,"gold_gain":0.0,"event_name":"WeMeetAgain","player_choice":"Gave Card","floor":14.0,"gold_loss":0.0,"damage_taken":0.0,"relics_obtained":["Meat on the Bone"]},{"damage_healed":0.0,"max_hp_gain":0.0,"max_hp_loss":0.0,"gold_gain":0.0,"event_name":"Masked Bandits","player_choice":"Fought Bandits","floor":19.0,"gold_loss":0.0,"damage_taken":0.0},{"damage_healed":0.0,"max_hp_gain":5.0,"max_hp_loss":0.0,"gold_gain":0.0,"event_name":"Forgotten Altar","player_choice":"Shed Blood","floor":22.0,"gold_loss":0.0,"damage_taken":25.0},{"cards_removed":["Outmaneuver"],"damage_healed":0.0,"max_hp_gain":0.0,"max_hp_loss":0.0,"gold_gain":0.0,"event_name":"Back to Basics","player_choice":"Elegance","floor":24.0,"gold_loss":0.0,"damage_taken":0.0},{"damage_healed":0,"gold_gain":300,"player_choice":"Gold","damage_taken":0,"max_hp_gain":0,"max_hp_loss":0,"event_name":"Wheel of Change","floor":36,"gold_loss":0}],"is_beta":false,"boss_relics":[{"not_picked":["Black Star","Coffee Dripper"],"picked":"Pandora\u0027s Box"},{"not_picked":["Tiny House","Runic Dome"],"picked":"Fusion Hammer"}],"items_purged_floors":[20,29,38,45],"is_endless":false,"potions_floor_spawned":[3,5,10,11,21,28,30,41,42,48],"ascension_level":20}