{"gold_per_floor":[116,116,41,64,64,97,97,131,158,158,174,7,21,35,35,126,126,146,146,162,182,53,53,53,71,71,104,123,123,157,178,178,178],"floor_reached":33,"playtime":1182,"items_purged":["Strike_R","Strike_R"],"score":604,"play_id":"796b6f97-6d08-4942-a6d1-801aaded86dd","local_time":"20190127134244","is_ascension_mode":true,"campfire_choices":[{"data":"Whirlwind","floor":7.0,"key":"SMITH"},{"data":"True Grit","floor":10.0,"key":"SMITH"},{"data":"Body Slam","floor":15.0,"key":"SMITH"},{"data":"Bludgeon","floor":23,"key":"SMITH"},{"data":"Inflame","floor":29,"key":"SMITH"},{"data":"Shockwave","floor":32,"key":"SMITH"}],"neow_cost":"NONE","seed_source_timestamp":64682561495946,"circlet_count":0,"master_deck":["AscendersBane","Strike_R","Defend_R","Defend_R","Defend_R","Defend_R","Bash","Whirlwind+1","True Grit+1","Shrug It Off","Thunderclap","Body Slam+1","Shrug It Off","Flame Barrier","Clothesline","Uppercut","Fiend Fire","Bludgeon+1","Shockwave+1","Pommel Strike","Inflame+1","Iron Wave","Disarm"],"special_seed":0,"relics":["Burning Blood","NeowsBlessing","Golden Idol","Ancient Tea Set","Smiling Mask","Oddly Smooth Stone","Coffee Dripper","Paper Frog","Mango","Bottled Tornado","Red Mask"],"potions_floor_usage":[18,20,25,25,25,27,30],"damage_taken":[{"damage":0.0,"enemies":"Jaw Worm","floor":1.0,"turns":1.0},{"damage":0.0,"enemies":"2 Louse","floor":4.0,"turns":1.0},{"damage":0.0,"enemies":"Lagavulin","floor":6.0,"turns":1.0},{"damage":8.0,"enemies":"Gremlin Nob","floor":8.0,"turns":3.0},{"damage":6.0,"enemies":"Small Slimes","floor":11.0,"turns":4.0},{"damage":0.0,"enemies":"3 Louse","floor":13.0,"turns":1.0},{"damage":2.0,"enemies":"Lots of Slimes","floor":14.0,"turns":2.0},{"damage":18.0,"enemies":"The Guardian","floor":16.0,"turns":15.0},{"damage":13,"enemies":"Spheric Guardian","floor":18,"turns":7},{"damage":15,"enemies":"Shell Parasite","floor":20,"turns":7},{"damage":5,"enemies":"Snake Plant","floor":21,"turns":4},{"damage":11,"enemies":"Shelled Parasite and Fungi","floor":25,"turns":4},{"damage":18,"enemies":"Gremlin Leader","floor":27,"turns":3},{"damage":3,"enemies":"Cultist and Chosen","floor":28,"turns":4},{"damage":12,"enemies":"Masked Bandits","floor":30,"turns":4},{"damage":1,"enemies":"3 Cultists","floor":31,"turns":3},{"damage":84,"enemies":"Champ","floor":33,"turns":9}],"seed_played":"-4269435914320767808","potions_obtained":[{"floor":1.0,"key":"Energy Potion"},{"floor":4.0,"key":"PowerPotion"},{"floor":11.0,"key":"EssenceOfSteel"},{"floor":18,"key":"Poison Potion"},{"floor":20,"key":"EntropicBrew"},{"floor":28,"key":"Poison Potion"}],"is_trial":false,"path_per_floor":["M","?","?","M","?","E","R","E","T","R","M","$","M","M","R","B",null,"M","?","M","M","$","R","T","M","T","E","M","R","?","M","R","B"],"character_chosen":"IRONCLAD","items_purchased":["Shrug It Off","Flame Barrier","Inflame"],"campfire_rested":0,"item_purchase_floors":[12,12,22],"current_hp_per_floor":[74,48,48,54,54,60,60,58,58,58,58,58,64,68,68,56,70,63,63,54,55,55,55,55,50,64,52,55,55,49,54,54,0],"gold":178,"neow_bonus":"THREE_ENEMY_KILL","is_prod":false,"is_daily":false,"chose_seed":false,"campfire_upgraded":6,"win_rate":0,"timestamp":1548614564,"path_taken":["M","?","?","M","?","E","R","E","T","R","M","$","M","M","R","BOSS","M","?","M","?","$","R","?","M","T","E","M","R","?","M","R","BOSS"],"build_version":"2019-01-23","purchased_purges":2,"victory":false,"max_hp_per_floor":[75,75,75,75,75,75,75,75,75,75,75,75,75,75,75,75,75,75,75,75,75,75,75,75,75,89,89,89,89,89,89,89,89],"card_choices":[{"not_picked":["Second Wind","Armaments"],"picked":"Whirlwind","floor":1.0},{"not_picked":["Second Wind","Sever Soul"],"picked":"True Grit","floor":4.0},{"not_picked":["Heavy Blade","Cleave"],"picked":"Shrug It Off","floor":6.0},{"not_picked":["True Grit","Clash"],"picked":"Thunderclap","floor":8.0},{"not_picked":["Heavy Blade","Body Slam","Twin Strike"],"picked":"SKIP","floor":11.0},{"not_picked":["Heavy Blade","Twin Strike"],"picked":"Body Slam","floor":11.0},{"not_picked":["Pommel Strike","Flex"],"picked":"Clothesline","floor":13.0},{"not_picked":["Shrug It Off","Power Through"],"picked":"Uppercut","floor":14.0},{"not_picked":["Dark Embrace","Brutality"],"picked":"Fiend Fire","floor":16.0},{"not_picked":["Infernal Blade","Clothesline","Rage"],"picked":"SKIP","floor":18},{"not_picked":["Warcry","Armaments"],"picked":"Shockwave","floor":20},{"not_picked":["Wild Strike","Perfected Strike"],"picked":"Pommel Strike","floor":21},{"not_picked":["Searing Blow","Armaments","Wild Strike+1"],"picked":"SKIP","floor":25},{"not_picked":["Burning Pact","Headbutt","Cleave"],"picked":"SKIP","floor":27},{"not_picked":["Blood for Blood","True Grit","Ghostly Armor"],"picked":"SKIP","floor":28},{"not_picked":["Bloodletting","Havoc"],"picked":"Iron Wave","floor":30},{"not_picked":["Havoc","Entrench"],"picked":"Disarm","floor":31}],"player_experience":854672,"relics_obtained":[{"floor":6.0,"key":"Ancient Tea Set"},{"floor":8.0,"key":"Smiling Mask"},{"floor":9.0,"key":"Oddly Smooth Stone"},{"floor":24,"key":"Paper Frog"},{"floor":26,"key":"Mango"},{"floor":27,"key":"Bottled Tornado"},{"floor":30,"key":"Red Mask"}],"event_choices":[{"damage_healed":0.0,"max_hp_gain":0.0,"max_hp_loss":0.0,"gold_gain":0.0,"event_name":"Golden Idol","player_choice":"Take Damage","floor":2.0,"gold_loss":0.0,"damage_taken":26.0,"relics_obtained":["Golden Idol"]},{"cards_removed":["Strike_R"],"damage_healed":0.0,"max_hp_gain":0.0,"max_hp_loss":0.0,"gold_gain":0.0,"event_name":"The Cleric","player_choice":"Card Removal","floor":3.0,"gold_loss":75.0,"damage_taken":0.0},{"damage_healed":0.0,"max_hp_gain":0.0,"max_hp_loss":0.0,"gold_gain":0.0,"event_name":"Liars Game","player_choice":"Ignored","floor":5.0,"gold_loss":0.0,"damage_taken":0.0},{"damage_healed":0,"gold_gain":0,"cards_transformed":["Strike_R"],"player_choice":"Transformed","damage_taken":0,"max_hp_gain":0,"max_hp_loss":0,"event_name":"Transmorgrifier","floor":19,"gold_loss":0,"cards_obtained":["Bludgeon"]},{"damage_healed":0,"gold_gain":0,"player_choice":"Fought Bandits","damage_taken":0,"max_hp_gain":0,"max_hp_loss":0,"event_name":"Masked Bandits","floor":30,"gold_loss":0}],"is_beta":true,"boss_relics":[{"not_picked":["Calling Bell","Pandora\u0027s Box"],"picked":"Coffee Dripper"}],"items_purged_floors":[12,22],"is_endless":false,"potions_floor_spawned":[1,4,11,18,20,28],"killed_by":"Champ","ascension_level":20}