{"gold_per_floor":[115,115,126,140,65,65,78,91,91,91,91,123,123,134,153,153,252,252,266,216,231,245,245,245,261,261,261,261,261,271,290,115,129,129,232,232,246,259,36,136,136,161,161,161,231,231,231,231,250,250,268,268,268],"floor_reached":53,"playtime":2877,"items_purged":["Slice","Slice","Blade Dance"],"score":541,"play_id":"fa0290cb-90c5-463a-aaab-9bc0ac241610","local_time":"20190208002459","is_ascension_mode":false,"campfire_choices":[{"data":"Acrobatics","floor":6,"key":"SMITH"},{"data":"Caltrops","floor":11,"key":"SMITH"},{"data":"Prepared","floor":16,"key":"SMITH"},{"data":"Masterful Stab","floor":24,"key":"SMITH"},{"data":"Dash","floor":26,"key":"SMITH"},{"data":"Underhanded Strike","floor":29,"key":"SMITH"},{"floor":34,"key":"REST"},{"floor":43,"key":"REST"},{"data":"Dash","floor":48,"key":"SMITH"},{"floor":52,"key":"REST"}],"neow_cost":"NONE","seed_source_timestamp":708836986614600,"circlet_count":0,"master_deck":["Acrobatics+1","Underhanded Strike","Underhanded Strike+1","Dodge and Roll","Tactician","Dodge and Roll","Dash+1","PiercingWail","Infinite Blades","Cloak And Dagger","Reflex","Caltrops+1","Masterful Stab+1","Doppelganger","Prepared+1","Unload","Outmaneuver+1","Slice","Masterful Stab","Dash+1","Envenom","Escape Plan+1","Blind","Quick Slash","Writhe","Deflect+1","Slice+1"],"relics":["Snecko Eye","Strawberry","Orichalcum","Bottled Lightning","Velvet Choker","HoveringKite","Du-Vu Doll","Juzu Bracelet","Singing Bowl"],"potions_floor_usage":[53,53,53],"damage_taken":[{"damage":0,"enemies":"Small Slimes","floor":1,"turns":2},{"damage":0,"enemies":"Cultist","floor":3,"turns":2},{"damage":0,"enemies":"Jaw Worm","floor":4,"turns":2},{"damage":0,"enemies":"Red Slaver","floor":7,"turns":3},{"damage":0,"enemies":"3 Louse","floor":8,"turns":3},{"damage":6,"enemies":"Gremlin Nob","floor":12,"turns":3},{"damage":4,"enemies":"Exordium Thugs","floor":14,"turns":4},{"damage":0,"enemies":"Looter","floor":15,"turns":2},{"damage":0,"enemies":"Slime Boss","floor":17,"turns":6},{"damage":2,"enemies":"Shell Parasite","floor":19,"turns":4},{"damage":8,"enemies":"2 Thieves","floor":21,"turns":4},{"damage":1,"enemies":"Snecko","floor":22,"turns":4},{"damage":4,"enemies":"Centurion and Healer","floor":25,"turns":5},{"damage":0,"enemies":"Snake Plant","floor":30,"turns":4},{"damage":7,"enemies":"Shelled Parasite and Fungi","floor":31,"turns":4},{"damage":0,"enemies":"Cultist and Chosen","floor":33,"turns":6},{"damage":43,"enemies":"Automaton","floor":35,"turns":11},{"damage":0,"enemies":"Orb Walker","floor":37,"turns":2},{"damage":2,"enemies":"3 Darklings","floor":38,"turns":5},{"damage":1,"enemies":"Mind Bloom Boss Battle","floor":40,"turns":8},{"damage":39,"enemies":"Reptomancer","floor":42,"turns":8},{"damage":15,"enemies":"4 Shapes","floor":49,"turns":12},{"damage":6,"enemies":"Transient","floor":51,"turns":5},{"damage":80,"enemies":"Donu and Deca","floor":53,"turns":9}],"seed_played":"-5353157849607093434","potions_obtained":[{"floor":4,"key":"EssenceOfSteel"},{"floor":12,"key":"Explosive Potion"},{"floor":15,"key":"SkillPotion"},{"floor":17,"key":"GamblersBrew"},{"floor":19,"key":"GhostInAJar"},{"floor":33,"key":"SpeedPotion"}],"is_trial":false,"path_per_floor":["M","?","M","M","$","R","M","M","T","T","R","E","$","M","M","R","B",null,"M","?","M","M","?","R","M","R","T","T","R","M","M","$","M","R","B",null,"M","M","$","?","?","E","R","?","T","T","?","R","M","?","M","R","B"],"character_chosen":"THE_SILENT","items_purchased":["Dash","Blind"],"campfire_rested":3,"item_purchase_floors":[32,39],"current_hp_per_floor":[70,77,77,77,77,77,77,77,77,77,77,71,71,67,67,67,67,77,75,75,67,66,66,66,62,62,62,62,62,62,55,55,55,77,34,77,77,75,75,74,77,38,61,61,61,61,61,61,46,46,40,63,0],"gold":268,"neow_bonus":"BOSS_RELIC","is_prod":false,"is_daily":false,"chose_seed":false,"campfire_upgraded":7,"win_rate":0,"timestamp":1549553099,"path_taken":["M","?","M","?","$","R","M","M","T","R","E","?","M","M","R","BOSS","M","?","M","?","?","R","M","R","T","R","M","M","$","?","R","BOSS","M","M","$","?","?","E","R","?","T","?","R","M","?","M","R","BOSS"],"build_version":"2019-01-23","purchased_purges":3,"victory":false,"max_hp_per_floor":[70,77,77,77,77,77,77,77,77,77,77,77,77,77,77,77,77,77,77,77,77,77,77,77,77,77,77,77,77,77,77,77,77,77,77,77,77,77,77,77,77,77,77,77,77,77,77,77,77,77,77,77,77],"card_choices":[{"not_picked":["PiercingWail","Dodge and Roll"],"picked":"Cloak And Dagger","floor":1},{"not_picked":["Backflip","Bouncing Flask"],"picked":"Reflex","floor":3},{"not_picked":["PiercingWail","Deflect"],"picked":"Slice","floor":4},{"not_picked":["Deadly Poison","Sucker Punch"],"picked":"Caltrops","floor":7},{"not_picked":["Blade Dance","Blur"],"picked":"Masterful Stab","floor":8},{"not_picked":["Acrobatics","Cloak And Dagger"],"picked":"Doppelganger","floor":12},{"not_picked":["Acrobatics","Riddle With Holes"],"picked":"Prepared","floor":14},{"not_picked":["Glass Knife","Malaise"],"picked":"Unload","floor":17},{"not_picked":["Skewer+1","Noxious Fumes"],"picked":"Outmaneuver+1","floor":19},{"not_picked":["Calculated Gamble","Sucker Punch+1"],"picked":"Slice","floor":21},{"not_picked":["Poisoned Stab+1","Bouncing Flask"],"picked":"Prepared","floor":22},{"not_picked":["Deadly Poison","Underhanded Strike"],"picked":"Slice","floor":25},{"not_picked":["All Out Attack","Noxious Fumes"],"picked":"Masterful Stab","floor":31},{"not_picked":["Wraith Form v2","A Thousand Cuts"],"picked":"Envenom","floor":35},{"not_picked":["Blade Dance+1","Setup"],"picked":"Escape Plan+1","floor":37},{"not_picked":["Flying Knee+1","Backflip"],"picked":"Blade Dance","floor":38},{"not_picked":["Backflip","Underhanded Strike+1"],"picked":"Quick Slash","floor":40},{"not_picked":["Flying Knee","Doppelganger"],"picked":"Blade Dance","floor":42},{"not_picked":["Bane","Leg Sweep+1"],"picked":"Deflect+1","floor":49},{"not_picked":["Poisoned Stab+1","Deadly Poison+1"],"picked":"Slice+1","floor":51}],"player_experience":4214593,"relics_obtained":[{"floor":9,"key":"Orichalcum"},{"floor":12,"key":"Bottled Lightning"},{"floor":40,"key":"Du-Vu Doll"},{"floor":42,"key":"Juzu Bracelet"},{"floor":45,"key":"Singing Bowl"}],"event_choices":[{"cards_removed":["Well Laid Plans"],"damage_healed":0,"gold_gain":0,"player_choice":"Gave Card","damage_taken":0,"relics_obtained":["Strawberry"],"max_hp_gain":0,"max_hp_loss":0,"event_name":"WeMeetAgain","floor":2,"gold_loss":0},{"damage_healed":0,"gold_gain":0,"player_choice":"Bet on Murderer","damage_taken":0,"max_hp_gain":0,"max_hp_loss":0,"event_name":"The Joust","floor":20,"gold_loss":50},{"cards_removed":["Prepared"],"damage_healed":0,"gold_gain":0,"player_choice":"Purged","damage_taken":0,"max_hp_gain":0,"max_hp_loss":0,"event_name":"Purifier","floor":23,"gold_loss":0},{"damage_healed":0,"gold_gain":0,"player_choice":"Fight","damage_taken":0,"max_hp_gain":0,"max_hp_loss":0,"event_name":"MindBloom","floor":40,"gold_loss":0},{"damage_healed":19,"gold_gain":0,"player_choice":"Writhe","damage_taken":0,"max_hp_gain":0,"max_hp_loss":0,"event_name":"Winding Halls","floor":41,"gold_loss":0,"cards_obtained":["Writhe"]},{"damage_healed":0,"gold_gain":0,"player_choice":"Ignored","damage_taken":0,"max_hp_gain":0,"max_hp_loss":0,"event_name":"Tomb of Lord Red Mask","floor":44,"gold_loss":0},{"damage_healed":0,"gold_gain":0,"player_choice":"Memory 1","damage_taken":0,"max_hp_gain":0,"max_hp_loss":0,"event_name":"SensoryStone","floor":47,"gold_loss":0},{"cards_removed":["Blade Dance"],"damage_healed":0,"gold_gain":0,"player_choice":"Removed Skill","damage_taken":0,"max_hp_gain":0,"max_hp_loss":0,"event_name":"Falling","floor":50,"gold_loss":0}],"is_beta":false,"boss_relics":[{"not_picked":["Black Star","Sozu"],"picked":"Velvet Choker"},{"not_picked":["Eternal Feather","Orrery"],"picked":"HoveringKite"}],"items_purged_floors":[5,32,39],"is_endless":false,"potions_floor_spawned":[4,12,15,17,19,33,37,40,42,49],"killed_by":"Donu and Deca","ascension_level":0}