{"gold_per_floor":[116,116,191,191,116,116,133,153,153,153,173,199,199,217,217,294,344,364,76,76,76,96,96,96,123,174,186,229,257,269,63,63,139,139,157,15,31,31,131,131,156,156,180,210,210,230,90,105,105,105],"floor_reached":51,"playtime":1713,"items_purged":["Defend_G","Strike_G","Strike_G","Defend_G","Defend_G"],"score":1300,"play_id":"7a6a03a2-c643-4a49-8871-89bb5c65c571","local_time":"20190116233632","is_ascension_mode":true,"campfire_choices":[{"data":"Neutralize","floor":6.0,"key":"SMITH"},{"data":"ReplayTheSpireMod:Scrap Shanks","floor":10.0,"key":"SMITH"},{"data":"Prepared","floor":13.0,"key":"SMITH"},{"data":"Storm of Steel","floor":15.0,"key":"SMITH"},{"floor":23.0,"key":"REST"},{"data":"Master of Strategy","floor":27.0,"key":"SMITH"},{"floor":30.0,"key":"REST"},{"data":"Hidden Blade","floor":32.0,"key":"SMITH"},{"data":"Tactician","floor":40.0,"key":"SMITH"},{"data":"Reflex","floor":45,"key":"SMITH"},{"data":"Accuracy","floor":49,"key":"SMITH"}],"neow_cost":"TEN_PERCENT_HP_LOSS","seed_source_timestamp":538087918922385,"circlet_count":0,"master_deck":["AscendersBane","Defend_G+1","Strike_G+1","Survivor","Neutralize+1","ReplayTheSpireMod:Scrap Shanks+1","Choke","ReplayTheSpireMod:Scrap Shanks+1","Prepared+1","Storm of Steel+1","Hidden Blade+1","Master of Strategy+1","Backflip+1","Grand Finale","Prepared","Tactician+1","Accuracy+1","Well Laid Plans+1","Reflex+1","ReplayTheSpireMod:Scrap Shanks+1"],"special_seed":0,"relics":["Ring of the Snake","Replay:Wax Seal","Tiny House","MutagenicStrength","Nilry\u0027s Codex","Blue Doll","MawBank","The Courier","Simple Rune","Coffee Dripper","Paper Crane","Mango","Dream Catcher","ReplayFunnel","Bronze Scales"],"potions_floor_usage":[50,50],"damage_taken":[{"damage":0.0,"enemies":"Small Slimes","floor":1.0,"turns":5.0},{"damage":4.0,"enemies":"Jaw Worm","floor":7.0,"turns":4.0},{"damage":0.0,"enemies":"2 Louse","floor":8.0,"turns":2.0},{"damage":1.0,"enemies":"Blue Slaver","floor":11.0,"turns":4.0},{"damage":7.0,"enemies":"Lagavulin","floor":12.0,"turns":6.0},{"damage":7.0,"enemies":"Exordium Wildlife","floor":14.0,"turns":6.0},{"damage":10.0,"enemies":"Hexaghost","floor":16.0,"turns":8.0},{"damage":0.0,"enemies":"2 Thieves","floor":18.0,"turns":3.0},{"damage":12.0,"enemies":"Shell Parasite","floor":22.0,"turns":4.0},{"damage":17.0,"enemies":"Slavers","floor":25.0,"turns":3.0},{"damage":20.0,"enemies":"Gremlin Leader","floor":28.0,"turns":6.0},{"damage":4.0,"enemies":"Chosen and Byrds","floor":29.0,"turns":3.0},{"damage":15.0,"enemies":"Champ","floor":33.0,"turns":5.0},{"damage":2.0,"enemies":"3 Darklings","floor":35.0,"turns":3.0},{"damage":0.0,"enemies":"3 Shapes","floor":37.0,"turns":1.0},{"damage":12.0,"enemies":"Mind Bloom Boss Battle","floor":39.0,"turns":8.0},{"damage":26.0,"enemies":"R_Hoarder","floor":41.0,"turns":6.0},{"damage":9.0,"enemies":"Reptomancer","floor":44.0,"turns":3.0},{"damage":0,"enemies":"Sphere and 2 Shapes","floor":46,"turns":1},{"damage":0,"enemies":"Jaw Worm Horde","floor":48,"turns":1},{"damage":15,"enemies":"Awakened One","floor":50,"turns":4}],"seed_played":"4463186631753366555","potions_obtained":[{"floor":1.0,"key":"Block Potion"},{"floor":8.0,"key":"Fire Potion"},{"floor":25.0,"key":"Milkshake"},{"floor":28.0,"key":"Swift Potion"},{"floor":33.0,"key":"Weak Potion"},{"floor":39.0,"key":"FearPotion"}],"is_trial":false,"path_per_floor":["M","?","?","?","$","R","M","M","T","R","M","E","R","M","R","B",null,"M","$","?","?","M","R","?","E","T","R","E","M","R","$","R","B",null,"M","$","M","T","?","R","E","?","T","E","R","M","$","M","R","B",null],"character_chosen":"THE_SILENT","items_purchased":["Master of Strategy","Simple Rune","Accuracy"],"campfire_rested":2,"item_purchase_floors":[19,31,36],"current_hp_per_floor":[59,59,48,48,48,48,44,44,44,44,43,36,36,29,29,19,55,55,55,55,34,22,41,54,37,37,37,17,13,32,32,32,17,53,51,51,51,51,53,53,31,65,65,56,56,56,56,56,56,41],"gold":105,"neow_bonus":"REMOVE_TWO","is_prod":false,"is_daily":false,"chose_seed":false,"campfire_upgraded":9,"win_rate":0,"timestamp":1547649392,"path_taken":["M","?","?","?","?","R","M","M","T","R","M","E","R","M","R","BOSS","M","$","?","?","M","R","?","E","T","R","E","?","R","$","R","BOSS","M","$","M","?","?","R","E","?","T","E","R","M","$","M","R","BOSS"],"build_version":"2019-01-10","purchased_purges":5,"victory":true,"max_hp_per_floor":[60,60,60,60,60,60,60,60,60,60,60,60,60,60,60,60,65,65,65,65,65,65,65,65,65,65,65,65,65,65,65,65,65,65,65,65,65,65,79,79,79,65,65,65,65,65,65,65,65,65],"card_choices":[{"not_picked":["Distraction","Quick Slash"],"picked":"Dagger Throw","floor":1.0},{"not_picked":["Eviscerate","Choke","Underhanded Strike"],"picked":"SKIP","floor":7.0},{"not_picked":["Eviscerate","Underhanded Strike"],"picked":"Choke","floor":7.0},{"not_picked":["Deflect","Fluid Movement"],"picked":"ReplayTheSpireMod:Scrap Shanks","floor":8.0},{"not_picked":["Deadly Poison","Hidden Blade","Eviscerate"],"picked":"SKIP","floor":11.0},{"not_picked":["Endless Agony","Masterful Stab"],"picked":"Prepared","floor":12.0},{"not_picked":["Deadly Poison","Escape Plan"],"picked":"Storm of Steel","floor":14.0},{"not_picked":["Skewer","Riddle With Holes"],"picked":"Hidden Blade","floor":18.0},{"not_picked":["Dodge and Roll","Poisoned Stab"],"picked":"Backflip+1","floor":22.0},{"not_picked":["Escape Plan","Dodge and Roll"],"picked":"Grand Finale","floor":25.0},{"not_picked":["Catalyst","Eviscerate","Caltrops"],"picked":"SKIP","floor":28.0},{"not_picked":["Hidden Blade","Backflip"],"picked":"Prepared","floor":29.0},{"not_picked":["Fluid Movement","Flechettes+1"],"picked":"Tactician","floor":35.0},{"not_picked":["Finisher","Deflect","ReplayTheSpireMod:Scrap Shanks"],"picked":"SKIP","floor":37.0},{"not_picked":["Finisher","Deflect","ReplayTheSpireMod:Scrap Shanks"],"picked":"SKIP","floor":37.0},{"not_picked":["Toxin Wave","Underhanded Strike"],"picked":"Well Laid Plans+1","floor":39.0},{"not_picked":["Outmaneuver","Deadly Poison+1","Dash"],"picked":"SKIP","floor":41.0},{"not_picked":["Deadly Poison","Flying Knee"],"picked":"Reflex","floor":44.0},{"not_picked":["Flechettes","Quick Slash","Poisoned Stab"],"picked":"SKIP","floor":46},{"not_picked":["Bane","Distraction"],"picked":"ReplayTheSpireMod:Scrap Shanks+1","floor":48}],"player_experience":4099186,"relics_obtained":[{"floor":12.0,"key":"Replay:Wax Seal"},{"floor":21.0,"key":"Nilry\u0027s Codex"},{"floor":25.0,"key":"Blue Doll"},{"floor":26.0,"key":"MawBank"},{"floor":28.0,"key":"The Courier"},{"floor":38.0,"key":"Paper Crane"},{"floor":39.0,"key":"Mango"},{"floor":41.0,"key":"Dream Catcher"},{"floor":43.0,"key":"ReplayFunnel"},{"floor":44.0,"key":"Bronze Scales"}],"event_choices":[{"damage_healed":0.0,"max_hp_gain":0.0,"max_hp_loss":0.0,"gold_gain":75.0,"event_name":"World of Goop","player_choice":"Gather Gold","floor":3.0,"gold_loss":0.0,"damage_taken":11.0},{"damage_healed":0.0,"max_hp_gain":0.0,"max_hp_loss":0.0,"gold_gain":0.0,"event_name":"Drug Dealer","player_choice":"Inject Mutagens","floor":20.0,"gold_loss":0.0,"damage_taken":0.0,"relics_obtained":["MutagenicStrength"]},{"damage_healed":0.0,"max_hp_gain":0.0,"max_hp_loss":0.0,"gold_gain":0.0,"event_name":"Cursed Tome","player_choice":"Obtained Book","floor":21.0,"gold_loss":0.0,"damage_taken":21.0},{"damage_healed":13.0,"max_hp_gain":0.0,"max_hp_loss":0.0,"gold_gain":0.0,"event_name":"The Library","player_choice":"Heal","floor":24.0,"gold_loss":0.0,"damage_taken":0.0},{"damage_healed":0.0,"max_hp_gain":0.0,"max_hp_loss":0.0,"gold_gain":0.0,"event_name":"MindBloom","player_choice":"Fight","floor":39.0,"gold_loss":0.0,"damage_taken":0.0},{"damage_healed":65.0,"max_hp_gain":0.0,"max_hp_loss":14.0,"gold_gain":0.0,"event_name":"The Moai Head","player_choice":"Heal","floor":42.0,"gold_loss":0.0,"damage_taken":0.0}],"is_beta":false,"boss_relics":[{"not_picked":["Velvet Choker","Runic Dome"],"picked":"Tiny House"},{"not_picked":["Orrery","White Beast Statue"],"picked":"Coffee Dripper"}],"items_purged_floors":[5,19,31,36,47],"is_endless":false,"potions_floor_spawned":[1,8,12,25,28,33,39,41,44,46],"ascension_level":15}