{"gold_per_floor":[18,18,93,112,112,112,123,451,451,461,474,492,526,88,88,186,186,202,301,320,69,89,122,122,122,122,132,145,145,173,191,191,293,293,306,306,306],"floor_reached":38,"playtime":1930,"items_purged":["Strike_B","Strike_B"],"score":856,"play_id":"6c20bda8-f378-4799-956f-d8accccba465","local_time":"20190320215837","is_ascension_mode":true,"campfire_choices":[{"data":"Go for the Eyes","floor":6,"key":"SMITH"},{"floor":15,"key":"REST"},{"floor":24,"key":"REST"},{"floor":29,"key":"REST"},{"data":"Consume","floor":32,"key":"SMITH"}],"neow_cost":"NO_GOLD","seed_source_timestamp":967517030415259,"circlet_count":0,"master_deck":["Strike_B","Strike_B","Defend_B","Defend_B","Defend_B","Defend_B","Zap","Dualcast","Electrodynamics+1","Go for the Eyes+1","Defragment+1","BootSequence","Auto Shields","Defragment","Coolheaded","Secret Technique","Seek","Reprogram+1","Hologram+1","White Noise+1","Coolheaded","Consume+1","Reboot"],"relics":["FrozenCore","Old Coin","Singing Bowl","Symbiotic Virus","OrangePellets","Inserter","Oddly Smooth Stone","Potion Belt","Bronze Scales","Smiling Mask"],"potions_floor_usage":[13,27,33,37,37],"damage_taken":[{"damage":0,"enemies":"2 Louse","floor":1,"turns":2},{"damage":1,"enemies":"Cultist","floor":4,"turns":3},{"damage":0,"enemies":"Small Slimes","floor":7,"turns":2},{"damage":10,"enemies":"Lagavulin","floor":8,"turns":5},{"damage":0,"enemies":"Exordium Wildlife","floor":10,"turns":2},{"damage":0,"enemies":"Exordium Thugs","floor":11,"turns":2},{"damage":4,"enemies":"Red Slaver","floor":12,"turns":2},{"damage":7,"enemies":"Gremlin Nob","floor":13,"turns":3},{"damage":16,"enemies":"Hexaghost","floor":16,"turns":9},{"damage":1,"enemies":"Chosen","floor":18,"turns":4},{"damage":18,"enemies":"2 Thieves","floor":20,"turns":4},{"damage":13,"enemies":"Snake Plant","floor":22,"turns":4},{"damage":18,"enemies":"Book of Stabbing","floor":23,"turns":6},{"damage":0,"enemies":"Sentry and Sphere","floor":27,"turns":3},{"damage":8,"enemies":"Snecko","floor":28,"turns":5},{"damage":0,"enemies":"Gremlin Leader","floor":30,"turns":7},{"damage":6,"enemies":"Centurion and Healer","floor":31,"turns":5},{"damage":22,"enemies":"Champ","floor":33,"turns":11},{"damage":0,"enemies":"3 Shapes","floor":35,"turns":3},{"damage":25,"enemies":"Time Eater","floor":37,"turns":20}],"seed_played":"-6399130573806284015","potions_obtained":[{"floor":8,"key":"SkillPotion"},{"floor":10,"key":"EssenceOfSteel"},{"floor":11,"key":"SpeedPotion"},{"floor":18,"key":"Ancient Potion"},{"floor":20,"key":"Fire Potion"},{"floor":23,"key":"AttackPotion"},{"floor":31,"key":"FocusPotion"}],"is_trial":false,"path_per_floor":["M","?","?","M","?","R","M","E","T","M","M","M","E","$","R","B",null,"M","?","M","$","M","E","R","?","T","M","M","R","E","M","R","B",null,"M","?","B",null],"character_chosen":"DEFECT","items_purchased":["OrangePellets","Secret Technique","Oddly Smooth Stone"],"campfire_rested":3,"item_purchase_floors":[14,14,21],"current_hp_per_floor":[68,68,57,56,56,56,56,46,46,48,48,44,37,37,60,44,69,68,68,50,50,37,21,44,37,37,37,31,55,55,51,51,29,70,72,72,47],"gold":306,"neow_bonus":"THREE_RARE_CARDS","is_prod":false,"is_daily":false,"chose_seed":false,"campfire_upgraded":2,"win_rate":0,"timestamp":1553133517,"path_taken":["M","?","?","M","?","R","?","E","T","M","M","M","E","$","R","BOSS","M","?","M","$","M","E","R","?","T","M","M","R","E","?","R","BOSS","M","?","BOSS"],"build_version":"2019-01-23","purchased_purges":2,"victory":true,"max_hp_per_floor":[75,75,75,75,75,75,75,75,75,77,77,77,77,77,77,77,77,77,77,77,77,77,79,79,79,79,79,81,81,81,83,83,83,83,85,85,85],"card_choices":[{"not_picked":["Meteor Strike","Echo Form"],"picked":"Electrodynamics","floor":0},{"not_picked":["Streamline","Double Energy"],"picked":"Go for the Eyes","floor":1},{"not_picked":["Leap","Sweeping Beam"],"picked":"Defragment","floor":4},{"not_picked":["Genetic Algorithm","Blizzard","Go for the Eyes"],"picked":"SKIP","floor":7},{"not_picked":["Meteor Strike","Hello World"],"picked":"BootSequence","floor":8},{"not_picked":["FTL","Go for the Eyes","Compile Driver"],"picked":"Singing Bowl","floor":10},{"not_picked":["Aggregate","Hello World"],"picked":"Auto Shields","floor":11},{"not_picked":["Skim","Undo"],"picked":"Defragment","floor":12},{"not_picked":["FTL","Steam"],"picked":"Coolheaded","floor":13},{"not_picked":["All For One","Biased Cognition"],"picked":"Seek","floor":16},{"not_picked":["Stack","Compile Driver"],"picked":"Reprogram+1","floor":18},{"not_picked":["Ball Lightning","Conserve Battery"],"picked":"Hologram+1","floor":20},{"not_picked":["Undo","Skim"],"picked":"White Noise+1","floor":22},{"not_picked":["Doom and Gloom+1","Cold Snap","Go for the Eyes"],"picked":"Singing Bowl","floor":23},{"not_picked":["Stack","Lockon+1"],"picked":"Coolheaded","floor":27},{"not_picked":["Sweeping Beam","Cold Snap","Compile Driver+1"],"picked":"Singing Bowl","floor":28},{"not_picked":["Meteor Strike","Force Field"],"picked":"Consume","floor":30},{"not_picked":["Hologram+1","Scrape+1","Hello World"],"picked":"Singing Bowl","floor":31},{"not_picked":["Amplify","Multi-Cast"],"picked":"Reboot","floor":33},{"not_picked":["Cold Snap","Go for the Eyes","Beam Cell+1"],"picked":"Singing Bowl","floor":35}],"player_experience":319760,"relics_obtained":[{"floor":8,"key":"Old Coin"},{"floor":9,"key":"Singing Bowl"},{"floor":13,"key":"Symbiotic Virus"},{"floor":23,"key":"Potion Belt"},{"floor":26,"key":"Bronze Scales"},{"floor":30,"key":"Smiling Mask"}],"event_choices":[{"damage_healed":0,"gold_gain":0,"player_choice":"Grow","damage_taken":0,"max_hp_gain":0,"max_hp_loss":0,"event_name":"Living Wall","floor":2,"gold_loss":0,"cards_upgraded":["Electrodynamics"]},{"damage_healed":0,"gold_gain":75,"player_choice":"Gather Gold","damage_taken":11,"max_hp_gain":0,"max_hp_loss":0,"event_name":"World of Goop","floor":3,"gold_loss":0},{"damage_healed":0,"gold_gain":0,"player_choice":"Upgraded","damage_taken":0,"max_hp_gain":0,"max_hp_loss":0,"event_name":"Upgrade Shrine","floor":5,"gold_loss":0,"cards_upgraded":["Defragment"]},{"damage_healed":0,"gold_gain":99,"player_choice":"Stole From Cult","damage_taken":0,"max_hp_gain":0,"max_hp_loss":0,"event_name":"Nest","floor":19,"gold_loss":0},{"damage_healed":0,"gold_gain":0,"player_choice":"","damage_taken":7,"max_hp_gain":0,"max_hp_loss":0,"event_name":"Knowing Skull","floor":25,"potions_obtained":[],"gold_loss":0,"cards_obtained":[]},{"damage_healed":0,"gold_gain":0,"player_choice":"Took Portal","damage_taken":0,"max_hp_gain":0,"max_hp_loss":0,"event_name":"SecretPortal","floor":36,"gold_loss":0}],"is_beta":false,"boss_relics":[{"not_picked":["White Beast Statue","Velvet Choker"],"picked":"Inserter"},{"not_picked":["Coffee Dripper","Calling Bell"],"picked":"FrozenCore"}],"items_purged_floors":[14,21],"is_endless":false,"potions_floor_spawned":[8,10,11,18,20,23,31],"ascension_level":6}