{"gold_per_floor":[111,125,142,152,163,163,182,211,259,288,288,322,37,53,53,126,126,137,148,148,148,159,159,174,174,198,210,220,220,251,270,270,270],"floor_reached":33,"playtime":1430,"items_purged":["Defend_G"],"score":636,"play_id":"5c6a280b-052c-4087-b7e4-d6c95e06e9e5","local_time":"20190208025842","is_ascension_mode":true,"campfire_choices":[{"data":"Storm of Steel","floor":6.0,"key":"SMITH"},{"floor":11.0,"key":"REST"},{"data":"Well Laid Plans","floor":15,"key":"SMITH"},{"floor":23,"key":"REST"},{"floor":25,"key":"REST"},{"floor":29,"key":"REST"},{"floor":32,"key":"REST"}],"neow_cost":"NONE","seed_source_timestamp":719463753030500,"circlet_count":0,"master_deck":["AscendersBane","Defend_G","Defend_G","Defend_G","Strike_G+1","Strike_G","Strike_G","Survivor","Neutralize","Storm of Steel+1","Poisoned Stab","Well Laid Plans+1","All Out Attack","Predator","Backflip","Crippling Poison","Dash+1","Infinite Blades","Backflip","PiercingWail+1","Die Die Die","Storm of Steel+1","Ghostly Armor","True Grit"],"special_seed":0,"relics":["Ring of the Snake","Boot","Anchor","Potion Belt","Singing Bowl","PrismaticShard","Runic Pyramid","Pen Nib","Whetstone"],"potions_floor_usage":[16,16,24,30,33,33],"damage_taken":[{"damage":0.0,"enemies":"Cultist","floor":1.0,"turns":4.0},{"damage":2.0,"enemies":"Small Slimes","floor":2.0,"turns":4.0},{"damage":0.0,"enemies":"Jaw Worm","floor":3.0,"turns":4.0},{"damage":3.0,"enemies":"Blue Slaver","floor":4.0,"turns":6.0},{"damage":4.0,"enemies":"Looter","floor":5.0,"turns":3.0},{"damage":9.0,"enemies":"Large Slime","floor":7.0,"turns":7.0},{"damage":0.0,"enemies":"Gremlin Nob","floor":8.0,"turns":2.0},{"damage":20.0,"enemies":"Lagavulin","floor":10.0,"turns":6.0},{"damage":10.0,"enemies":"3 Sentries","floor":12.0,"turns":5.0},{"damage":8,"enemies":"Exordium Thugs","floor":14,"turns":3},{"damage":16,"enemies":"The Guardian","floor":16,"turns":16},{"damage":31,"enemies":"Spheric Guardian","floor":18,"turns":6},{"damage":1,"enemies":"3 Byrds","floor":19,"turns":3},{"damage":2,"enemies":"Cultist and Chosen","floor":22,"turns":5},{"damage":4,"enemies":"Centurion and Healer","floor":24,"turns":7},{"damage":26,"enemies":"Snake Plant","floor":27,"turns":6},{"damage":15,"enemies":"3 Cultists","floor":28,"turns":5},{"damage":12,"enemies":"Gremlin Leader","floor":30,"turns":7},{"damage":13,"enemies":"Snecko","floor":31,"turns":4},{"damage":84,"enemies":"Automaton","floor":33,"turns":6}],"seed_played":"4371279939077258947","potions_obtained":[{"floor":2.0,"key":"Fire Potion"},{"floor":4.0,"key":"SpeedPotion"},{"floor":14,"key":"Energy Potion"},{"floor":16,"key":"Explosive Potion"},{"floor":19,"key":"LiquidBronze"},{"floor":22,"key":"GamblersBrew"},{"floor":28,"key":"Weak Potion"},{"floor":31,"key":"Strength Potion"}],"is_trial":false,"path_per_floor":["M","M","M","M","M","R","M","E","T","E","R","E","$","M","R","B",null,"M","M","?","?","M","R","M","R","T","M","M","R","E","M","R","B"],"character_chosen":"THE_SILENT","items_purchased":["PrismaticShard"],"campfire_rested":5,"item_purchase_floors":[13],"current_hp_per_floor":[59,57,57,54,50,50,41,41,41,21,40,30,30,24,24,10,55,26,25,25,25,23,44,42,64,64,40,25,47,37,26,50,0],"gold":270,"neow_bonus":"TRANSFORM_CARD","is_prod":false,"is_daily":false,"chose_seed":false,"campfire_upgraded":2,"win_rate":0,"timestamp":1549562322,"path_taken":["M","?","M","M","M","R","M","E","T","E","R","E","$","M","R","BOSS","M","M","?","?","M","R","M","R","T","M","M","R","E","M","R","BOSS"],"build_version":"2019-01-23","purchased_purges":1,"victory":false,"max_hp_per_floor":[66,66,66,66,66,66,66,66,66,66,66,66,66,68,68,70,70,72,72,72,72,72,72,74,74,74,76,76,76,78,80,80,80],"card_choices":[{"not_picked":["Skewer","Sucker Punch"],"picked":"Poisoned Stab","floor":1.0},{"not_picked":["Backflip","Underhanded Strike"],"picked":"Well Laid Plans","floor":2.0},{"not_picked":["Masterful Stab","Deflect"],"picked":"All Out Attack","floor":3.0},{"not_picked":["Endless Agony","Bane"],"picked":"Predator","floor":4.0},{"not_picked":["Cloak And Dagger","Prepared"],"picked":"Backflip","floor":5.0},{"not_picked":["Skewer","Outmaneuver"],"picked":"Crippling Poison","floor":7.0},{"not_picked":["Expertise","Wraith Form v2"],"picked":"Dash","floor":8.0},{"not_picked":["Blade Dance","Quick Slash"],"picked":"Infinite Blades","floor":10.0},{"not_picked":["Tools of the Trade","Dodge and Roll"],"picked":"Backflip","floor":12.0},{"not_picked":["Clash","Poisoned Stab","Stack"],"picked":"Singing Bowl","floor":14},{"not_picked":["Envenom","Thinking Ahead","Violence"],"picked":"Singing Bowl","floor":16},{"not_picked":["Sweeping Beam","Streamline","Thunderclap"],"picked":"Singing Bowl","floor":18},{"not_picked":["Chaos","Hologram"],"picked":"PiercingWail+1","floor":19},{"not_picked":["Flying Knee","Steam"],"picked":"Ghostly Armor","floor":22},{"not_picked":["Cloak And Dagger","Capacitor","Quick Slash"],"picked":"Singing Bowl","floor":24},{"not_picked":["Sentinel","Thunderclap","Warcry"],"picked":"Singing Bowl","floor":27},{"not_picked":["Slice","Madness"],"picked":"True Grit","floor":28},{"not_picked":["Magnetism","Gash","Riddle With Holes+1"],"picked":"Singing Bowl","floor":30},{"not_picked":["Slice","Wild Strike","PanicButton"],"picked":"Singing Bowl","floor":31}],"player_experience":4224797,"relics_obtained":[{"floor":8.0,"key":"Boot"},{"floor":9.0,"key":"Anchor"},{"floor":10.0,"key":"Potion Belt"},{"floor":12.0,"key":"Singing Bowl"},{"floor":26,"key":"Pen Nib"},{"floor":30,"key":"Whetstone"}],"event_choices":[{"damage_healed":0,"gold_gain":0,"cards_transformed":["Strike_G","Defend_G"],"player_choice":"Became Test Subject","damage_taken":0,"max_hp_gain":0,"max_hp_loss":0,"event_name":"Drug Dealer","floor":20,"gold_loss":0,"cards_obtained":["Die Die Die","Storm of Steel"]},{"damage_healed":0,"gold_gain":0,"player_choice":"Upgraded","damage_taken":0,"max_hp_gain":0,"max_hp_loss":0,"event_name":"Upgrade Shrine","floor":21,"gold_loss":0,"cards_upgraded":["Storm of Steel"]}],"is_beta":false,"boss_relics":[{"not_picked":["Philosopher\u0027s Stone","Velvet Choker"],"picked":"Runic Pyramid"}],"items_purged_floors":[13],"is_endless":false,"potions_floor_spawned":[2,4,5,14,16,19,22,28,31],"killed_by":"Automaton","ascension_level":20}