{"gold_per_floor":[113,129,141,141,159,159,177,177,177,177,207,207,227,22,22,118,118,137,137,150,178,93,93,106,119,119,138,138,153,153,170,170,271,271,282,292,15,15,30,30],"floor_reached":40,"playtime":2583,"items_purged":["Strike_G+1"],"score":467,"play_id":"fac4b6dd-669f-48cf-bfcf-cbbaab53b11b","local_time":"20190307011725","is_ascension_mode":false,"campfire_choices":[{"data":"Footwork","floor":6,"key":"SMITH"},{"data":"Neutralize","floor":8,"key":"SMITH"},{"data":"Backstab","floor":10,"key":"SMITH"},{"data":"Night Terror","floor":12,"key":"SMITH"},{"data":"Infinite Blades","floor":15,"key":"SMITH"},{"data":"After Image","floor":23,"key":"SMITH"},{"data":"Tools of the Trade","floor":28,"key":"SMITH"},{"data":"Backflip","floor":30,"key":"SMITH"},{"data":"Deflect","floor":32,"key":"SMITH"}],"neow_cost":"NONE","seed_source_timestamp":57318127172575,"circlet_count":0,"master_deck":["Defend_G+1","Defend_G+1","Defend_G+1","Defend_G+1","Defend_G+1","Strike_G+1","Strike_G+1","Strike_G+1","Survivor","Neutralize+1","Trip","Backstab+1","Backflip+1","Footwork+1","Infinite Blades+1","Blur","Night Terror+1","After Image+1","Blur","Infinite Blades","Dodge and Roll","Noxious Fumes","Deflect+1","Tools of the Trade+1","Infinite Blades+1","Deflect+1","After Image","Deflect"],"relics":["Ring of the Snake","Gremlin Horn","Bronze Scales","OrangePellets","Black Star","Red Mask","Mango","Boot","Runic Dome","Centennial Puzzle"],"potions_floor_usage":[11,16,21,31,33,33,40],"damage_taken":[{"damage":2,"enemies":"Jaw Worm","floor":1,"turns":3},{"damage":1,"enemies":"Cultist","floor":2,"turns":3},{"damage":0,"enemies":"Small Slimes","floor":3,"turns":2},{"damage":4,"enemies":"2 Fungi Beasts","floor":5,"turns":3},{"damage":2,"enemies":"Looter","floor":7,"turns":4},{"damage":0,"enemies":"Lagavulin","floor":11,"turns":7},{"damage":0,"enemies":"Lots of Slimes","floor":13,"turns":3},{"damage":1,"enemies":"Slime Boss","floor":16,"turns":15},{"damage":1,"enemies":"Chosen","floor":18,"turns":5},{"damage":4,"enemies":"3 Byrds","floor":20,"turns":3},{"damage":0,"enemies":"Masked Bandits","floor":21,"turns":4},{"damage":0,"enemies":"3 Cultists","floor":24,"turns":6},{"damage":0,"enemies":"Centurion and Healer","floor":25,"turns":9},{"damage":3,"enemies":"Snake Plant","floor":27,"turns":4},{"damage":0,"enemies":"Snecko","floor":29,"turns":7},{"damage":5,"enemies":"Centurion and Healer","floor":31,"turns":5},{"damage":0,"enemies":"Automaton","floor":33,"turns":13},{"damage":6,"enemies":"3 Shapes","floor":35,"turns":5},{"damage":13,"enemies":"3 Darklings","floor":36,"turns":6},{"damage":62,"enemies":"Transient","floor":39,"turns":5},{"damage":6,"enemies":"Nemesis","floor":40,"turns":2}],"seed_played":"6264759923330514753","potions_obtained":[{"floor":2,"key":"GhostInAJar"},{"floor":5,"key":"Poison Potion"},{"floor":16,"key":"Strength Potion"},{"floor":20,"key":"Explosive Potion"},{"floor":25,"key":"EssenceOfSteel"},{"floor":29,"key":"Poison Potion"},{"floor":31,"key":"Explosive Potion"},{"floor":35,"key":"PowerPotion"}],"is_trial":false,"path_per_floor":["M","M","M","?","M","R","M","R","T","R","E","R","M","$","R","B",null,"M","?","M","?","?","R","M","M","T","M","R","M","R","M","R","B",null,"M","M","$","?","M","E"],"character_chosen":"THE_SILENT","items_purchased":["OrangePellets","Centennial Puzzle","SkillPotion"],"campfire_rested":0,"item_purchase_floors":[14,37,37],"current_hp_per_floor":[68,67,67,67,63,63,61,61,61,61,61,61,61,61,61,60,70,69,69,65,65,79,79,79,79,79,76,76,76,76,71,71,71,84,78,65,65,65,3,0],"gold":30,"neow_bonus":"RANDOM_COLORLESS","is_prod":false,"is_daily":false,"chose_seed":false,"campfire_upgraded":9,"win_rate":0.0,"timestamp":1551917845,"path_taken":["M","M","M","?","M","R","M","R","T","R","E","R","M","$","R","BOSS","M","?","M","?","?","R","M","M","T","M","R","M","R","M","R","BOSS","M","M","$","?","M","E"],"build_version":"2019-02-06","purchased_purges":1,"victory":false,"max_hp_per_floor":[70,70,70,70,70,70,70,70,70,70,70,70,70,70,70,70,70,70,70,70,70,84,84,84,84,84,84,84,84,84,84,84,84,84,84,84,84,84,84,84],"card_choices":[{"not_picked":["Caltrops","Quick Slash"],"picked":"Backstab","floor":1},{"not_picked":["Prepared","Outmaneuver"],"picked":"Backflip","floor":2},{"not_picked":["Well Laid Plans","Flying Knee"],"picked":"Footwork","floor":3},{"not_picked":["Underhanded Strike","Blade Dance"],"picked":"Infinite Blades","floor":5},{"not_picked":["Sucker Punch","Blade Dance"],"picked":"Blur","floor":7},{"not_picked":["Flying Knee","Dodge and Roll"],"picked":"Night Terror","floor":11},{"not_picked":["Dagger Throw","Slice","Underhanded Strike"],"picked":"SKIP","floor":13},{"not_picked":["Die Die Die","Wraith Form v2"],"picked":"After Image","floor":16},{"not_picked":["PiercingWail","Skewer"],"picked":"Blur","floor":18},{"not_picked":["Sucker Punch","Terror"],"picked":"Infinite Blades","floor":20},{"not_picked":["Flying Knee","Underhanded Strike"],"picked":"Dodge and Roll","floor":21},{"not_picked":["Outmaneuver","Calculated Gamble"],"picked":"Noxious Fumes","floor":24},{"not_picked":["Prepared","Masterful Stab"],"picked":"Deflect+1","floor":25},{"not_picked":["Blade Dance","Slice"],"picked":"Tools of the Trade","floor":27},{"not_picked":["Dagger Spray+1","Deflect+1"],"picked":"Infinite Blades+1","floor":29},{"not_picked":["Blade Dance","Dodge and Roll"],"picked":"Deflect","floor":31},{"not_picked":["Doppelganger","Burst"],"picked":"After Image","floor":33},{"not_picked":["Outmaneuver+1","PiercingWail+1"],"picked":"Deflect","floor":35},{"not_picked":["All Out Attack+1","Choke+1","Riddle With Holes+1"],"picked":"SKIP","floor":36},{"not_picked":["Dagger Throw+1","Flying Knee+1","Deadly Poison"],"picked":"SKIP","floor":39}],"player_experience":35451,"relics_obtained":[{"floor":9,"key":"Gremlin Horn"},{"floor":11,"key":"Bronze Scales"},{"floor":21,"key":"Red Mask"},{"floor":26,"key":"Boot"}],"event_choices":[{"cards_removed":["Strike_G"],"damage_healed":0,"gold_gain":0,"player_choice":"Purged","damage_taken":0,"max_hp_gain":0,"max_hp_loss":0,"event_name":"Purifier","floor":4,"gold_loss":0},{"damage_healed":0,"gold_gain":0,"player_choice":"Simplicity","damage_taken":0,"max_hp_gain":0,"max_hp_loss":0,"event_name":"Back to Basics","floor":19,"gold_loss":0,"cards_upgraded":["Defend_G","Defend_G","Defend_G","Defend_G","Defend_G","Strike_G","Strike_G","Strike_G","Strike_G"]},{"damage_healed":0,"gold_gain":0,"player_choice":"Fought Bandits","damage_taken":0,"max_hp_gain":0,"max_hp_loss":0,"event_name":"Masked Bandits","floor":21,"gold_loss":0},{"damage_healed":0,"gold_gain":0,"player_choice":"Obtained Relic","damage_taken":0,"relics_obtained":["Mango"],"max_hp_gain":0,"max_hp_loss":0,"event_name":"Addict","floor":22,"gold_loss":85},{"damage_healed":0,"gold_gain":0,"player_choice":"Ignored","damage_taken":0,"max_hp_gain":0,"max_hp_loss":0,"event_name":"Tomb of Lord Red Mask","floor":38,"gold_loss":0}],"is_beta":true,"boss_relics":[{"not_picked":["Sozu","Tiny House"],"picked":"Black Star"},{"not_picked":["Astrolabe","Empty Cage"],"picked":"Runic Dome"}],"items_purged_floors":[37],"is_endless":false,"potions_floor_spawned":[2,5,16,20,25,29,31,35,39],"killed_by":"Nemesis","ascension_level":0}