{"path_per_floor":["M","?","M","?","M","R","M","M","T","T","$","R","M","M","R","B",null,"M","$","?","M","M","R"],"character_chosen":"THE_SILENT","items_purchased":["Happy Flower","Calculated Gamble"],"gold_per_floor":[113,113,127,127,139,139,157,175,200,200,43,43,60,70,70,170,170,183,72,72,89,100,100],"floor_reached":24,"campfire_rested":2,"playtime":1971,"current_hp_per_floor":[70,70,70,70,70,70,69,53,53,53,53,53,46,46,67,32,70,36,36,36,21,19,40],"items_purged":["Strike_G"],"gold":100,"play_id":"3e28e235-5c9b-49a8-94ca-005545cd9b29","is_prod":false,"is_daily":false,"is_ascension_mode":false,"campfire_upgraded":2,"path_taken":["M","?","M","?","?","R","M","M","T","?","$","R","M","M","R","BOSS","M","$","?","M","M","R","E"],"build_version":"2018-01-25-PROD2","purchased_purges":1,"victory":false,"master_deck":["Defend_G","Defend_G","Defend_G","Defend_G","Defend_G","Strike_G","Survivor","Neutralize","Heel Hook","Dagger Throw","Malaise+1","Noxious Fumes+1","Prepared","Backstab","Leg Sweep","Wraith Form","Escape Plan","Prepared","All Out Attack","PiercingWail","Choke","Backflip","Calculated Gamble","Flying Knee","Prepared"],"max_hp_per_floor":[70,70,70,70,70,70,70,70,70,70,70,70,70,70,70,70,70,70,70,70,70,70,70],"relics":["Velvet Choker","Pen Nib","Ice Cream","Happy Flower","Orrery"],"card_choices":[{"not_picked":["Blur","Prepared"],"picked":"Heel Hook"},{"not_picked":["Masterful Stab","Slice"],"picked":"Dagger Throw"},{"not_picked":["Endless Agony","Choke"],"picked":"Malaise"},{"not_picked":["Skewer","Dagger Spray"],"picked":"Noxious Fumes"},{"not_picked":["Flechettes","Glass Knife"],"picked":"Prepared"},{"not_picked":["Flechettes","Dagger Spray"],"picked":"Backstab"},{"not_picked":["Dagger Spray","Outmaneuver"],"picked":"Leg Sweep"},{"not_picked":["Corpse Explosion","Phantasmal Killer"],"picked":"Wraith Form"},{"not_picked":["All Out Attack","Slice"],"picked":"Escape Plan"},{"not_picked":["Deadly Poison","Blade Dance"],"picked":"Prepared"},{"not_picked":["Deflect","Deadly Poison"],"picked":"All Out Attack"},{"not_picked":["Malaise","Dagger Spray"],"picked":"PiercingWail"},{"not_picked":["Dagger Spray","Eviscerate"],"picked":"Choke"},{"not_picked":["Sucker Punch","Masterful Stab"],"picked":"Backflip"},{"not_picked":["Finisher","Distraction"],"picked":"Flying Knee"},{"not_picked":["Bane","Infinite Blades"],"picked":"Prepared"}],"player_experience":15458,"potions_floor_usage":[24],"damage_taken":[{"damage":0,"enemies":"2 Louse","floor":1,"turns":3},{"damage":0,"enemies":"Small Slimes","floor":3,"turns":5},{"damage":0,"enemies":"Blue Slaver","floor":5,"turns":5},{"damage":1,"enemies":"2 Fungi Beasts","floor":7,"turns":5},{"damage":16,"enemies":"Gremlin Gang","floor":8,"turns":6},{"damage":7,"enemies":"Exordium Thugs","floor":13,"turns":6},{"damage":0,"enemies":"3 Louse","floor":14,"turns":4},{"damage":35,"enemies":"Slime Boss","floor":16,"turns":12},{"damage":34,"enemies":"Chosen","floor":18,"turns":6},{"damage":15,"enemies":"3 Byrds","floor":21,"turns":4},{"damage":2,"enemies":"3 Cultists","floor":22,"turns":6},{"damage":53,"enemies":"Slavers","floor":24,"turns":4}],"event_choices":[{"event_name":"Living Wall","player_choice":"Forget","floor":2,"damage_taken":0},{"event_name":"Bonfire Elementals","player_choice":"BASIC","floor":4,"damage_taken":0},{"event_name":"Purifier","player_choice":"One Purge","floor":20,"damage_taken":0}],"boss_relics":[{"not_picked":["Calling Bell","Runic Dome"],"picked":"Orrery"}],"potions_floor_spawned":[1,7,14,18],"seed_played":"-5887193285297042140","killed_by":"Slavers","ascension_level":0,"is_trial":false}