{"gold_per_floor":[119,133,152,172,137,137,172,172,198,198,214,242,242,2,2,107,107,117,117,127,146,146,146],"floor_reached":23,"playtime":1757,"items_purged":[],"score":241,"play_id":"6becc137-606b-4437-a071-eafc8c0a4019","local_time":"20190306143148","is_ascension_mode":true,"campfire_choices":[{"data":"Glacier","floor":6,"key":"SMITH"},{"data":"Dualcast","floor":8,"key":"SMITH"},{"data":"Streamline","floor":13,"key":"SMITH"},{"data":"Zap","floor":15,"key":"SMITH"}],"neow_cost":"NONE","seed_source_timestamp":261700526716000,"circlet_count":0,"master_deck":["Strike_B","Strike_B","Strike_B","Defend_B","Defend_B","Defend_B","Defend_B","Zap+1","Dualcast+1","Streamline+1","Go for the Eyes","Leap","Glacier+1","Multi-Cast","Melter","Steam","Core Surge","Tempest+1","RitualDagger","Redo+1","Conserve Battery+1"],"relics":["Cracked Core","Happy Flower","Vajra","Anchor","Toxic Egg 2","Eternal Feather"],"potions_floor_usage":[12,16,18,23,23],"damage_taken":[{"damage":0,"enemies":"Cultist","floor":1,"turns":3},{"damage":2,"enemies":"2 Louse","floor":2,"turns":3},{"damage":0,"enemies":"Jaw Worm","floor":3,"turns":2},{"damage":18,"enemies":"Gremlin Gang","floor":4,"turns":7},{"damage":4,"enemies":"3 Sentries","floor":7,"turns":10},{"damage":0,"enemies":"2 Fungi Beasts","floor":11,"turns":2},{"damage":13,"enemies":"Lagavulin","floor":12,"turns":7},{"damage":9,"enemies":"Slime Boss","floor":16,"turns":11},{"damage":8,"enemies":"3 Byrds","floor":18,"turns":5},{"damage":16,"enemies":"Shell Parasite","floor":20,"turns":3},{"damage":7,"enemies":"Centurion and Healer","floor":21,"turns":6},{"damage":46,"enemies":"Gremlin Leader","floor":23,"turns":4}],"seed_played":"2015986281995207378","potions_obtained":[{"floor":4,"key":"Weak Potion"},{"floor":11,"key":"EssenceOfSteel"},{"floor":12,"key":"GamblersBrew"},{"floor":16,"key":"AttackPotion"},{"floor":20,"key":"Energy Potion"}],"is_trial":false,"path_per_floor":["M","M","M","M","?","R","E","R","T","?","M","E","R","$","R","B",null,"M","?","M","M","?","E"],"character_chosen":"DEFECT","items_purchased":["Toxic Egg 2"],"campfire_rested":0,"item_purchase_floors":[14],"current_hp_per_floor":[75,73,73,55,73,73,69,69,69,75,75,62,62,62,62,53,75,67,61,45,38,38,0],"gold":146,"neow_bonus":"TRANSFORM_CARD","is_prod":false,"is_daily":false,"chose_seed":false,"campfire_upgraded":4,"win_rate":0,"timestamp":1551879108,"path_taken":["M","M","?","M","?","R","E","R","T","?","?","E","R","$","R","BOSS","M","?","M","M","?","E"],"build_version":"2019-01-23","purchased_purges":0,"victory":false,"max_hp_per_floor":[75,75,75,75,75,75,75,75,75,75,75,75,75,75,75,75,75,75,75,75,75,75,75],"card_choices":[{"not_picked":["Turbo","Barrage"],"picked":"Streamline","floor":1},{"not_picked":["Leap","Rebound"],"picked":"Go for the Eyes","floor":2},{"not_picked":["Compile Driver","Go for the Eyes"],"picked":"Leap","floor":3},{"not_picked":["Beam Cell","Coolheaded"],"picked":"Glacier","floor":4},{"not_picked":["Barrage","Beam Cell"],"picked":"Multi-Cast","floor":7},{"not_picked":["BootSequence","Rebound"],"picked":"Melter","floor":11},{"not_picked":["Glacier","Static Discharge"],"picked":"Steam","floor":12},{"not_picked":["Reboot+1","Creative AI"],"picked":"Core Surge","floor":16},{"not_picked":["Rip and Tear","Compile Driver"],"picked":"Tempest+1","floor":18},{"not_picked":["Genetic Algorithm+1","Leap+1"],"picked":"Redo+1","floor":20},{"not_picked":["Rebound","Fusion+1"],"picked":"Conserve Battery+1","floor":21}],"player_experience":543102,"relics_obtained":[{"floor":7,"key":"Happy Flower"},{"floor":9,"key":"Vajra"},{"floor":12,"key":"Anchor"}],"event_choices":[{"damage_healed":18,"gold_gain":0,"player_choice":"Healed","damage_taken":0,"max_hp_gain":0,"max_hp_loss":0,"event_name":"The Cleric","floor":5,"gold_loss":35},{"cards_removed":["Steam Power"],"damage_healed":6,"gold_gain":0,"player_choice":"Offered Uncommon","damage_taken":0,"max_hp_gain":0,"max_hp_loss":0,"event_name":"Bonfire Elementals","floor":10,"gold_loss":0},{"damage_healed":0,"gold_gain":0,"player_choice":"Joined the Cult","damage_taken":6,"max_hp_gain":0,"max_hp_loss":0,"event_name":"Nest","floor":19,"gold_loss":0,"cards_obtained":["RitualDagger"]},{"damage_healed":0,"gold_gain":0,"player_choice":"Ignored","damage_taken":0,"max_hp_gain":0,"max_hp_loss":0,"event_name":"Beggar","floor":22,"gold_loss":0}],"is_beta":false,"boss_relics":[{"not_picked":["Astrolabe","Cursed Key"],"picked":"Eternal Feather"}],"items_purged_floors":[],"is_endless":false,"potions_floor_spawned":[4,11,12,16,20],"killed_by":"Gremlin Leader","ascension_level":4}