{"gold_per_floor":[17,35,51,51,65,96,68,68,68,84,234,132,158,174,174,253,253,264,264,277,287,12,12,12,12,39,13,13,46,46,46,46,119,119,132,132,53,71,71,71],"floor_reached":40,"playtime":1302,"items_purged":["Doubt","Defend_R"],"score":814,"play_id":"a9182a35-4e56-441e-9b9a-39dc0bdf900f","local_time":"20190312120429","is_ascension_mode":true,"campfire_choices":[{"floor":8,"key":"REST"},{"data":"Perfected Strike","floor":15,"key":"SMITH"},{"floor":23,"key":"REST"},{"data":"Double Tap","floor":25,"key":"SMITH"},{"floor":28,"key":"REST"},{"data":"Perfected Strike","floor":30,"key":"SMITH"},{"data":"Shrug It Off","floor":32,"key":"SMITH"}],"neow_cost":"NO_GOLD","seed_source_timestamp":409270863525400,"circlet_count":0,"master_deck":["AscendersBane","Strike_R","Strike_R","Strike_R","Strike_R","Strike_R","Defend_R","Defend_R","Defend_R","Bash","Shrug It Off","Cleave","Perfected Strike+1","Perfected Strike+1","Sword Boomerang","Shrug It Off+1","Pommel Strike","Perfected Strike","Wild Strike","Double Tap+1","Clothesline+1","Perfected Strike+1","Shrug It Off","Shrug It Off","Warcry","Shrug It Off"],"relics":["Burning Blood","Gambling Chip","Smiling Mask","Mercury Hourglass","Odd Mushroom","Velvet Choker","GremlinMask","Pantograph","PreservedInsect","Turnip","Eternal Feather"],"potions_floor_usage":[6,6,6,16,16,29,33,40],"damage_taken":[{"damage":12,"enemies":"2 Louse","floor":1,"turns":3},{"damage":12,"enemies":"Cultist","floor":2,"turns":4},{"damage":6,"enemies":"Jaw Worm","floor":3,"turns":4},{"damage":34,"enemies":"Large Slime","floor":5,"turns":6},{"damage":10,"enemies":"3 Sentries","floor":6,"turns":3},{"damage":6,"enemies":"Exordium Thugs","floor":10,"turns":4},{"damage":18,"enemies":"The Mushroom Lair","floor":13,"turns":3},{"damage":3,"enemies":"Looter","floor":14,"turns":2},{"damage":31,"enemies":"The Guardian","floor":16,"turns":9},{"damage":31,"enemies":"Shell Parasite","floor":18,"turns":4},{"damage":12,"enemies":"3 Byrds","floor":20,"turns":4},{"damage":10,"enemies":"3 Cultists","floor":21,"turns":4},{"damage":25,"enemies":"Book of Stabbing","floor":29,"turns":3},{"damage":58,"enemies":"Collector","floor":33,"turns":9},{"damage":45,"enemies":"3 Darklings","floor":35,"turns":4},{"damage":14,"enemies":"3 Shapes","floor":38,"turns":4},{"damage":20,"enemies":"Nemesis","floor":40,"turns":3}],"seed_played":"744500338949887641","potions_obtained":[{"floor":3,"key":"AttackPotion"},{"floor":5,"key":"EntropicBrew"},{"floor":13,"key":"SteroidPotion"},{"floor":16,"key":"Block Potion"},{"floor":20,"key":"SneckoOil"},{"floor":21,"key":"Strength Potion"},{"floor":36,"key":"GamblersBrew"},{"floor":36,"key":"PowerPotion"}],"is_trial":false,"path_per_floor":["M","M","M","?","M","E","$","R","T","M","?","$","?","M","R","B",null,"M","?","M","M","$","R","$","R","T","$","R","E","R","?","R","B",null,"M","?","$","M","$","E"],"character_chosen":"IRONCLAD","items_purchased":["Shrug It Off","Perfected Strike","Pantograph","Shrug It Off","Shrug It Off"],"campfire_rested":3,"item_purchase_floors":[7,12,22,27,37],"current_hp_per_floor":[62,56,56,56,28,24,24,46,46,46,46,46,34,37,37,12,59,34,34,28,24,24,46,46,46,46,46,68,49,49,49,49,22,62,23,23,23,15,15,0],"gold":71,"neow_bonus":"ONE_RARE_RELIC","is_prod":false,"is_daily":false,"chose_seed":false,"campfire_upgraded":4,"win_rate":0,"timestamp":1552406669,"path_taken":["M","M","M","?","M","E","$","R","T","M","?","$","?","M","R","BOSS","M","?","M","M","$","R","?","R","T","$","R","E","R","?","R","BOSS","M","?","$","M","?","E"],"build_version":"2019-02-06","purchased_purges":2,"victory":false,"max_hp_per_floor":[75,75,75,75,75,75,75,75,75,75,75,75,75,75,75,75,75,75,75,75,75,75,75,75,75,75,75,75,75,75,75,75,75,75,75,75,75,75,75,75],"card_choices":[{"not_picked":["Shockwave","Rage"],"picked":"Shrug It Off","floor":1},{"not_picked":["Body Slam","Pommel Strike"],"picked":"Cleave","floor":2},{"not_picked":["Pommel Strike","Twin Strike"],"picked":"Perfected Strike","floor":3},{"not_picked":["Headbutt","Cleave"],"picked":"Perfected Strike","floor":5},{"not_picked":["Berserk","Seeing Red"],"picked":"Sword Boomerang","floor":6},{"not_picked":["Clash","Seeing Red"],"picked":"Pommel Strike","floor":10},{"not_picked":["Flex","Pommel Strike"],"picked":"Wild Strike","floor":14},{"not_picked":["Immolate","Impervious"],"picked":"Double Tap","floor":16},{"not_picked":["Heavy Blade","Searing Blow"],"picked":"Clothesline+1","floor":18},{"not_picked":["Warcry","True Grit"],"picked":"Perfected Strike+1","floor":20},{"not_picked":["Perfected Strike","Twin Strike"],"picked":"Shrug It Off","floor":21},{"not_picked":["Inflame","Shockwave"],"picked":"Warcry","floor":29},{"not_picked":["Body Slam+1","Rage","Hemokinesis"],"picked":"SKIP","floor":35},{"not_picked":["Clash","Warcry","Sentinel"],"picked":"SKIP","floor":38}],"player_experience":643214,"relics_obtained":[{"floor":6,"key":"Smiling Mask"},{"floor":9,"key":"Mercury Hourglass"},{"floor":13,"key":"Odd Mushroom"},{"floor":26,"key":"PreservedInsect"},{"floor":29,"key":"Turnip"}],"event_choices":[{"damage_healed":0,"gold_gain":0,"player_choice":"Leave","damage_taken":0,"max_hp_gain":0,"max_hp_loss":0,"event_name":"The Cleric","floor":4,"gold_loss":0},{"damage_healed":0,"gold_gain":150,"player_choice":"AGREE","damage_taken":0,"max_hp_gain":0,"max_hp_loss":0,"event_name":"Liars Game","floor":11,"gold_loss":0,"cards_obtained":["Doubt"]},{"damage_healed":0,"gold_gain":0,"player_choice":"Fought Mushrooms","damage_taken":0,"max_hp_gain":0,"max_hp_loss":0,"event_name":"Mushrooms","floor":13,"gold_loss":0},{"damage_healed":0,"gold_gain":0,"player_choice":"Trade","damage_taken":0,"relics_obtained":["GremlinMask"],"max_hp_gain":0,"max_hp_loss":0,"event_name":"FaceTrader","floor":19,"gold_loss":0},{"damage_healed":0,"gold_gain":0,"player_choice":"Ignored","damage_taken":0,"max_hp_gain":0,"max_hp_loss":0,"event_name":"Beggar","floor":31,"gold_loss":0},{"damage_healed":0,"gold_gain":0,"player_choice":"Got Potions","damage_taken":0,"max_hp_gain":0,"max_hp_loss":0,"event_name":"Lab","floor":36,"gold_loss":0}],"is_beta":true,"boss_relics":[{"not_picked":["Black Star","Sozu"],"picked":"Velvet Choker"},{"not_picked":["Tiny House","Mark of Pain"],"picked":"Eternal Feather"}],"items_purged_floors":[12,37],"is_endless":false,"potions_floor_spawned":[3,5,13,14,16,20,21],"killed_by":"Nemesis","ascension_level":18}