{"gold_per_floor":[118,131,151,164,182,216,228,240,252,278,290,302,334,357,369,381],"floor_reached":16,"playtime":666,"items_purged":[],"score":212,"play_id":"7b803b34-3264-402e-ae4e-119d87fff56b","local_time":"20190128014249","is_ascension_mode":true,"campfire_choices":[{"floor":8,"key":"REST"},{"floor":11,"key":"REST"},{"floor":15,"key":"REST"}],"neow_cost":"NONE","seed_source_timestamp":26389691639773,"circlet_count":0,"master_deck":["AscendersBane","Defend_G","Defend_G","Defend_G","Defend_G","Strike_G","Strike_G","Strike_G","Strike_G","Strike_G","Survivor","Neutralize","Well Laid Plans","Sucker Punch","Calculated Gamble","Deadly Poison","Underhanded Strike","Dagger Spray","Dash","Backflip"],"relics":["Ring of the Snake","MawBank","Bottled Lightning","Girya"],"potions_floor_usage":[4,5,5,16],"damage_taken":[{"damage":3,"enemies":"Cultist","floor":1,"turns":4},{"damage":1,"enemies":"Small Slimes","floor":2,"turns":5},{"damage":7,"enemies":"Jaw Worm","floor":3,"turns":5},{"damage":11,"enemies":"Exordium Wildlife","floor":4,"turns":7},{"damage":15,"enemies":"Large Slime","floor":5,"turns":6},{"damage":21,"enemies":"Lagavulin","floor":6,"turns":8},{"damage":17,"enemies":"Lots of Slimes","floor":10,"turns":7},{"damage":17,"enemies":"Exordium Thugs","floor":13,"turns":5},{"damage":0,"enemies":"Blue Slaver","floor":14,"turns":4},{"damage":35,"enemies":"Slime Boss","floor":16,"turns":7}],"seed_played":"4191021642305457810","potions_obtained":[{"floor":2,"key":"FearPotion"},{"floor":4,"key":"EntropicBrew"},{"floor":10,"key":"LiquidBronze"},{"floor":14,"key":"Weak Potion"}],"is_trial":false,"path_per_floor":["M","M","M","M","M","E","?","R","T","M","R","?","M","M","R","B"],"character_chosen":"THE_SILENT","items_purchased":[],"campfire_rested":3,"item_purchase_floors":[],"current_hp_per_floor":[56,55,48,37,22,1,1,20,20,3,22,22,5,5,24,0],"gold":381,"neow_bonus":"REMOVE_CARD","is_prod":false,"is_daily":false,"chose_seed":false,"campfire_upgraded":0,"win_rate":0,"timestamp":1548607369,"path_taken":["M","M","M","M","M","E","?","R","T","M","R","?","?","M","R","BOSS"],"build_version":"2019-01-23","purchased_purges":0,"victory":false,"max_hp_per_floor":[66,66,66,66,66,66,66,66,66,66,66,66,66,66,66,66],"card_choices":[{"not_picked":["Sucker Punch","Prepared"],"picked":"Well Laid Plans","floor":1},{"not_picked":["Prepared","Eviscerate"],"picked":"Sucker Punch","floor":2},{"not_picked":["Acrobatics","Sucker Punch"],"picked":"Calculated Gamble","floor":3},{"not_picked":["Cloak And Dagger","Underhanded Strike"],"picked":"Deadly Poison","floor":4},{"not_picked":["Riddle With Holes","Choke"],"picked":"Underhanded Strike","floor":5},{"not_picked":["Acrobatics","Dagger Throw"],"picked":"Dagger Spray","floor":10},{"not_picked":["Outmaneuver","Blade Dance"],"picked":"Dash","floor":13},{"not_picked":["Cloak And Dagger","Sucker Punch"],"picked":"Backflip","floor":14}],"player_experience":4198091,"relics_obtained":[{"floor":6,"key":"MawBank"},{"floor":9,"key":"Bottled Lightning"}],"event_choices":[{"damage_healed":0,"gold_gain":0,"player_choice":"Ignored","damage_taken":0,"max_hp_gain":0,"max_hp_loss":0,"event_name":"Shining Light","floor":7,"gold_loss":0},{"damage_healed":0,"gold_gain":0,"player_choice":"Gave Potion","damage_taken":0,"relics_obtained":["Girya"],"max_hp_gain":0,"max_hp_loss":0,"event_name":"WeMeetAgain","floor":12,"gold_loss":0}],"is_beta":false,"boss_relics":[],"items_purged_floors":[],"is_endless":false,"potions_floor_spawned":[2,4,10,14],"killed_by":"Slime Boss","ascension_level":20}