{"gold_per_floor":[119,50,125,135,135,160,160,191,240,240,164,164,189,201,201,305,305,321,352,21,21,34,62,72,72,72,72,91,91,91,191,191,295,295,306,325,425,425,425,457,477,493,517,296,323,323,323,337,337,337,337,337,42,74,74],"floor_reached":55,"playtime":3349,"items_purged":["Strike_B+1","Strike_B+1"],"score":1168,"play_id":"82828b2d-95b3-445a-ad8d-4761ab03938e","local_time":"20190308001935","is_ascension_mode":true,"campfire_choices":[{"floor":7.0,"key":"REST"},{"floor":10.0,"key":"REST"},{"data":"Defragment","floor":12.0,"key":"SMITH"},{"data":"Defragment","floor":15.0,"key":"SMITH"},{"floor":25.0,"key":"REST"},{"floor":27.0,"key":"REST"},{"data":"Storm","floor":30.0,"key":"SMITH"},{"data":"Machine Learning","floor":32.0,"key":"SMITH"},{"data":"Reinforced Body","floor":47.0,"key":"SMITH"},{"floor":49.0,"key":"RECALL"},{"data":"Zap","floor":52,"key":"SMITH"}],"neow_cost":"NONE","seed_source_timestamp":0,"circlet_count":0,"master_deck":["Strike_B+1","Defend_B+1","Defend_B+1","Defend_B+1","Zap+1","Dualcast+1","Core Surge+1","Steam","Defragment+1","Defragment+1","Reboot","Reinforced Body+1","Glacier","Leap","Glacier","Machine Learning+1","Rainbow","Reprogram+1","Storm+1","Self Repair","Capacitor","Go for the Eyes+1","Go for the Eyes+1","Electrodynamics","Redo+1","All For One+1","Dramatic Entrance+1","Defragment+1","Panache"],"special_seed":0,"relics":["Cracked Core","Dream Catcher","Molten Egg 2","Bag of Marbles","Unceasing Top","Sozu","Red Mask","Mummified Hand","Ice Cream","Gambling Chip","Meat on the Bone","Inserter","WingedGreaves","Potion Belt","Centennial Puzzle","Oddly Smooth Stone","FossilizedHelix","Letter Opener"],"potions_floor_usage":[55,55],"damage_taken":[{"damage":2.0,"enemies":"Jaw Worm","floor":1.0,"turns":3.0},{"damage":0.0,"enemies":"2 Louse","floor":4.0,"turns":3.0},{"damage":19.0,"enemies":"Lagavulin","floor":6.0,"turns":7.0},{"damage":33.0,"enemies":"Gremlin Nob","floor":8.0,"turns":4.0},{"damage":1.0,"enemies":"Lagavulin","floor":13.0,"turns":11.0},{"damage":0.0,"enemies":"Small Slimes","floor":14.0,"turns":2.0},{"damage":0.0,"enemies":"The Guardian","floor":16.0,"turns":11.0},{"damage":0.0,"enemies":"Spheric Guardian","floor":18.0,"turns":5.0},{"damage":20.0,"enemies":"Masked Bandits","floor":19.0,"turns":8.0},{"damage":4.0,"enemies":"Shell Parasite","floor":22.0,"turns":3.0},{"damage":32.0,"enemies":"Slavers","floor":23.0,"turns":4.0},{"damage":8.0,"enemies":"Centurion and Healer","floor":24.0,"turns":8.0},{"damage":0.0,"enemies":"3 Cultists","floor":28.0,"turns":4.0},{"damage":0.0,"enemies":"Colosseum Slavers","floor":31.0,"turns":3.0},{"damage":0.0,"enemies":"Colosseum Nobs","floor":31.0,"turns":4.0},{"damage":0.0,"enemies":"Automaton","floor":33.0,"turns":11.0},{"damage":0.0,"enemies":"Orb Walker","floor":35.0,"turns":2.0},{"damage":0.0,"enemies":"3 Darklings","floor":36.0,"turns":2.0},{"damage":6.0,"enemies":"Mind Bloom Boss Battle","floor":37.0,"turns":6.0},{"damage":20.0,"enemies":"Nemesis","floor":40.0,"turns":5.0},{"damage":0.0,"enemies":"Transient","floor":41.0,"turns":5.0},{"damage":0.0,"enemies":"Spire Growth","floor":42.0,"turns":3.0},{"damage":16.0,"enemies":"Reptomancer","floor":45.0,"turns":4.0},{"damage":0.0,"enemies":"Sphere and 2 Shapes","floor":48.0,"turns":3.0},{"damage":0.0,"enemies":"Donu and Deca","floor":50.0,"turns":8.0},{"damage":0,"enemies":"Shield and Spear","floor":54,"turns":3},{"damage":74,"enemies":"The Heart","floor":55,"turns":5}],"seed_played":"2975103816561837467","potions_obtained":[{"floor":4.0,"key":"GamblersBrew"},{"floor":8.0,"key":"PowerPotion"},{"floor":14.0,"key":"Dexterity Potion"}],"is_trial":false,"path_per_floor":["M","$","?","M","?","E","R","E","T","R","$","R","E","M","R","B",null,"M","?","$","?","M","E","M","R","T","R","M","?","R","?","R","B",null,"M","M","?","?","?","E","M","M","T","$","E","?","R","M","R","B",null,"R","$","E","B"],"character_chosen":"DEFECT","items_purchased":["Defragment","Glacier","Mummified Hand","Self Repair","Oddly Smooth Stone","Panache"],"campfire_rested":4,"item_purchase_floors":[2,11,20,20,44,53],"current_hp_per_floor":[73,73,62,62,47,28,50,17,17,39,39,39,38,38,38,38,66,66,46,46,46,42,17,16,38,38,60,67,67,67,74,74,75,75,75,75,75,75,75,62,69,75,75,75,59,59,59,66,66,71,71,71,71,71,0],"gold":74,"neow_bonus":"ONE_RANDOM_RARE_CARD","is_prod":false,"is_daily":false,"chose_seed":false,"campfire_upgraded":6,"win_rate":0,"timestamp":1552022375,"path_taken":["M","$","?","M","?","E","R","E","T","R","$","R","E","M","R","BOSS","M","?","$","?","M","E","M","R","T","R","?","?","R","?","R","BOSS","M","M","?","?","?","E","M","M","T","$","E","?","R","M","R","BOSS","R","$","E","BOSS"],"build_version":"2019-01-23","purchased_purges":2,"victory":false,"max_hp_per_floor":[75,75,75,75,75,75,75,75,75,75,75,75,75,75,75,75,75,75,75,75,75,75,75,75,75,75,75,75,75,75,75,75,75,75,75,75,75,75,75,75,75,75,75,75,75,71,71,71,71,71,71,71,71,71,71],"card_choices":[{"not_picked":["Compile Driver","Barrage"],"picked":"Steam","floor":1.0},{"not_picked":["Hello World","Rip and Tear"],"picked":"Defragment","floor":4.0},{"not_picked":["Barrage","Ball Lightning"],"picked":"Reboot","floor":6.0},{"not_picked":["Compile Driver","Redo"],"picked":"Reinforced Body","floor":7.0},{"not_picked":["Gash","Stack"],"picked":"Glacier","floor":8.0},{"not_picked":["Turbo","Sweeping Beam+1"],"picked":"Leap","floor":10.0},{"not_picked":["Cold Snap+1","Barrage+1"],"picked":"Machine Learning","floor":13.0},{"not_picked":["Hello World","Recycle","Undo"],"picked":"SKIP","floor":14.0},{"not_picked":["Biased Cognition","Seek"],"picked":"Rainbow","floor":16.0},{"not_picked":["Conserve Battery+1","Hologram+1"],"picked":"Reprogram+1","floor":18.0},{"not_picked":["Leap","Barrage+1"],"picked":"Storm","floor":19.0},{"not_picked":["Sweeping Beam+1","Beam Cell+1"],"picked":"Go for the Eyes+1","floor":22.0},{"not_picked":["Static Discharge","Glacier","Fusion"],"picked":"SKIP","floor":23.0},{"not_picked":["Hello World+1","Beam Cell+1"],"picked":"Go for the Eyes+1","floor":24.0},{"not_picked":["Loop","Hello World+1"],"picked":"Electrodynamics","floor":28.0},{"not_picked":["Scrape+1","FTL+1"],"picked":"Redo+1","floor":31.0},{"not_picked":["Electrodynamics","Creative AI"],"picked":"All For One+1","floor":33.0},{"not_picked":["Streamline+1","Leap+1","Lockon+1"],"picked":"SKIP","floor":35.0},{"not_picked":["Leap","Blizzard+1","Coolheaded"],"picked":"SKIP","floor":36.0},{"not_picked":["Madness","Transmutation"],"picked":"Dramatic Entrance+1","floor":39.0},{"not_picked":["Gash+1","Ball Lightning+1","Streamline+1"],"picked":"SKIP","floor":40.0},{"not_picked":["Cold Snap+1","Go for the Eyes+1","Rebound+1"],"picked":"SKIP","floor":41.0},{"not_picked":["Stack","BootSequence+1"],"picked":"Defragment+1","floor":42.0},{"not_picked":["Coolheaded","Double Energy","Cold Snap+1"],"picked":"SKIP","floor":45.0},{"not_picked":["Fusion","Leap+1","Tempest"],"picked":"SKIP","floor":48.0},{"not_picked":["Barrage+1","Streamline+1","Leap+1"],"picked":"SKIP","floor":54}],"player_experience":265260,"relics_obtained":[{"floor":6.0,"key":"Dream Catcher"},{"floor":8.0,"key":"Molten Egg 2"},{"floor":9.0,"key":"Bag of Marbles"},{"floor":13.0,"key":"Unceasing Top"},{"floor":19.0,"key":"Red Mask"},{"floor":23.0,"key":"Ice Cream"},{"floor":31.0,"key":"Gambling Chip"},{"floor":31.0,"key":"Meat on the Bone"},{"floor":37.0,"key":"WingedGreaves"},{"floor":40.0,"key":"Potion Belt"},{"floor":43.0,"key":"Centennial Puzzle"},{"floor":45.0,"key":"FossilizedHelix"},{"floor":54,"key":"Letter Opener"}],"event_choices":[{"damage_healed":0.0,"max_hp_gain":0.0,"max_hp_loss":0.0,"gold_gain":75.0,"event_name":"World of Goop","player_choice":"Gather Gold","floor":3.0,"gold_loss":0.0,"damage_taken":11.0},{"damage_healed":0.0,"max_hp_gain":0.0,"max_hp_loss":0.0,"gold_gain":0.0,"event_name":"Shining Light","player_choice":"Entered Light","floor":5.0,"gold_loss":0.0,"damage_taken":15.0,"cards_upgraded":["Dualcast","Core Surge"]},{"damage_healed":0.0,"max_hp_gain":0.0,"max_hp_loss":0.0,"gold_gain":0.0,"event_name":"Masked Bandits","player_choice":"Fought Bandits","floor":19.0,"gold_loss":0.0,"damage_taken":0.0},{"damage_healed":0.0,"max_hp_gain":0.0,"max_hp_loss":0.0,"gold_gain":0.0,"cards_transformed":["Strike_B"],"event_name":"Transmorgrifier","player_choice":"Transformed","floor":21.0,"gold_loss":0.0,"damage_taken":0.0,"cards_obtained":["Capacitor"]},{"damage_healed":0.0,"max_hp_gain":0.0,"max_hp_loss":0.0,"gold_gain":0.0,"event_name":"Back to Basics","player_choice":"Simplicity","floor":29.0,"gold_loss":0.0,"damage_taken":0.0,"cards_upgraded":["Strike_B","Strike_B","Strike_B","Defend_B","Defend_B","Defend_B","Defend_B"]},{"damage_healed":0.0,"max_hp_gain":0.0,"max_hp_loss":0.0,"gold_gain":0.0,"event_name":"Colosseum","player_choice":"Fight","floor":31.0,"gold_loss":0.0,"damage_taken":0.0},{"damage_healed":0.0,"max_hp_gain":0.0,"max_hp_loss":0.0,"gold_gain":0.0,"event_name":"Colosseum","player_choice":"Fought Nobs","floor":31.0,"gold_loss":0.0,"damage_taken":0.0},{"damage_healed":0.0,"max_hp_gain":0.0,"max_hp_loss":0.0,"gold_gain":0.0,"event_name":"MindBloom","player_choice":"Fight","floor":37.0,"gold_loss":0.0,"damage_taken":0.0},{"cards_removed":["Defend_B"],"damage_healed":0.0,"max_hp_gain":0.0,"max_hp_loss":0.0,"gold_gain":0.0,"event_name":"Falling","player_choice":"Removed Skill","floor":38.0,"gold_loss":0.0,"damage_taken":0.0},{"damage_healed":0.0,"max_hp_gain":0.0,"max_hp_loss":0.0,"gold_gain":0.0,"event_name":"SensoryStone","player_choice":"Memory 1","floor":39.0,"gold_loss":0.0,"damage_taken":0.0},{"damage_healed":0.0,"max_hp_gain":0.0,"max_hp_loss":4.0,"gold_gain":0.0,"event_name":"Winding Halls","player_choice":"Max HP","floor":46.0,"gold_loss":0.0,"damage_taken":0.0}],"is_beta":false,"boss_relics":[{"not_picked":["Fusion Hammer","Cursed Key"],"picked":"Sozu"},{"not_picked":["Busted Crown","Astrolabe"],"picked":"Inserter"}],"items_purged_floors":[44,53],"is_endless":false,"potions_floor_spawned":[4,8,14,22,24,31,31,37,40,42,45,48,54],"killed_by":"The Heart","ascension_level":5}