{"gold_per_floor":[110,128,203,218,228,261,261,261,261,287,303,34,44,44,44,164,164,180,280,4,18,31,31,71,71,71,86,112,112,144,163,163,163],"floor_reached":33,"playtime":1371,"items_purged":["Strike_R"],"score":419,"play_id":"f13dd111-0d86-43d9-8158-2cf6dc5dba00","local_time":"20190319112748","is_ascension_mode":true,"campfire_choices":[{"floor":7,"key":"REST"},{"floor":15,"key":"REST"},{"data":"True Grit","floor":23,"key":"SMITH"},{"floor":29,"key":"REST"},{"data":"Bash","floor":32,"key":"SMITH"}],"neow_cost":"NONE","seed_source_timestamp":843837163388608,"circlet_count":0,"master_deck":["Strike_R","Strike_R","Strike_R","Strike_R","Defend_R","Defend_R","Defend_R","Defend_R","Bash+1","Carnage","Whirlwind+1","Warcry","Shrug It Off","Metallicize+1","Dark Shackles","Impervious","True Grit+1","Shrug It Off+1"],"relics":["Burning Blood","Red Skull","Bottled Lightning","Frozen Egg 2","Sundial","Vajra","Bloody Idol","Sozu","Sling","Juzu Bracelet","Pear","Ancient Tea Set","Anchor"],"potions_floor_usage":[10,13,13,30],"damage_taken":[{"damage":0,"enemies":"2 Louse","floor":1,"turns":2},{"damage":7,"enemies":"Small Slimes","floor":2,"turns":3},{"damage":7,"enemies":"Jaw Worm","floor":4,"turns":2},{"damage":13,"enemies":"2 Fungi Beasts","floor":5,"turns":3},{"damage":32,"enemies":"3 Sentries","floor":6,"turns":5},{"damage":35,"enemies":"Lagavulin","floor":10,"turns":7},{"damage":15,"enemies":"Large Slime","floor":11,"turns":6},{"damage":7,"enemies":"Lots of Slimes","floor":13,"turns":2},{"damage":17,"enemies":"Slime Boss","floor":16,"turns":12},{"damage":2,"enemies":"Spheric Guardian","floor":18,"turns":4},{"damage":11,"enemies":"2 Thieves","floor":21,"turns":3},{"damage":36,"enemies":"Shelled Parasite and Fungi","floor":22,"turns":9},{"damage":21,"enemies":"Book of Stabbing","floor":24,"turns":7},{"damage":20,"enemies":"Centurion and Healer","floor":27,"turns":6},{"damage":0,"enemies":"Slavers","floor":30,"turns":2},{"damage":0,"enemies":"Chosen and Byrds","floor":31,"turns":7},{"damage":87,"enemies":"Collector","floor":33,"turns":7}],"seed_played":"-8329044842346339623","potions_obtained":[{"floor":1,"key":"SteroidPotion"},{"floor":2,"key":"Swift Potion"},{"floor":6,"key":"Regen Potion"},{"floor":10,"key":"Swift Potion"}],"is_trial":false,"path_per_floor":["M","M","?","M","M","E","R","?","T","E","M","$","M","?","R","B",null,"M","?","$","M","M","R","E","?","T","M","T","R","E","M","R","B"],"character_chosen":"IRONCLAD","items_purchased":["Vajra","Metallicize+1","Dark Shackles","Sling"],"campfire_rested":3,"item_purchase_floors":[12,12,12,20],"current_hp_per_floor":[78,77,66,65,58,32,56,56,56,41,32,32,31,31,53,42,66,70,70,70,65,35,35,20,20,30,21,26,51,62,73,73,0],"gold":163,"neow_bonus":"RANDOM_COMMON_RELIC","is_prod":false,"is_daily":false,"chose_seed":false,"campfire_upgraded":2,"win_rate":0,"timestamp":1553009268,"path_taken":["M","M","?","M","M","E","R","?","T","E","M","?","M","?","R","BOSS","M","?","$","?","M","R","E","?","T","M","?","R","E","M","R","BOSS"],"build_version":"2019-01-23","purchased_purges":1,"victory":false,"max_hp_per_floor":[80,80,80,80,80,80,80,80,80,80,80,80,80,74,74,74,74,74,74,74,74,74,74,74,74,84,84,84,84,84,84,84,84],"card_choices":[{"not_picked":["Ghostly Armor","Wild Strike"],"picked":"Carnage","floor":1},{"not_picked":["Shockwave","Heavy Blade"],"picked":"Whirlwind","floor":2},{"not_picked":["Body Slam","Pummel"],"picked":"Warcry","floor":4},{"not_picked":["Body Slam","Intimidate"],"picked":"Shrug It Off","floor":5},{"not_picked":["Havoc","Rupture","Entrench"],"picked":"SKIP","floor":6},{"not_picked":["Perfected Strike","Sever Soul","Reckless Charge"],"picked":"SKIP","floor":10},{"not_picked":["Clash","Dual Wield","Whirlwind"],"picked":"SKIP","floor":11},{"not_picked":["Anger","Thunderclap","Heavy Blade"],"picked":"SKIP","floor":13},{"not_picked":["Brutality+1","Barricade+1"],"picked":"Impervious","floor":16},{"not_picked":["Havoc","Flex","Reckless Charge"],"picked":"SKIP","floor":18},{"not_picked":["Wild Strike","Pummel","Body Slam"],"picked":"SKIP","floor":21},{"not_picked":["Cleave","Armaments+1"],"picked":"True Grit","floor":22},{"not_picked":["Second Wind+1","Dual Wield+1","Flex"],"picked":"SKIP","floor":24},{"not_picked":["Reckless Charge+1","Pommel Strike"],"picked":"Shrug It Off+1","floor":27},{"not_picked":["Pommel Strike","Sword Boomerang+1","Cleave"],"picked":"SKIP","floor":30},{"not_picked":["Seeing Red","Havoc","Rampage"],"picked":"SKIP","floor":31}],"player_experience":311353,"relics_obtained":[{"floor":6,"key":"Bottled Lightning"},{"floor":9,"key":"Frozen Egg 2"},{"floor":10,"key":"Sundial"},{"floor":24,"key":"Juzu Bracelet"},{"floor":26,"key":"Pear"},{"floor":28,"key":"Ancient Tea Set"},{"floor":30,"key":"Anchor"}],"event_choices":[{"damage_healed":0,"gold_gain":75,"player_choice":"Gather Gold","damage_taken":11,"max_hp_gain":0,"max_hp_loss":0,"event_name":"World of Goop","floor":3,"gold_loss":0},{"damage_healed":0,"gold_gain":0,"player_choice":"Grow","damage_taken":0,"max_hp_gain":0,"max_hp_loss":0,"event_name":"Living Wall","floor":8,"gold_loss":0,"cards_upgraded":["Whirlwind"]},{"damage_healed":0,"gold_gain":0,"player_choice":"Lose Max HP","damage_taken":0,"relics_obtained":["Golden Idol"],"max_hp_gain":0,"max_hp_loss":6,"event_name":"Golden Idol","floor":14,"gold_loss":0},{"damage_healed":0,"gold_gain":100,"player_choice":"Pray","damage_taken":0,"max_hp_gain":0,"max_hp_loss":0,"event_name":"Golden Shrine","floor":19,"gold_loss":0},{"damage_healed":0,"gold_gain":0,"player_choice":"Gave Idol","damage_taken":0,"relics_obtained":["Bloody Idol"],"max_hp_gain":0,"max_hp_loss":0,"event_name":"Forgotten Altar","floor":25,"relics_lost":["Golden Idol"],"gold_loss":0}],"is_beta":false,"boss_relics":[{"not_picked":["Velvet Choker","Calling Bell"],"picked":"Sozu"}],"items_purged_floors":[20],"is_endless":false,"potions_floor_spawned":[1,2,6,10,21,27],"killed_by":"Collector","ascension_level":6}