{"gold_per_floor":[115,115,125,125,143,174,184,184,255,274,309,91,426,438,438,438],"floor_reached":16,"playtime":720,"items_purged":["Strike_R"],"score":244,"play_id":"9329f564-c74b-47e3-b6b3-edc717fda777","local_time":"20190320005847","is_ascension_mode":true,"campfire_choices":[{"data":"Metallicize","floor":8,"key":"SMITH"},{"floor":15,"key":"REST"}],"neow_cost":"NONE","seed_source_timestamp":287339125595320,"circlet_count":0,"master_deck":["AscendersBane","Strike_R","Strike_R","Strike_R","Strike_R","Defend_R","Defend_R","Defend_R","Defend_R","Bash+1","Wild Strike","Iron Wave","Metallicize+1","Anger","Armaments","Headbutt","Shrug It Off","Metallicize","Reaper"],"relics":["Burning Blood","NeowsBlessing","Self Forming Clay","Bronze Scales","Dodecahedron","Juzu Bracelet","Old Coin"],"potions_floor_usage":[6,10,13,13],"damage_taken":[{"damage":0,"enemies":"Cultist","floor":1,"turns":1},{"damage":0,"enemies":"Jaw Worm","floor":3,"turns":1},{"damage":0,"enemies":"Small Slimes","floor":5,"turns":1},{"damage":19,"enemies":"3 Sentries","floor":6,"turns":16},{"damage":21,"enemies":"Exordium Wildlife","floor":7,"turns":4},{"damage":6,"enemies":"Gremlin Gang","floor":10,"turns":4},{"damage":38,"enemies":"Lagavulin","floor":11,"turns":8},{"damage":3,"enemies":"3 Sentries","floor":13,"turns":9},{"damage":3,"enemies":"2 Fungi Beasts","floor":14,"turns":4},{"damage":34,"enemies":"Slime Boss","floor":16,"turns":7}],"seed_played":"-2893974763320783798","potions_obtained":[{"floor":5,"key":"EssenceOfSteel"},{"floor":6,"key":"LiquidBronze"},{"floor":11,"key":"GamblersBrew"}],"is_trial":false,"path_per_floor":["M","T","M","?","M","E","M","R","T","M","E","$","E","M","R","B"],"character_chosen":"IRONCLAD","items_purchased":["Fire Potion","Metallicize"],"campfire_rested":1,"item_purchase_floors":[12,12],"current_hp_per_floor":[74,74,75,75,75,62,47,47,47,47,15,15,18,29,51,17],"gold":438,"neow_bonus":"THREE_ENEMY_KILL","is_prod":false,"is_daily":false,"chose_seed":false,"campfire_upgraded":1,"win_rate":0,"timestamp":1553057927,"path_taken":["M","?","M","?","M","E","M","R","T","M","E","?","E","M","R","BOSS"],"build_version":"2019-03-15","purchased_purges":1,"victory":false,"max_hp_per_floor":[75,75,75,75,75,75,75,75,75,75,75,75,75,75,75,75],"card_choices":[{"not_picked":["Perfected Strike","True Grit"],"picked":"Wild Strike","floor":1},{"not_picked":["Pummel","Body Slam"],"picked":"Iron Wave","floor":3},{"not_picked":["Pommel Strike","Thunderclap"],"picked":"Metallicize","floor":5},{"not_picked":["Berserk","Sword Boomerang"],"picked":"Anger","floor":6},{"not_picked":["Entrench","Iron Wave"],"picked":"Armaments","floor":7},{"not_picked":["Cleave","Thunderclap"],"picked":"Headbutt","floor":10},{"not_picked":["Corruption","Havoc"],"picked":"Shrug It Off","floor":11},{"not_picked":["Sword Boomerang","Anger"],"picked":"Reaper","floor":13},{"not_picked":["Seeing Red","Reckless Charge","Sword Boomerang"],"picked":"SKIP","floor":14}],"player_experience":919011,"relics_obtained":[{"floor":2,"key":"Self Forming Clay"},{"floor":6,"key":"Bronze Scales"},{"floor":9,"key":"Dodecahedron"},{"floor":11,"key":"Juzu Bracelet"},{"floor":13,"key":"Old Coin"}],"event_choices":[{"damage_healed":0,"gold_gain":0,"player_choice":"Grow","damage_taken":0,"max_hp_gain":0,"max_hp_loss":0,"event_name":"Living Wall","floor":4,"gold_loss":0,"cards_upgraded":["Bash"]}],"is_beta":true,"boss_relics":[],"items_purged_floors":[12],"is_endless":false,"potions_floor_spawned":[5,6,11],"killed_by":"Slime Boss","ascension_level":20}