{"gold_per_floor":[113,124,124,141,66,92,105,0,0,0,17,17,17,17,17,17],"floor_reached":16,"playtime":493,"items_purged":[],"score":190,"play_id":"eaf3c5f7-0991-4d8d-9a2b-a7992e0f997f","local_time":"20190314124010","is_ascension_mode":true,"campfire_choices":[{"floor":10,"key":"REST"},{"floor":13,"key":"REST"},{"data":"Body Slam","floor":15,"key":"SMITH"}],"neow_cost":"NONE","seed_source_timestamp":130133776586700,"circlet_count":0,"master_deck":["AscendersBane","Strike_R","Strike_R","Strike_R","Strike_R","Strike_R","Defend_R","Defend_R","Defend_R","Defend_R","Bash","Warcry","Thunderclap","Infernal Blade","Fiend Fire","Flame Barrier","Body Slam+1","Shrug It Off","Limit Break","Headbutt"],"relics":["Burning Blood","NeowsBlessing","NlothsMask","The Courier","Ginger"],"potions_floor_usage":[],"damage_taken":[{"damage":0,"enemies":"Cultist","floor":1,"turns":1},{"damage":0,"enemies":"2 Louse","floor":2,"turns":1},{"damage":0,"enemies":"Small Slimes","floor":4,"turns":1},{"damage":60,"enemies":"3 Sentries","floor":6,"turns":8},{"damage":14,"enemies":"Exordium Thugs","floor":7,"turns":4},{"damage":16,"enemies":"Blue Slaver","floor":11,"turns":5},{"damage":49,"enemies":"Slime Boss","floor":16,"turns":9}],"seed_played":"-3250409710058342930","potions_obtained":[{"floor":1,"key":"Dexterity Potion"},{"floor":7,"key":"LiquidBronze"}],"is_trial":false,"path_per_floor":["M","M","?","M","$","E","M","$","T","R","M","$","R","?","R","B"],"character_chosen":"IRONCLAD","items_purchased":["Fiend Fire","Shrug It Off","Limit Break"],"campfire_rested":2,"item_purchase_floors":[5,8,8],"current_hp_per_floor":[74,75,75,75,75,21,13,13,13,35,25,25,47,47,47,0],"gold":17,"neow_bonus":"THREE_ENEMY_KILL","is_prod":false,"is_daily":false,"chose_seed":false,"campfire_upgraded":1,"win_rate":0,"timestamp":1552581610,"path_taken":["M","?","?","M","?","E","?","$","T","R","M","$","R","?","R","BOSS"],"build_version":"2019-02-06","purchased_purges":0,"victory":false,"max_hp_per_floor":[75,75,75,75,75,75,75,75,75,75,75,75,75,75,75,75],"card_choices":[{"not_picked":["Corruption","Blood for Blood"],"picked":"Warcry","floor":1},{"not_picked":["True Grit","Wild Strike"],"picked":"Thunderclap","floor":2},{"not_picked":["Seeing Red","Havoc"],"picked":"Infernal Blade","floor":4},{"not_picked":["Pommel Strike","True Grit"],"picked":"Flame Barrier","floor":6},{"not_picked":["Warcry","Armaments"],"picked":"Body Slam","floor":7},{"not_picked":["Wild Strike","Havoc"],"picked":"Headbutt","floor":11}],"player_experience":652190,"relics_obtained":[{"floor":6,"key":"The Courier"},{"floor":14,"key":"Ginger"}],"event_choices":[{"damage_healed":0,"gold_gain":0,"player_choice":"Trade","damage_taken":0,"relics_obtained":["NlothsMask"],"max_hp_gain":0,"max_hp_loss":0,"event_name":"FaceTrader","floor":3,"gold_loss":0},{"damage_healed":0,"gold_gain":0,"player_choice":"Relic","damage_taken":0,"max_hp_gain":0,"max_hp_loss":0,"event_name":"Wheel of Change","floor":14,"gold_loss":0}],"is_beta":true,"boss_relics":[],"items_purged_floors":[],"is_endless":false,"potions_floor_spawned":[1,7],"killed_by":"Slime Boss","ascension_level":18}