{"gold_per_floor":[119,119,129,148,159,187,197,197,269,294,259,259,101,132,132,235,235,249,56,73,73,87,87,121,121,145,145,172,4,4,23,23,123,123,138,138,138,138,150,183,196,196,196,196,196,46,56,16,16,16],"floor_reached":51,"playtime":2056,"items_purged":["Strike_R"],"score":1003,"play_id":"25134ee3-562e-4632-a4a8-486941154399","local_time":"20190323022304","is_ascension_mode":true,"campfire_choices":[{"floor":8,"key":"REST"},{"data":"Apotheosis","floor":12,"key":"SMITH"},{"data":"Warcry","floor":15,"key":"SMITH"},{"data":"Immolate","floor":23,"key":"SMITH"},{"floor":25,"key":"REST"},{"data":"Clothesline","floor":30,"key":"SMITH"},{"data":"Double Tap","floor":32,"key":"SMITH"},{"data":"Infernal Blade","floor":42,"key":"SMITH"},{"data":"True Grit","floor":45,"key":"SMITH"},{"data":"Intimidate","floor":49,"key":"SMITH"}],"neow_cost":"PERCENT_DAMAGE","seed_source_timestamp":1156062875791985,"circlet_count":0,"master_deck":["Strike_R","Strike_R","Strike_R","Strike_R","Defend_R","Defend_R","Defend_R","Defend_R","Bash+1","Apotheosis+1","Dark Shackles+1","Clothesline+1","Warcry+1","Havoc+1","True Grit+1","Immolate+1","Double Tap+1","True Grit+1","Feel No Pain+1","Flash of Steel","Whirlwind+1","Reaper","Infernal Blade+1","Feel No Pain+1","Intimidate+1"],"relics":["Black Blood","Pocketwatch","Pantograph","Dead Branch","Omamori","Brimstone","Question Card","Charon\u0027s Ashes","War Paint","PreservedInsect","Coffee Dripper","Orichalcum","Blood Vial","Happy Flower"],"potions_floor_usage":[6,20,28,31,33,40,50,50,50,50,50,50,50,50],"damage_taken":[{"damage":0,"enemies":"Cultist","floor":1,"turns":4},{"damage":6,"enemies":"2 Louse","floor":3,"turns":4},{"damage":4,"enemies":"Jaw Worm","floor":4,"turns":4},{"damage":3,"enemies":"Large Slime","floor":5,"turns":9},{"damage":26,"enemies":"Gremlin Nob","floor":6,"turns":5},{"damage":29,"enemies":"Exordium Thugs","floor":7,"turns":6},{"damage":18,"enemies":"3 Sentries","floor":10,"turns":9},{"damage":0,"enemies":"Gremlin Nob","floor":14,"turns":3},{"damage":34,"enemies":"The Guardian","floor":16,"turns":10},{"damage":0,"enemies":"Chosen","floor":18,"turns":3},{"damage":0,"enemies":"3 Byrds","floor":20,"turns":4},{"damage":11,"enemies":"Cultist and Chosen","floor":22,"turns":5},{"damage":57,"enemies":"Book of Stabbing","floor":24,"turns":6},{"damage":32,"enemies":"Slavers","floor":28,"turns":4},{"damage":0,"enemies":"3 Cultists","floor":31,"turns":3},{"damage":31,"enemies":"Collector","floor":33,"turns":7},{"damage":6,"enemies":"Orb Walker","floor":35,"turns":2},{"damage":15,"enemies":"3 Darklings","floor":39,"turns":3},{"damage":12,"enemies":"Nemesis","floor":40,"turns":3},{"damage":39,"enemies":"Maw","floor":41,"turns":6},{"damage":4,"enemies":"Sphere and 2 Shapes","floor":47,"turns":2},{"damage":56,"enemies":"Awakened One","floor":50,"turns":8}],"seed_played":"3571308493369944051","potions_obtained":[{"floor":1,"key":"Energy Potion"},{"floor":3,"key":"Block Potion"},{"floor":14,"key":"AttackPotion"},{"floor":22,"key":"Poison Potion"},{"floor":24,"key":"Energy Potion"},{"floor":28,"key":"LiquidBronze"},{"floor":31,"key":"FearPotion"},{"floor":35,"key":"BloodPotion"},{"floor":41,"key":"AttackPotion"},{"floor":48,"key":"EntropicBrew"},{"floor":48,"key":"PowerPotion"}],"is_trial":false,"path_per_floor":["M","$","M","M","M","E","M","R","T","E","?","R","$","E","R","B",null,"M","$","M","?","M","R","E","R","T","?","E","$","R","M","R","B",null,"M","$","?","?","M","E","M","R","T","?","R","$","M","?","R","B",null],"character_chosen":"IRONCLAD","items_purchased":["Immolate","Brimstone","Flash of Steel","Happy Flower"],"campfire_rested":2,"item_purchase_floors":[13,19,29,46],"current_hp_per_floor":[57,57,57,59,62,42,19,43,43,31,51,51,51,57,57,52,73,80,80,80,80,79,79,32,56,56,56,34,34,34,44,44,48,72,76,76,76,76,71,69,62,62,62,62,62,62,70,70,70,80],"gold":16,"neow_bonus":"RANDOM_COLORLESS_2","is_prod":false,"is_daily":false,"chose_seed":false,"campfire_upgraded":8,"win_rate":0,"timestamp":1553322184,"path_taken":["M","$","M","?","M","E","M","R","T","E","?","R","$","E","R","BOSS","M","$","M","?","M","R","E","R","T","?","E","$","R","M","R","BOSS","M","$","?","?","M","E","?","R","T","?","R","?","M","?","R","BOSS"],"build_version":"2019-01-23","purchased_purges":1,"victory":true,"max_hp_per_floor":[80,80,80,80,80,80,80,80,80,80,80,80,80,80,80,80,80,80,80,80,80,80,80,80,80,80,80,80,80,80,80,80,80,80,80,80,80,80,80,80,80,80,80,80,80,80,80,80,80,80],"card_choices":[{"not_picked":["Pummel","Body Slam"],"picked":"Clothesline","floor":1},{"not_picked":["Headbutt","Sword Boomerang","Corruption"],"picked":"SKIP","floor":3},{"not_picked":["Armaments","Pommel Strike","Perfected Strike"],"picked":"SKIP","floor":4},{"not_picked":["Sword Boomerang","Clothesline"],"picked":"Warcry","floor":5},{"not_picked":["Thunderclap","Sentinel"],"picked":"Havoc","floor":6},{"not_picked":["Headbutt","Pommel Strike"],"picked":"True Grit","floor":7},{"not_picked":["Heavy Blade","Headbutt","Carnage"],"picked":"SKIP","floor":10},{"not_picked":["Sword Boomerang","Body Slam","True Grit"],"picked":"SKIP","floor":14},{"not_picked":["Juggernaut","Exhume"],"picked":"Double Tap","floor":16},{"not_picked":["Clash","Searing Blow"],"picked":"True Grit+1","floor":18},{"not_picked":["Pommel Strike","Reckless Charge","Uppercut"],"picked":"SKIP","floor":20},{"not_picked":["True Grit+1","Flex","Heavy Blade","Headbutt"],"picked":"SKIP","floor":22},{"not_picked":["Rupture+1","Flex","Rampage","Fire Breathing"],"picked":"SKIP","floor":24},{"not_picked":["Dual Wield+1","Clash","Pommel Strike"],"picked":"Feel No Pain+1","floor":28},{"not_picked":["Clash","Wild Strike+1","Rage"],"picked":"Whirlwind+1","floor":31},{"not_picked":["Bludgeon","Exhume","Demon Form"],"picked":"Reaper","floor":33},{"not_picked":["Wild Strike","Pommel Strike","Carnage+1","Infernal Blade"],"picked":"SKIP","floor":35},{"not_picked":["Pummel","Evolve","Corruption+1"],"picked":"Feel No Pain+1","floor":39},{"not_picked":["True Grit","Second Wind","Pommel Strike+1"],"picked":"Intimidate","floor":40},{"not_picked":["Cleave+1","Shockwave","Headbutt+1","Twin Strike+1"],"picked":"SKIP","floor":41},{"not_picked":["Carnage","Wild Strike","Dual Wield+1","Body Slam"],"picked":"SKIP","floor":47}],"player_experience":326465,"relics_obtained":[{"floor":6,"key":"Pocketwatch"},{"floor":9,"key":"Pantograph"},{"floor":10,"key":"Dead Branch"},{"floor":14,"key":"Omamori"},{"floor":24,"key":"Charon\u0027s Ashes"},{"floor":26,"key":"War Paint"},{"floor":28,"key":"PreservedInsect"},{"floor":40,"key":"Orichalcum"},{"floor":43,"key":"Blood Vial"}],"event_choices":[{"damage_healed":20,"gold_gain":0,"player_choice":"Healed","damage_taken":0,"max_hp_gain":0,"max_hp_loss":0,"event_name":"The Cleric","floor":11,"gold_loss":35},{"damage_healed":0,"gold_gain":0,"player_choice":"Opened","damage_taken":0,"relics_obtained":["Question Card"],"max_hp_gain":0,"max_hp_loss":0,"event_name":"The Mausoleum","floor":21,"gold_loss":0},{"damage_healed":0,"gold_gain":0,"player_choice":"Upgraded","damage_taken":0,"max_hp_gain":0,"max_hp_loss":0,"event_name":"Upgrade Shrine","floor":27,"gold_loss":0,"cards_upgraded":["Bash"]},{"damage_healed":0,"gold_gain":0,"player_choice":"Ignored","damage_taken":0,"max_hp_gain":0,"max_hp_loss":0,"event_name":"Tomb of Lord Red Mask","floor":37,"gold_loss":0},{"damage_healed":0,"gold_gain":0,"player_choice":"1 cards matched","damage_taken":0,"max_hp_gain":0,"max_hp_loss":0,"event_name":"Match and Keep!","floor":38,"gold_loss":0,"cards_obtained":["Infernal Blade"]},{"damage_healed":0,"gold_gain":0,"player_choice":"Ignored","damage_taken":0,"max_hp_gain":0,"max_hp_loss":0,"event_name":"Mysterious Sphere","floor":44,"gold_loss":0},{"damage_healed":0,"gold_gain":0,"player_choice":"Bought 3 Potions","damage_taken":0,"max_hp_gain":0,"max_hp_loss":0,"event_name":"The Woman in Blue","floor":48,"gold_loss":0}],"is_beta":false,"boss_relics":[{"not_picked":["Calling Bell","Tiny House"],"picked":"Black Blood"},{"not_picked":["Empty Cage","Runic Dome"],"picked":"Coffee Dripper"}],"items_purged_floors":[29],"is_endless":false,"potions_floor_spawned":[1,3,14,22,24,28,31,35,39,41],"ascension_level":7}