{"gold_per_floor":[364,18,37,62,62,62,79,113,113,138,50,50,50,88,88,181,181,204,104,29,29,42,42,85,85,85,85,85,85,103,144,144,234,234,259,272,108,128,144,144,162,162,189,204,228,120,120,10,10,10,10],"floor_reached":52,"playtime":4357,"items_purged":["Doubt","Berserk"],"score":1787,"play_id":"2034a732-9a32-4842-bfa9-a013bf8362fd","local_time":"20190323213738","is_ascension_mode":true,"campfire_choices":[{"data":"Bash","floor":6.0,"key":"SMITH"},{"data":"Offering","floor":12.0,"key":"SMITH"},{"data":"Demon Form","floor":15.0,"key":"SMITH"},{"data":"Power Through","floor":23.0,"key":"SMITH"},{"data":"Shockwave","floor":25.0,"key":"SMITH"},{"data":"True Grit","floor":27.0,"key":"SMITH"},{"data":"Bludgeon","floor":29.0,"key":"SMITH"},{"floor":32.0,"key":"REST"},{"data":"Battle Trance","floor":40.0,"key":"SMITH"},{"data":"Pommel Strike","floor":47,"key":"SMITH"},{"floor":49,"key":"REST"}],"neow_cost":"CURSE","seed_source_timestamp":45997294559400,"circlet_count":0,"master_deck":["AscendersBane","Bash+1","Cleave","Combust","Shockwave+1","Rampage","Demon Form+1","Offering+1","Impervious","Power Through+1","Corruption","Thunderclap","Pommel Strike+1","Bludgeon+1","True Grit+1","Armaments+1","Spot Weakness","Iron Wave","Clothesline","Battle Trance+1","Shrug It Off","Heavy Blade+1","True Grit+1","Shrug It Off","Headbutt"],"special_seed":0,"relics":["Burning Blood","Tiny Chest","Dream Catcher","Bottled Lightning","Blue Candle","Thread and Needle","Golden Idol","Regal Pillow","Pandora\u0027s Box","Mango","Boot","Pen Nib","Velvet Choker","Centennial Puzzle","Art of War"],"potions_floor_usage":[50,50,51,51],"damage_taken":[{"damage":7.0,"enemies":"Cultist","floor":1.0,"turns":4.0},{"damage":12.0,"enemies":"Small Slimes","floor":3.0,"turns":4.0},{"damage":10.0,"enemies":"Jaw Worm","floor":7.0,"turns":4.0},{"damage":12.0,"enemies":"3 Sentries","floor":8.0,"turns":4.0},{"damage":26.0,"enemies":"Lagavulin","floor":10.0,"turns":7.0},{"damage":8.0,"enemies":"3 Sentries","floor":14.0,"turns":4.0},{"damage":40.0,"enemies":"Slime Boss","floor":16.0,"turns":8.0},{"damage":14.0,"enemies":"Chosen","floor":18.0,"turns":4.0},{"damage":6.0,"enemies":"2 Thieves","floor":22.0,"turns":4.0},{"damage":34.0,"enemies":"Gremlin Leader","floor":24.0,"turns":8.0},{"damage":16.0,"enemies":"Cultist and Chosen","floor":30.0,"turns":6.0},{"damage":70.0,"enemies":"Slavers","floor":31.0,"turns":8.0},{"damage":59.0,"enemies":"Champ","floor":33.0,"turns":11.0},{"damage":8.0,"enemies":"3 Darklings","floor":35.0,"turns":5.0},{"damage":2.0,"enemies":"Orb Walker","floor":36.0,"turns":3.0},{"damage":17.0,"enemies":"Writhing Mass","floor":38.0,"turns":6.0},{"damage":0.0,"enemies":"Sphere and 2 Shapes","floor":39.0,"turns":5.0},{"damage":9.0,"enemies":"Jaw Worm Horde","floor":41.0,"turns":4.0},{"damage":7,"enemies":"Transient","floor":44,"turns":6},{"damage":12,"enemies":"Sphere and 2 Shapes","floor":45,"turns":5},{"damage":59,"enemies":"Awakened One","floor":50,"turns":15},{"damage":38,"enemies":"Time Eater","floor":51,"turns":7}],"seed_played":"8850320115229907590","potions_obtained":[{"floor":3.0,"key":"FairyPotion"},{"floor":8.0,"key":"FearPotion"},{"floor":10.0,"key":"AttackPotion"},{"floor":18.0,"key":"EssenceOfSteel"},{"floor":24.0,"key":"EntropicBrew"},{"floor":31.0,"key":"Energy Potion"},{"floor":35.0,"key":"FearPotion"},{"floor":36.0,"key":"Swift Potion"},{"floor":41.0,"key":"Regen Potion"}],"is_trial":false,"path_per_floor":["M","$","M","T","?","R","M","E","T","E","$","R","?","E","R","B",null,"M","$","?","?","M","R","E","R","T","R","?","R","M","E","R","B",null,"M","M","$","M","M","R","M","?","T","M","M","$","R","$","R","B","B",null],"character_chosen":"IRONCLAD","items_purchased":["Combust","Tiny Chest","SkillPotion","Offering","Centennial Puzzle","Shrug It Off","Headbutt","EntropicBrew"],"campfire_rested":2,"item_purchase_floors":[2,2,2,11,37,46,46,48],"current_hp_per_floor":[67,67,61,61,66,66,62,56,56,36,36,36,36,34,34,13,57,49,49,49,49,49,49,35,35,35,35,96,96,86,22,65,12,75,73,77,77,66,72,72,69,69,69,68,62,62,62,62,96,58,26],"gold":10,"neow_bonus":"TWO_FIFTY_GOLD","is_prod":false,"is_daily":false,"chose_seed":false,"campfire_upgraded":9,"win_rate":0,"timestamp":1553391458,"path_taken":["M","$","M","?","?","R","M","E","T","E","?","R","?","E","R","BOSS","M","$","?","?","?","R","E","R","T","R","?","R","M","E","R","BOSS","M","M","$","?","M","R","?","?","T","?","M","$","R","$","R","BOSS","BOSS"],"build_version":"2019-03-15","purchased_purges":2,"victory":true,"max_hp_per_floor":[75,75,75,75,80,80,80,80,80,80,80,80,72,72,72,72,72,72,72,72,72,72,72,86,86,86,86,96,96,96,96,96,96,96,96,96,96,96,96,96,96,96,96,96,96,96,96,96,96,96,96],"card_choices":[{"not_picked":["Pommel Strike","Shrug It Off"],"picked":"Cleave","floor":1.0},{"not_picked":["Fire Breathing","Rampage"],"picked":"Shockwave","floor":3.0},{"not_picked":["Clash","Havoc"],"picked":"Rampage","floor":7.0},{"not_picked":["Seeing Red","Shrug It Off"],"picked":"Demon Form","floor":8.0},{"not_picked":["Brutality","Flex","Heavy Blade"],"picked":"SKIP","floor":10.0},{"not_picked":["Pommel Strike","Seeing Red","Bludgeon"],"picked":"SKIP","floor":14.0},{"not_picked":["Pommel Strike","Seeing Red","Bludgeon"],"picked":"SKIP","floor":14.0},{"not_picked":["Barricade","Bludgeon"],"picked":"Impervious","floor":16.0},{"not_picked":["Searing Blow","Sword Boomerang","Rupture"],"picked":"SKIP","floor":18.0},{"not_picked":["Clothesline","Perfected Strike"],"picked":"True Grit","floor":22.0},{"not_picked":["True Grit","Ghostly Armor"],"picked":"Armaments+1","floor":24.0},{"not_picked":["Rupture+1","Twin Strike"],"picked":"Spot Weakness","floor":30.0},{"not_picked":["Spot Weakness","Flex"],"picked":"Iron Wave","floor":31.0},{"not_picked":["Havoc","Flex"],"picked":"Clothesline","floor":32.0},{"not_picked":["Dual Wield","Flex"],"picked":"Battle Trance","floor":35.0},{"not_picked":["Wild Strike","Searing Blow+1","Thunderclap+1"],"picked":"SKIP","floor":36.0},{"not_picked":["Twin Strike","Thunderclap"],"picked":"Shrug It Off","floor":38.0},{"not_picked":["Wild Strike","Double Tap","Metallicize"],"picked":"SKIP","floor":39.0},{"not_picked":["Sword Boomerang","Warcry"],"picked":"Heavy Blade","floor":41.0},{"not_picked":["Seeing Red","Searing Blow"],"picked":"True Grit+1","floor":44},{"not_picked":["Iron Wave","Havoc+1","Twin Strike"],"picked":"SKIP","floor":45}],"player_experience":922539,"relics_obtained":[{"floor":4.0,"key":"Dream Catcher"},{"floor":8.0,"key":"Bottled Lightning"},{"floor":9.0,"key":"Blue Candle"},{"floor":10.0,"key":"Thread and Needle"},{"floor":14.0,"key":"Regal Pillow"},{"floor":24.0,"key":"Mango"},{"floor":26.0,"key":"Boot"},{"floor":31.0,"key":"Pen Nib"},{"floor":43.0,"key":"Art of War"}],"event_choices":[{"damage_healed":0.0,"max_hp_gain":5.0,"max_hp_loss":0.0,"gold_gain":0.0,"event_name":"Big Fish","player_choice":"Donut","floor":5.0,"gold_loss":0.0,"damage_taken":0.0},{"damage_healed":0.0,"max_hp_gain":0.0,"max_hp_loss":8.0,"gold_gain":0.0,"event_name":"Golden Idol","player_choice":"Lose Max HP","floor":13.0,"gold_loss":0.0,"damage_taken":0.0,"relics_obtained":["Golden Idol"]},{"cards_removed":["Perfected Strike"],"damage_healed":0.0,"max_hp_gain":0.0,"max_hp_loss":0.0,"gold_gain":0.0,"event_name":"Beggar","player_choice":"Gave Gold","floor":20.0,"gold_loss":75.0,"damage_taken":0.0},{"cards_removed":["Sever Soul"],"damage_healed":0.0,"max_hp_gain":0.0,"max_hp_loss":0.0,"gold_gain":0.0,"event_name":"Back to Basics","player_choice":"Elegance","floor":21.0,"gold_loss":0.0,"damage_taken":0.0},{"cards_removed":["Juggernaut"],"damage_healed":51.0,"max_hp_gain":10.0,"max_hp_loss":0.0,"gold_gain":0.0,"event_name":"Bonfire Elementals","player_choice":"Offered Rare","floor":28.0,"gold_loss":0.0,"damage_taken":0.0},{"damage_healed":0.0,"max_hp_gain":0.0,"max_hp_loss":0.0,"gold_gain":0.0,"event_name":"Upgrade Shrine","player_choice":"Upgraded","floor":42.0,"gold_loss":0.0,"damage_taken":0.0,"cards_upgraded":["Heavy Blade"]}],"is_beta":true,"boss_relics":[{"not_picked":["Orrery","Lizard Tail"],"picked":"Pandora\u0027s Box"},{"not_picked":["Black Star","Mark of Pain"],"picked":"Velvet Choker"}],"items_purged_floors":[2,19],"is_endless":false,"potions_floor_spawned":[3,8,10,18,24,31,35,36,41,44],"ascension_level":20}