{"gold_per_floor":[109,109,132,145,159,159,190,190,190,206,240],"floor_reached":11,"playtime":149,"items_purged":[],"score":135,"play_id":"a53eae37-9ba1-4717-a9e1-29f860e32ef0","local_time":"20190202153335","is_ascension_mode":false,"campfire_choices":[{"data":"Bullet Time","floor":6,"key":"SMITH"},{"data":"Footwork","floor":8,"key":"SMITH"}],"neow_cost":"","seed_source_timestamp":0,"circlet_count":0,"master_deck":["Backflip","Footwork+1","Bullet Time+1","Grand Finale","Acrobatics"],"relics":["Ring of the Snake","Lantern","OrangePellets","Unceasing Top","Golden Idol","Potion Belt","Bronze Scales","Meat on the Bone"],"potions_floor_usage":[],"damage_taken":[{"damage":0,"enemies":"Jaw Worm","floor":1,"turns":1},{"damage":0,"enemies":"2 Louse","floor":3,"turns":1},{"damage":0,"enemies":"Small Slimes","floor":4,"turns":1},{"damage":0,"enemies":"Gremlin Gang","floor":5,"turns":1},{"damage":0,"enemies":"3 Sentries","floor":7,"turns":1},{"damage":0,"enemies":"Looter","floor":10,"turns":1},{"damage":0,"enemies":"Gremlin Nob","floor":11,"turns":1}],"seed_played":"-4273144402831847254","potions_obtained":[{"floor":3,"key":"EssenceOfSteel"},{"floor":5,"key":"Strength Potion"},{"floor":7,"key":"SkillPotion"},{"floor":11,"key":"AttackPotion"}],"is_trial":true,"path_per_floor":["M","?","M","M","M","R","E","R","T","M","E"],"character_chosen":"THE_SILENT","items_purchased":[],"campfire_rested":0,"item_purchase_floors":[],"current_hp_per_floor":[70,53,53,53,53,53,53,53,53,53,53],"gold":240,"neow_bonus":"","is_prod":false,"is_daily":false,"chose_seed":false,"campfire_upgraded":2,"win_rate":0,"timestamp":1549089215,"path_taken":["M","?","M","M","M","R","E","R","T","M","E"],"build_version":"2019-01-23","purchased_purges":0,"victory":false,"max_hp_per_floor":[70,70,70,70,70,70,70,70,70,70,70],"card_choices":[{"not_picked":["Backflip","Slice","Quick Slash"],"picked":"SKIP","floor":1},{"not_picked":["Cloak And Dagger","Predator","Flying Knee"],"picked":"SKIP","floor":3},{"not_picked":["Blur","Caltrops","Underhanded Strike"],"picked":"SKIP","floor":4},{"not_picked":["Endless Agony","Underhanded Strike","Wraith Form v2"],"picked":"SKIP","floor":5},{"not_picked":["Sucker Punch","Storm of Steel"],"picked":"Acrobatics","floor":7},{"not_picked":["Dagger Throw","Blade Dance","Underhanded Strike"],"picked":"SKIP","floor":10}],"player_experience":4193706,"relics_obtained":[{"floor":7,"key":"Potion Belt"},{"floor":9,"key":"Bronze Scales"},{"floor":11,"key":"Meat on the Bone"}],"event_choices":[{"damage_healed":0,"gold_gain":0,"player_choice":"Take Damage","damage_taken":17,"relics_obtained":["Golden Idol"],"max_hp_gain":0,"max_hp_loss":0,"event_name":"Golden Idol","floor":2,"gold_loss":0}],"is_beta":false,"boss_relics":[],"items_purged_floors":[],"is_endless":false,"potions_floor_spawned":[3,5,7,11],"killed_by":"Gremlin Nob","ascension_level":0}