{"gold_per_floor":[117,117,128,148,163,163,163,163,187,207,226,255,255,115,115,211,211,246,246,256,272,48,48,73,73,73,73,92,103,115,115,115,216,216,229,240,250,53,73,73,84,84,108,108,121,121,33,0,0,0],"floor_reached":50,"playtime":5103,"items_purged":["Strike_R","Strike_R"],"score":516,"play_id":"b4f23258-f74a-4198-aaae-815d26eeb5e2","local_time":"20190320151933","is_ascension_mode":false,"campfire_choices":[{"data":"Metallicize","floor":6,"key":"SMITH"},{"data":"Iron Wave","floor":8,"key":"SMITH"},{"data":"Anger","floor":13,"key":"SMITH"},{"data":"Jack Of All Trades","floor":15,"key":"SMITH"},{"data":"Juggernaut","floor":23,"key":"SMITH"},{"data":"Clothesline","floor":27,"key":"SMITH"},{"floor":32,"key":"REST"},{"floor":40,"key":"REST"},{"data":"Flash of Steel","floor":42,"key":"SMITH"},{"data":"Iron Wave","floor":44,"key":"SMITH"},{"floor":49,"key":"REST"}],"neow_cost":"NONE","seed_source_timestamp":447277959124760,"circlet_count":0,"master_deck":["Defend_R+1","Defend_R","Defend_R+1","Defend_R","Bash+1","Metallicize+1","Sword Boomerang+1","Rage","Iron Wave+1","Flex","Anger","Anger+1","Jack Of All Trades+1","Shrug It Off","Reaper","Headbutt","Thunderclap","Sentinel+1","Juggernaut+1","Clothesline+1","Shrug It Off","Shrug It Off+1","Shrug It Off+1","Impervious","Iron Wave+1","Body Slam+1","Shrug It Off","Flash of Steel+1","Disarm","Shrug It Off+1","Fire Breathing+1","Enlightenment","Jack Of All Trades"],"relics":["Burning Blood","War Paint","Whetstone","Empty Cage","Nunchaku","Bottled Tornado","MutagenicStrength","Lizard Tail","Oddly Smooth Stone","Red Mask"],"potions_floor_usage":[18,24,28,30,33,50,50],"damage_taken":[{"damage":8,"enemies":"2 Louse","floor":1,"turns":2},{"damage":4,"enemies":"Small Slimes","floor":3,"turns":5},{"damage":7,"enemies":"Jaw Worm","floor":4,"turns":4},{"damage":28,"enemies":"Exordium Thugs","floor":5,"turns":8},{"damage":1,"enemies":"Exordium Wildlife","floor":10,"turns":5},{"damage":2,"enemies":"Blue Slaver","floor":11,"turns":3},{"damage":15,"enemies":"Lagavulin","floor":12,"turns":6},{"damage":35,"enemies":"The Guardian","floor":16,"turns":9},{"damage":4,"enemies":"2 Thieves","floor":18,"turns":5},{"damage":8,"enemies":"Shell Parasite","floor":20,"turns":8},{"damage":27,"enemies":"Centurion and Healer","floor":21,"turns":8},{"damage":27,"enemies":"Slavers","floor":24,"turns":5},{"damage":10,"enemies":"Shelled Parasite and Fungi","floor":28,"turns":5},{"damage":9,"enemies":"Snake Plant","floor":29,"turns":6},{"damage":21,"enemies":"Centurion and Healer","floor":30,"turns":6},{"damage":48,"enemies":"Champ","floor":33,"turns":13},{"damage":14,"enemies":"3 Shapes","floor":35,"turns":4},{"damage":22,"enemies":"3 Darklings","floor":36,"turns":9},{"damage":34,"enemies":"Jaw Worm Horde","floor":37,"turns":5},{"damage":15,"enemies":"Spire Growth","floor":39,"turns":6},{"damage":4,"enemies":"3 Darklings","floor":41,"turns":7},{"damage":20,"enemies":"Maw","floor":45,"turns":10},{"damage":170,"enemies":"Donu and Deca","floor":50,"turns":12}],"seed_played":"5219062439334181152","potions_obtained":[{"floor":1,"key":"Explosive Potion"},{"floor":4,"key":"Block Potion"},{"floor":5,"key":"Swift Potion"},{"floor":16,"key":"EssenceOfSteel"},{"floor":20,"key":"LiquidBronze"},{"floor":24,"key":"Regen Potion"},{"floor":36,"key":"Ancient Potion"},{"floor":37,"key":"BloodPotion"}],"is_trial":false,"path_per_floor":["M","?","M","M","M","R","?","R","T","M","M","E","R","$","R","B",null,"M","?","M","M","$","R","E","?","T","R","M","M","M","?","R","B",null,"M","M","M","$","M","R","M","R","T","R","M","?","$","?","R","B"],"character_chosen":"IRONCLAD","items_purchased":["Jack Of All Trades","Shrug It Off","Juggernaut","Flash of Steel","Jack Of All Trades"],"campfire_rested":3,"item_purchase_floors":[14,14,22,38,47],"current_hp_per_floor":[86,91,93,92,70,70,63,63,63,68,72,63,63,63,63,34,93,93,75,77,66,66,66,45,45,45,45,55,55,48,48,77,38,98,90,74,46,46,37,66,68,68,68,68,57,57,57,57,86,0],"gold":0,"neow_bonus":"TEN_PERCENT_HP_BONUS","is_prod":false,"is_daily":false,"chose_seed":false,"campfire_upgraded":8,"win_rate":0.0,"timestamp":1553113173,"path_taken":["M","?","M","M","M","R","?","R","T","M","M","E","R","$","R","BOSS","M","?","M","M","$","R","E","?","T","R","M","M","M","?","R","BOSS","M","M","M","$","M","R","M","R","T","R","M","?","$","?","R","BOSS"],"build_version":"2019-01-23","purchased_purges":2,"victory":false,"max_hp_per_floor":[88,93,93,93,93,93,93,93,93,93,93,93,93,93,93,93,93,93,98,98,98,98,98,98,98,98,98,98,98,98,98,98,98,98,98,98,98,98,98,98,98,98,98,98,98,98,98,98,98,98],"card_choices":[{"not_picked":["Thunderclap","Inflame"],"picked":"Metallicize","floor":1},{"not_picked":["Inflame","Heavy Blade"],"picked":"Sword Boomerang","floor":3},{"not_picked":["Clash","Flex"],"picked":"Rage","floor":4},{"not_picked":["Clash","Thunderclap"],"picked":"Iron Wave","floor":5},{"not_picked":["Exhume","Perfected Strike"],"picked":"Flex","floor":10},{"not_picked":["Shrug It Off","True Grit"],"picked":"Anger","floor":11},{"not_picked":["Pommel Strike","Rage"],"picked":"Anger","floor":12},{"not_picked":["Bludgeon","Immolate"],"picked":"Reaper","floor":16},{"not_picked":["Dropkick","Wild Strike"],"picked":"Headbutt","floor":18},{"not_picked":["Pommel Strike","Sword Boomerang"],"picked":"Thunderclap","floor":20},{"not_picked":["Heavy Blade+1","Havoc"],"picked":"Sentinel+1","floor":21},{"not_picked":["Dropkick","Cleave"],"picked":"Clothesline","floor":24},{"not_picked":["Wild Strike","Thunderclap"],"picked":"Shrug It Off","floor":28},{"not_picked":["Blood for Blood","Clothesline"],"picked":"Shrug It Off+1","floor":29},{"not_picked":["Rampage","Dual Wield+1"],"picked":"Shrug It Off+1","floor":30},{"not_picked":["Offering","Feed"],"picked":"Impervious","floor":33},{"not_picked":["Warcry+1","Wild Strike+1"],"picked":"Iron Wave","floor":35},{"not_picked":["Blood for Blood","Rupture+1"],"picked":"Body Slam+1","floor":36},{"not_picked":["Havoc+1","Heavy Blade+1"],"picked":"Shrug It Off","floor":37},{"not_picked":["Perfected Strike","Combust+1"],"picked":"Disarm","floor":39},{"not_picked":["Dual Wield","Wild Strike"],"picked":"Shrug It Off+1","floor":41},{"not_picked":["Hemokinesis+1","Spot Weakness+1"],"picked":"Fire Breathing+1","floor":45},{"not_picked":["Master of Strategy","Flash of Steel"],"picked":"Enlightenment","floor":46}],"player_experience":20282,"relics_obtained":[{"floor":9,"key":"War Paint"},{"floor":12,"key":"Whetstone"},{"floor":24,"key":"Nunchaku"},{"floor":26,"key":"Bottled Tornado"},{"floor":43,"key":"Oddly Smooth Stone"}],"event_choices":[{"damage_healed":0,"gold_gain":0,"player_choice":"Donut","damage_taken":0,"max_hp_gain":5,"max_hp_loss":0,"event_name":"Big Fish","floor":2,"gold_loss":0},{"cards_removed":["Strike_R"],"damage_healed":0,"gold_gain":0,"player_choice":"Card Removal","damage_taken":7,"max_hp_gain":0,"max_hp_loss":0,"event_name":"Golden Wing","floor":7,"gold_loss":0},{"damage_healed":0,"gold_gain":0,"player_choice":"Shed Blood","damage_taken":23,"max_hp_gain":5,"max_hp_loss":0,"event_name":"Forgotten Altar","floor":19,"gold_loss":0},{"damage_healed":0,"gold_gain":0,"player_choice":"Inject Mutagens","damage_taken":0,"relics_obtained":["MutagenicStrength"],"max_hp_gain":0,"max_hp_loss":0,"event_name":"Drug Dealer","floor":31,"gold_loss":0},{"damage_healed":0,"gold_gain":0,"player_choice":"Memory 1","damage_taken":0,"max_hp_gain":0,"max_hp_loss":0,"event_name":"SensoryStone","floor":46,"gold_loss":0},{"damage_healed":0,"gold_gain":0,"player_choice":"Paid","damage_taken":0,"relics_obtained":["Red Mask"],"max_hp_gain":0,"max_hp_loss":0,"event_name":"Tomb of Lord Red Mask","floor":48,"gold_loss":33}],"is_beta":false,"boss_relics":[{"not_picked":["Snecko Eye","Runic Pyramid"],"picked":"Empty Cage"},{"not_picked":["White Beast Statue","Runic Cube"],"picked":"Lizard Tail"}],"items_purged_floors":[22,38],"is_endless":false,"potions_floor_spawned":[1,4,5,16,20,21,24,36,37],"killed_by":"Donu and Deca","ascension_level":0}