{"gold_per_floor":[114,37,90,104,254,254,279,279,329,344,375,391,391,391,391,464,464,482,492,153,164,213,213,247,262,287,299,40,71,89,101,101,101],"floor_reached":33,"playtime":1227,"items_purged":["Strike_R"],"score":640,"play_id":"dd5a735a-3728-471c-998b-7669627740d0","local_time":"20190321161941","is_ascension_mode":true,"campfire_choices":[{"data":"Armaments","floor":6,"key":"SMITH"},{"data":"Disarm","floor":8,"key":"SMITH"},{"data":"True Grit","floor":13,"key":"SMITH"},{"data":"Warcry","floor":15,"key":"SMITH"},{"floor":23,"key":"REST"},{"floor":27,"key":"REST"},{"floor":32,"key":"REST"}],"neow_cost":"NONE","seed_source_timestamp":486935917467900,"circlet_count":0,"master_deck":["AscendersBane","Strike_R","Strike_R","Strike_R","Strike_R","Defend_R","Defend_R","Defend_R","Defend_R","Bash","Armaments+1","Infernal Blade","Disarm+1","Thunderclap","True Grit+1","Wild Strike","Warcry+1","Immolate","Anger","Power Through","Armaments","Double Tap","Heavy Blade"],"relics":["Burning Blood","NeowsBlessing","Tiny Chest","PreservedInsect","Bronze Scales","Shuriken","Sozu","Kunai","Art of War","Red Skull","MawBank","Pantograph","Boot"],"potions_floor_usage":[10],"damage_taken":[{"damage":0,"enemies":"Cultist","floor":1,"turns":1},{"damage":0,"enemies":"2 Louse","floor":4,"turns":1},{"damage":0,"enemies":"Lagavulin","floor":7,"turns":1},{"damage":7,"enemies":"Small Slimes","floor":10,"turns":3},{"damage":32,"enemies":"Gremlin Nob","floor":11,"turns":4},{"damage":9,"enemies":"Red Slaver","floor":12,"turns":3},{"damage":32,"enemies":"The Guardian","floor":16,"turns":13},{"damage":15,"enemies":"Shell Parasite","floor":18,"turns":4},{"damage":12,"enemies":"3 Byrds","floor":19,"turns":3},{"damage":26,"enemies":"3 Cultists","floor":21,"turns":5},{"damage":10,"enemies":"Book of Stabbing","floor":24,"turns":5},{"damage":15,"enemies":"Centurion and Healer","floor":25,"turns":7},{"damage":34,"enemies":"Slavers","floor":29,"turns":3},{"damage":21,"enemies":"Snake Plant","floor":30,"turns":3},{"damage":19,"enemies":"Shelled Parasite and Fungi","floor":31,"turns":3},{"damage":72,"enemies":"Champ","floor":33,"turns":6}],"seed_played":"-4456779583140315894","potions_obtained":[{"floor":4,"key":"SkillPotion"},{"floor":10,"key":"Fruit Juice"},{"floor":11,"key":"Block Potion"}],"is_trial":false,"path_per_floor":["M","$","T","M","?","R","E","R","T","M","E","M","R","?","R","B",null,"M","M","$","M","T","R","E","M","T","R","$","E","M","M","R","B"],"character_chosen":"IRONCLAD","items_purchased":["Infernal Blade","Kunai","Pantograph"],"campfire_rested":3,"item_purchase_floors":[2,20,28],"current_hp_per_floor":[74,74,74,75,75,75,75,75,75,79,53,50,50,50,50,24,66,57,51,51,31,31,55,51,42,42,66,66,38,23,10,34,0],"gold":101,"neow_bonus":"THREE_ENEMY_KILL","is_prod":false,"is_daily":false,"chose_seed":false,"campfire_upgraded":4,"win_rate":0,"timestamp":1553199581,"path_taken":["M","$","?","M","?","R","E","R","T","M","E","M","R","?","R","BOSS","M","M","$","M","?","R","E","M","T","R","?","E","?","M","R","BOSS"],"build_version":"2019-03-15","purchased_purges":1,"victory":false,"max_hp_per_floor":[75,75,75,75,75,75,75,75,75,80,80,80,80,80,80,80,80,80,80,80,80,80,80,80,80,80,80,80,80,80,80,80,80],"card_choices":[{"not_picked":["Fire Breathing","Shrug It Off"],"picked":"Armaments","floor":1},{"not_picked":["Entrench","Twin Strike"],"picked":"Disarm","floor":4},{"not_picked":["Sword Boomerang","Clash"],"picked":"Thunderclap","floor":7},{"not_picked":["Rampage","Rage"],"picked":"True Grit","floor":10},{"not_picked":["Armaments","True Grit"],"picked":"Wild Strike","floor":11},{"not_picked":["Armaments","Infernal Blade"],"picked":"Warcry","floor":12},{"not_picked":["Juggernaut","Limit Break"],"picked":"Immolate","floor":16},{"not_picked":["Intimidate","Twin Strike"],"picked":"Anger","floor":18},{"not_picked":["Wild Strike","Pommel Strike+1"],"picked":"Power Through","floor":19},{"not_picked":["Uppercut","Thunderclap"],"picked":"Armaments","floor":21},{"not_picked":["Pummel","Spot Weakness+1"],"picked":"Double Tap","floor":24},{"not_picked":["Rage","Thunderclap"],"picked":"Heavy Blade","floor":25},{"not_picked":["Dual Wield","Iron Wave","Body Slam"],"picked":"SKIP","floor":29},{"not_picked":["Anger","Corruption","Iron Wave"],"picked":"SKIP","floor":30},{"not_picked":["Rampage","True Grit","Metallicize"],"picked":"SKIP","floor":31}],"player_experience":671746,"relics_obtained":[{"floor":3,"key":"Tiny Chest"},{"floor":7,"key":"PreservedInsect"},{"floor":9,"key":"Bronze Scales"},{"floor":11,"key":"Shuriken"},{"floor":22,"key":"Art of War"},{"floor":24,"key":"Red Skull"},{"floor":26,"key":"MawBank"},{"floor":29,"key":"Boot"}],"event_choices":[{"damage_healed":0,"gold_gain":150,"player_choice":"AGREE","damage_taken":0,"max_hp_gain":0,"max_hp_loss":0,"event_name":"Liars Game","floor":5,"gold_loss":0,"cards_obtained":["Doubt"]},{"cards_removed":["Doubt"],"damage_healed":0,"gold_gain":0,"player_choice":"Purged","damage_taken":0,"max_hp_gain":0,"max_hp_loss":0,"event_name":"Purifier","floor":14,"gold_loss":0}],"is_beta":true,"boss_relics":[{"not_picked":["Pandora\u0027s Box","Ectoplasm"],"picked":"Sozu"}],"items_purged_floors":[20],"is_endless":false,"potions_floor_spawned":[4,10,11,18,24,29,30],"killed_by":"Champ","ascension_level":20}