{"gold_per_floor":[112,132,132,144,144,173,173,6,55,55,55,89,108,25,25,101,101,121,131,13,28,48,48,48],"floor_reached":24,"playtime":1025,"items_purged":[],"score":412,"play_id":"95aab93b-3f86-41b6-a51e-a429bff0dc02","local_time":"20190320004131","is_ascension_mode":true,"campfire_choices":[{"data":"Thunderclap","floor":7,"key":"SMITH"},{"data":"Bash","floor":11,"key":"SMITH"},{"data":"Clothesline","floor":15,"key":"SMITH"},{"data":"Heavy Blade","floor":23,"key":"SMITH"}],"neow_cost":"NONE","seed_source_timestamp":285998366683733,"circlet_count":0,"master_deck":["AscendersBane","Strike_R","Strike_R","Strike_R","Strike_R","Defend_R","Defend_R","Defend_R","Bash+1","Shrug It Off","Thunderclap+1","Impervious","Second Wind","Clothesline+1","Dropkick","Offering","Hemokinesis","Sword Boomerang","Power Through","Heavy Blade+1","Uppercut","Shrug It Off+1"],"relics":["Burning Blood","NeowsBlessing","Happy Flower","Red Skull","Anchor","Sundial","Cursed Key"],"potions_floor_usage":[6,6,12,16,21,22,24,24],"damage_taken":[{"damage":0,"enemies":"Jaw Worm","floor":1,"turns":1},{"damage":0,"enemies":"Cultist","floor":2,"turns":1},{"damage":0,"enemies":"2 Louse","floor":4,"turns":1},{"damage":35,"enemies":"3 Sentries","floor":6,"turns":11},{"damage":6,"enemies":"Gremlin Nob","floor":12,"turns":4},{"damage":8,"enemies":"Blue Slaver","floor":13,"turns":3},{"damage":16,"enemies":"Hexaghost","floor":16,"turns":8},{"damage":9,"enemies":"Shell Parasite","floor":18,"turns":5},{"damage":34,"enemies":"Spheric Guardian","floor":19,"turns":5},{"damage":9,"enemies":"Snake Plant","floor":21,"turns":3},{"damage":10,"enemies":"Sentry and Sphere","floor":22,"turns":5},{"damage":47,"enemies":"Gremlin Leader","floor":24,"turns":5}],"seed_played":"-7354204192392929842","potions_obtained":[{"floor":2,"key":"EntropicBrew"},{"floor":4,"key":"EssenceOfSteel"},{"floor":12,"key":"Regen Potion"},{"floor":16,"key":"SteroidPotion"},{"floor":21,"key":"AttackPotion"},{"floor":22,"key":"BloodPotion"}],"is_trial":false,"path_per_floor":["M","M","?","M","?","E","R","$","T","$","R","E","M","$","R","B",null,"M","M","$","M","M","R","E"],"character_chosen":"IRONCLAD","items_purchased":["Red Skull","Dropkick","Power Through","Heavy Blade"],"campfire_rested":0,"item_purchase_floors":[8,14,20,20],"current_hp_per_floor":[74,75,75,75,68,39,39,39,39,39,39,39,37,37,37,27,63,60,32,32,38,34,34,0],"gold":48,"neow_bonus":"THREE_ENEMY_KILL","is_prod":false,"is_daily":false,"chose_seed":false,"campfire_upgraded":4,"win_rate":0,"timestamp":1553056891,"path_taken":["M","M","?","?","?","E","R","?","T","$","R","E","M","$","R","BOSS","M","M","$","M","?","R","E"],"build_version":"2019-03-15","purchased_purges":0,"victory":false,"max_hp_per_floor":[75,75,75,75,75,75,75,75,75,75,75,75,75,75,75,75,75,75,75,75,75,75,75,75],"card_choices":[{"not_picked":["Clash","Headbutt"],"picked":"Shrug It Off","floor":1},{"not_picked":["Reckless Charge","Sword Boomerang"],"picked":"Thunderclap","floor":2},{"not_picked":["Thunderclap","Havoc"],"picked":"Impervious","floor":4},{"not_picked":["Evolve","Havoc","Ghostly Armor"],"picked":"SKIP","floor":6},{"not_picked":["Second Wind","Burning Pact","Havoc"],"picked":"SKIP","floor":12},{"not_picked":["Burning Pact","Havoc"],"picked":"Second Wind","floor":12},{"not_picked":["Headbutt","Shrug It Off"],"picked":"Clothesline","floor":13},{"not_picked":["Barricade","Demon Form"],"picked":"Offering","floor":16},{"not_picked":["Clash","Hemokinesis","Clothesline"],"picked":"SKIP","floor":18},{"not_picked":["Clash","Clothesline"],"picked":"Hemokinesis","floor":18},{"not_picked":["Wild Strike","Clothesline"],"picked":"Sword Boomerang","floor":19},{"not_picked":["Sentinel","Clothesline"],"picked":"Uppercut","floor":21},{"not_picked":["Heavy Blade","Clash"],"picked":"Shrug It Off+1","floor":22}],"player_experience":917736,"relics_obtained":[{"floor":6,"key":"Happy Flower"},{"floor":9,"key":"Anchor"},{"floor":12,"key":"Sundial"}],"event_choices":[{"cards_removed":["Strike_R"],"damage_healed":0,"gold_gain":0,"player_choice":"Offered Basic","damage_taken":0,"max_hp_gain":0,"max_hp_loss":0,"event_name":"Bonfire Elementals","floor":3,"gold_loss":0},{"cards_removed":["Defend_R"],"damage_healed":0,"gold_gain":0,"player_choice":"Card Removal","damage_taken":7,"max_hp_gain":0,"max_hp_loss":0,"event_name":"Golden Wing","floor":5,"gold_loss":0}],"is_beta":true,"boss_relics":[{"not_picked":["Fusion Hammer","White Beast Statue"],"picked":"Cursed Key"}],"items_purged_floors":[],"is_endless":false,"potions_floor_spawned":[2,4,12,16,21,22],"killed_by":"Gremlin Leader","ascension_level":20}