{"gold_per_floor":[99,99,99,99,99,99,99,99,99,99,99,84,84,84,84,84,84,84,84,84,84,84,84,84,84,84,44,44,44,44,44,44,44,44,44],"floor_reached":35,"playtime":2706,"items_purged":[],"score":435,"play_id":"3c87bb21-cc53-456e-bc4e-8f1abe0d2be1","local_time":"20190320020455","is_ascension_mode":false,"campfire_choices":[{"floor":8,"key":"REST"},{"floor":11,"key":"REST"},{"data":"Anger","floor":15,"key":"SMITH"},{"data":"Whirlwind","floor":23,"key":"SMITH"},{"floor":32,"key":"REST"}],"neow_cost":"NONE","seed_source_timestamp":430819561402800,"circlet_count":0,"master_deck":["Strike_R","Strike_R","Strike_R","Strike_R","Strike_R","Defend_R","Defend_R","Defend_R","Defend_R","Bash+1","Spot Weakness","Inflame+1","Clothesline","Anger+1","Whirlwind+1","Shrug It Off","Heavy Blade","Sword Boomerang","Intimidate","Reaper","Flame Barrier","Metallicize","Heavy Blade","Intimidate","Whirlwind+1","Ghostly","Ghostly","Ghostly","Ghostly","Ghostly","Infernal Blade","Dropkick+1","Rampage+1","Barricade","Shame","Clumsy","Clumsy"],"relics":["Ectoplasm","Golden Idol","Bag of Marbles","Oddly Smooth Stone","Sozu","Blood Vial","Ancient Tea Set","Strawberry","Calling Bell","Juzu Bracelet","Frozen Egg 2","Thread and Needle"],"potions_floor_usage":[3,33],"damage_taken":[{"damage":2,"enemies":"2 Louse","floor":1,"turns":3},{"damage":1,"enemies":"Jaw Worm","floor":3,"turns":3},{"damage":0,"enemies":"Cultist","floor":4,"turns":2},{"damage":21,"enemies":"Lagavulin","floor":6,"turns":5},{"damage":18,"enemies":"Lots of Slimes","floor":7,"turns":4},{"damage":0,"enemies":"Blue Slaver","floor":10,"turns":3},{"damage":1,"enemies":"Looter","floor":12,"turns":2},{"damage":0,"enemies":"Exordium Thugs","floor":13,"turns":3},{"damage":1,"enemies":"Exordium Wildlife","floor":14,"turns":3},{"damage":19,"enemies":"Slime Boss","floor":16,"turns":8},{"damage":0,"enemies":"Spheric Guardian","floor":18,"turns":3},{"damage":1,"enemies":"Shell Parasite","floor":19,"turns":4},{"damage":6,"enemies":"Cultist and Chosen","floor":21,"turns":6},{"damage":2,"enemies":"Snecko","floor":22,"turns":4},{"damage":49,"enemies":"Slavers","floor":24,"turns":5},{"damage":13,"enemies":"Shelled Parasite and Fungi","floor":28,"turns":5},{"damage":2,"enemies":"Centurion and Healer","floor":29,"turns":3},{"damage":4,"enemies":"Sentry and Sphere","floor":31,"turns":3},{"damage":21,"enemies":"Collector","floor":33,"turns":10}],"seed_played":"1562748132130225458","potions_obtained":[{"floor":1,"key":"Regen Potion"},{"floor":3,"key":"Explosive Potion"},{"floor":7,"key":"Energy Potion"},{"floor":10,"key":"BloodPotion"}],"is_trial":false,"path_per_floor":["M","?","M","M","?","E","M","R","T","M","R","M","M","M","R","B",null,"M","M","?","M","M","R","E","?","T","?","M","M","T","M","R","B",null,"M"],"character_chosen":"IRONCLAD","items_purchased":[],"campfire_rested":3,"item_purchase_floors":[],"current_hp_per_floor":[78,58,66,66,50,29,11,35,35,35,59,58,58,57,57,38,80,80,79,80,74,72,72,29,29,29,29,18,26,33,31,45,36,47,0],"gold":44,"neow_bonus":"BOSS_RELIC","is_prod":false,"is_daily":false,"chose_seed":false,"campfire_upgraded":2,"win_rate":0.0,"timestamp":1553065495,"path_taken":["M","?","M","M","?","E","M","R","T","?","R","M","M","M","R","BOSS","M","M","?","?","M","R","E","?","T","?","M","?","?","M","R","BOSS","M"],"build_version":"2019-01-23","purchased_purges":0,"victory":false,"max_hp_per_floor":[80,80,80,80,80,80,80,80,80,80,80,80,80,80,80,80,80,80,80,80,80,80,80,80,40,40,40,40,40,47,47,47,47,47,47],"card_choices":[{"not_picked":["Intimidate","Corruption"],"picked":"Spot Weakness","floor":1},{"not_picked":["Feel No Pain","Twin Strike"],"picked":"Inflame","floor":3},{"not_picked":["Warcry","Reckless Charge"],"picked":"Clothesline","floor":4},{"not_picked":["Warcry","Fiend Fire"],"picked":"Anger","floor":6},{"not_picked":["Inflame","Pummel"],"picked":"Whirlwind","floor":7},{"not_picked":["Whirlwind","Body Slam"],"picked":"Shrug It Off","floor":10},{"not_picked":["Feed","Perfected Strike"],"picked":"Heavy Blade","floor":12},{"not_picked":["Shockwave","Carnage"],"picked":"Sword Boomerang","floor":13},{"not_picked":["Second Wind","Perfected Strike"],"picked":"Intimidate","floor":14},{"not_picked":["Barricade","Offering"],"picked":"Reaper","floor":16},{"not_picked":["Headbutt","Sever Soul"],"picked":"Flame Barrier","floor":18},{"not_picked":["Combust","Cleave"],"picked":"Metallicize","floor":19},{"not_picked":["Warcry+1","Bloodletting+1"],"picked":"Heavy Blade","floor":21},{"not_picked":["Fiend Fire","Corruption"],"picked":"Intimidate","floor":22},{"not_picked":["Blood for Blood","Body Slam"],"picked":"Whirlwind","floor":24},{"not_picked":["Feel No Pain","Heavy Blade"],"picked":"Infernal Blade","floor":28},{"not_picked":["Bloodletting+1","Warcry"],"picked":"Dropkick+1","floor":29},{"not_picked":["Pommel Strike","Pummel"],"picked":"Rampage+1","floor":31},{"not_picked":["Feed","Bludgeon"],"picked":"Barricade","floor":33}],"player_experience":9422,"relics_obtained":[{"floor":6,"key":"Bag of Marbles"},{"floor":9,"key":"Oddly Smooth Stone"},{"floor":24,"key":"Blood Vial"},{"floor":26,"key":"Ancient Tea Set"},{"floor":30,"key":"Strawberry"},{"floor":34,"key":"Juzu Bracelet"},{"floor":34,"key":"Frozen Egg 2"},{"floor":34,"key":"Thread and Needle"}],"event_choices":[{"damage_healed":0,"gold_gain":0,"player_choice":"Take Damage","damage_taken":20,"relics_obtained":["Golden Idol"],"max_hp_gain":0,"max_hp_loss":0,"event_name":"Golden Idol","floor":2,"gold_loss":0},{"damage_healed":0,"gold_gain":0,"player_choice":"Entered Light","damage_taken":16,"max_hp_gain":0,"max_hp_loss":0,"event_name":"Shining Light","floor":5,"gold_loss":0,"cards_upgraded":["Inflame","Bash"]},{"damage_healed":1,"gold_gain":0,"player_choice":"Full Heal","damage_taken":0,"max_hp_gain":0,"max_hp_loss":0,"event_name":"Wheel of Change","floor":20,"gold_loss":0},{"damage_healed":0,"gold_gain":0,"player_choice":"Became a Ghost","damage_taken":0,"max_hp_gain":0,"max_hp_loss":40,"event_name":"Ghosts","floor":25,"gold_loss":0,"cards_obtained":["Ghostly","Ghostly","Ghostly","Ghostly","Ghostly"]},{"damage_healed":0,"gold_gain":0,"player_choice":"Upgrade","damage_taken":0,"max_hp_gain":0,"max_hp_loss":0,"event_name":"Designer","floor":27,"gold_loss":40,"cards_upgraded":["Whirlwind"]}],"is_beta":false,"boss_relics":[{"not_picked":["Runic Pyramid","Lizard Tail"],"picked":"Sozu"},{"not_picked":["Tiny House","Runic Cube"],"picked":"Calling Bell"}],"items_purged_floors":[],"is_endless":false,"potions_floor_spawned":[1,3,7,10,14,19,22,28,33],"killed_by":"3 Shapes","ascension_level":0}