{"gold_per_floor":[116,80,127,59,9,44,56,81,81,112,212,230,230,247,247,346,346,366,16,16,29,42,77,2,2,57,156,156,170,61,93,93,189,189,205,305,354,374,4,32,32,32],"floor_reached":43,"playtime":4060,"items_purged":["Writhe","Strike_G"],"score":867,"play_id":"3b928767-2d55-442f-afd6-cb51a532955a","local_time":"20190323213005","is_ascension_mode":true,"campfire_choices":[{"data":"Cloak And Dagger","floor":13,"key":"SMITH"},{"data":"Infinite Blades","floor":15,"key":"SMITH"},{"data":"Cloak And Dagger","floor":25,"key":"SMITH"},{"data":"Noxious Fumes","floor":32,"key":"SMITH"}],"neow_cost":"NONE","seed_source_timestamp":28849626851687,"circlet_count":0,"master_deck":["Defend_G","Defend_G","Defend_G","Defend_G","Defend_G","Survivor","Neutralize","Leg Sweep","Caltrops","Dash","Infinite Blades+1","Cloak And Dagger+1","Well Laid Plans","Dagger Spray","Malaise","Cloak And Dagger+1","Tactician","Wraith Form v2","Concentrate+1","Backflip","Quick Slash+1","Noxious Fumes+1","Dagger Throw+1","Glass Knife+1","Reflex+1","Backflip+1","Finisher+1","Accuracy+1","Infinite Blades"],"relics":["Ring of the Serpent","NeowsBlessing","Centennial Puzzle","Shuriken","Anchor","Paper Crane","Incense Burner","Philosopher\u0027s Stone","Oddly Smooth Stone","Medical Kit","Molten Egg 2","Art of War","Turnip","Pocketwatch","Mango","Du-Vu Doll","MealTicket","Mummified Hand"],"potions_floor_usage":[6,33,33,42,42,42],"damage_taken":[{"damage":0,"enemies":"Cultist","floor":1,"turns":1},{"damage":0,"enemies":"Lagavulin","floor":6,"turns":2},{"damage":0,"enemies":"Jaw Worm","floor":7,"turns":1},{"damage":11,"enemies":"3 Sentries","floor":8,"turns":8},{"damage":18,"enemies":"Gremlin Nob","floor":10,"turns":6},{"damage":0,"enemies":"2 Louse","floor":12,"turns":3},{"damage":0,"enemies":"Exordium Thugs","floor":14,"turns":5},{"damage":6,"enemies":"Hexaghost","floor":16,"turns":9},{"damage":8,"enemies":"2 Thieves","floor":18,"turns":3},{"damage":2,"enemies":"Shell Parasite","floor":21,"turns":6},{"damage":1,"enemies":"Snake Plant","floor":22,"turns":6},{"damage":21,"enemies":"Slavers","floor":23,"turns":6},{"damage":0,"enemies":"Centurion and Healer","floor":29,"turns":8},{"damage":3,"enemies":"Gremlin Leader","floor":31,"turns":7},{"damage":0,"enemies":"Collector","floor":33,"turns":8},{"damage":15,"enemies":"3 Shapes","floor":35,"turns":4},{"damage":6,"enemies":"Mind Bloom Boss Battle","floor":36,"turns":6},{"damage":9,"enemies":"2 Orb Walkers","floor":37,"turns":5},{"damage":0,"enemies":"3 Darklings","floor":38,"turns":4},{"damage":2,"enemies":"Reptomancer","floor":40,"turns":5},{"damage":8,"enemies":"Time Eater","floor":42,"turns":10}],"seed_played":"3414716504722347040","potions_obtained":[{"floor":1,"key":"GhostInAJar"},{"floor":6,"key":"Fruit Juice"},{"floor":8,"key":"Swift Potion"},{"floor":10,"key":"Weak Potion"},{"floor":18,"key":"EssenceOfSteel"},{"floor":33,"key":"Dexterity Potion"},{"floor":35,"key":"GhostInAJar"}],"is_trial":false,"path_per_floor":["M","$","T","$","?","E","M","E","T","E","?","M","R","M","R","B",null,"M","$","?","M","M","E","?","R","T","?","?","M","$","E","R","B",null,"M","?","?","M","$","E","?","B",null],"character_chosen":"THE_SILENT","items_purchased":["Caltrops","Dash","Oddly Smooth Stone","Medical Kit","Noxious Fumes","Infinite Blades","MealTicket"],"campfire_rested":0,"item_purchase_floors":[2,4,19,19,30,39,39],"current_hp_per_floor":[70,70,70,70,70,75,75,64,64,46,46,46,46,46,46,40,75,67,67,67,65,64,43,43,43,43,43,43,43,43,40,40,40,75,60,68,59,59,59,57,57,49],"gold":32,"neow_bonus":"THREE_ENEMY_KILL","is_prod":false,"is_daily":false,"chose_seed":false,"campfire_upgraded":4,"win_rate":0,"timestamp":1553344205,"path_taken":["M","$","?","$","?","E","M","E","T","E","?","M","R","M","R","BOSS","M","$","?","M","M","E","?","R","T","?","?","M","$","E","R","BOSS","M","?","?","M","?","E","?","BOSS"],"build_version":"2019-01-23","purchased_purges":2,"victory":true,"max_hp_per_floor":[70,70,70,70,70,75,75,75,75,75,75,75,75,75,75,75,75,75,75,75,75,75,75,75,75,75,75,75,75,75,75,75,75,75,75,89,89,89,89,89,89,89],"card_choices":[{"not_picked":["Reflex","Catalyst"],"picked":"Leg Sweep","floor":1},{"not_picked":["Caltrops","Distraction"],"picked":"Infinite Blades","floor":6},{"not_picked":["Skewer","Choke","Quick Slash"],"picked":"SKIP","floor":7},{"not_picked":["Heel Hook","Masterful Stab"],"picked":"Cloak And Dagger","floor":8},{"not_picked":["Predator","Poisoned Stab","Bane"],"picked":"SKIP","floor":10},{"not_picked":["Sucker Punch","Backflip"],"picked":"Well Laid Plans","floor":12},{"not_picked":["Riddle With Holes","PiercingWail"],"picked":"Dagger Spray","floor":14},{"not_picked":["Envenom","Night Terror"],"picked":"Malaise","floor":16},{"not_picked":["Dash+1","Skewer+1"],"picked":"Cloak And Dagger","floor":18},{"not_picked":["Choke","Slice"],"picked":"Concentrate+1","floor":21},{"not_picked":["Terror","Outmaneuver"],"picked":"Backflip","floor":22},{"not_picked":["Flying Knee","Blade Dance","Predator+1"],"picked":"SKIP","floor":23},{"not_picked":["Flying Knee+1","Flechettes+1"],"picked":"Quick Slash+1","floor":29},{"not_picked":["Quick Slash+1","Wraith Form v2"],"picked":"Dagger Throw+1","floor":31},{"not_picked":["Night Terror","Phantasmal Killer"],"picked":"Glass Knife+1","floor":33},{"not_picked":["PiercingWail+1","Accuracy"],"picked":"Reflex+1","floor":35},{"not_picked":["Tactician+1","Bouncing Flask+1"],"picked":"Backflip+1","floor":36},{"not_picked":["Prepared+1","Underhanded Strike+1"],"picked":"Finisher+1","floor":37},{"not_picked":["Choke+1","Slice+1"],"picked":"Accuracy+1","floor":38},{"not_picked":["Tactician","Expertise","Sucker Punch+1"],"picked":"SKIP","floor":40}],"player_experience":533247,"relics_obtained":[{"floor":3,"key":"Centennial Puzzle"},{"floor":6,"key":"Shuriken"},{"floor":8,"key":"Anchor"},{"floor":9,"key":"Paper Crane"},{"floor":10,"key":"Incense Burner"},{"floor":23,"key":"Molten Egg 2"},{"floor":26,"key":"Art of War"},{"floor":31,"key":"Pocketwatch"},{"floor":36,"key":"Mango"},{"floor":37,"key":"Du-Vu Doll"},{"floor":40,"key":"Mummified Hand"}],"event_choices":[{"cards_removed":["Strike_G"],"damage_healed":0,"gold_gain":0,"player_choice":"Card Removal","damage_taken":0,"max_hp_gain":0,"max_hp_loss":0,"event_name":"The Cleric","floor":5,"gold_loss":50},{"damage_healed":0,"gold_gain":100,"player_choice":"Pray","damage_taken":0,"max_hp_gain":0,"max_hp_loss":0,"event_name":"Golden Shrine","floor":11,"gold_loss":0},{"damage_healed":0,"gold_gain":0,"cards_transformed":["Strike_G","Strike_G"],"player_choice":"Became Test Subject","damage_taken":0,"max_hp_gain":0,"max_hp_loss":0,"event_name":"Drug Dealer","floor":20,"gold_loss":0,"cards_obtained":["Tactician","Wraith Form v2"]},{"cards_removed":["Strike_G"],"damage_healed":0,"gold_gain":0,"player_choice":"Gave Gold","damage_taken":0,"max_hp_gain":0,"max_hp_loss":0,"event_name":"Beggar","floor":24,"gold_loss":75},{"damage_healed":0,"gold_gain":99,"player_choice":"Stole From Cult","damage_taken":0,"max_hp_gain":0,"max_hp_loss":0,"event_name":"Nest","floor":27,"gold_loss":0},{"damage_healed":0,"gold_gain":0,"player_choice":"Opened","damage_taken":0,"relics_obtained":["Turnip"],"max_hp_gain":0,"max_hp_loss":0,"event_name":"The Mausoleum","floor":28,"gold_loss":0,"cards_obtained":["Writhe"]},{"damage_healed":0,"gold_gain":0,"player_choice":"Fight","damage_taken":0,"max_hp_gain":0,"max_hp_loss":0,"event_name":"MindBloom","floor":36,"gold_loss":0},{"damage_healed":0,"gold_gain":0,"player_choice":"Fight","damage_taken":0,"max_hp_gain":0,"max_hp_loss":0,"event_name":"Mysterious Sphere","floor":37,"gold_loss":0},{"damage_healed":0,"gold_gain":0,"player_choice":"Took Portal","damage_taken":0,"max_hp_gain":0,"max_hp_loss":0,"event_name":"SecretPortal","floor":41,"gold_loss":0}],"is_beta":false,"boss_relics":[{"not_picked":["Eternal Feather","Coffee Dripper"],"picked":"Philosopher\u0027s Stone"},{"not_picked":["Runic Dome","Runic Pyramid"],"picked":"Ring of the Serpent"}],"items_purged_floors":[30,39],"is_endless":false,"potions_floor_spawned":[1,6,8,10,18,22,33,35,38],"ascension_level":3}