{"gold_per_floor":[114,132,156,156,171,171,202,202,202,202,18,41,41,41,41,136,136,200,200,221,264,264,302,302,318,391,391,414,130,149,182,182,278,278,296,70,70,88,112,155,155,33,33,72,87,111,129,29,29,29],"floor_reached":51,"playtime":2821,"items_purged":["Pain","Pain","Pain"],"score":1555,"play_id":"c1a018cd-ac28-4576-ac02-57b314dbc840","local_time":"20190314154555","is_ascension_mode":true,"campfire_choices":[{"data":"Apotheosis","floor":6,"key":"SMITH"},{"data":"Bash","floor":10,"key":"SMITH"},{"data":"Transmutation","floor":15,"key":"SMITH"},{"floor":24,"key":"REST"},{"floor":27,"key":"REST"},{"floor":32,"key":"REST"},{"floor":41,"key":"REST"},{"floor":49,"key":"REST"}],"neow_cost":"TEN_PERCENT_HP_LOSS","seed_source_timestamp":138935988669799,"circlet_count":0,"master_deck":["AscendersBane","Strike_R","Strike_R","Strike_R","Strike_R","Defend_R","Defend_R","Defend_R","Defend_R","Bash+1","Apotheosis+1","Purity","Seeing Red","Metallicize","Wild Strike","Whirlwind","Injury","Transmutation+1","Headbutt","Fiend Fire","Thunderclap+1","Decay","Shockwave","Demon Form","Rupture","Warcry","Discovery","True Grit","Sentinel+1","Limit Break","Injury","Parasite","Seeing Red+1","Intimidate+1","Seeing Red+1","True Grit+1","Offering+1","Havoc+1"],"relics":["Burning Blood","PreservedInsect","Darkstone Periapt","Golden Idol","Letter Opener","WarpedTongs","Cursed Key","Dead Branch","Red Mask","MutagenicStrength","Ancient Tea Set","The Courier","Red Skull","Regal Pillow","Calling Bell","Charon\u0027s Ashes","Toxic Egg 2","Omamori","Paper Frog","Unceasing Top","Strawberry","Blue Candle"],"potions_floor_usage":[1,16,23,33,50,50],"damage_taken":[{"damage":3,"enemies":"Cultist","floor":1,"turns":4},{"damage":5,"enemies":"2 Louse","floor":2,"turns":3},{"damage":0,"enemies":"Jaw Worm","floor":5,"turns":5},{"damage":24,"enemies":"Gremlin Nob","floor":7,"turns":4},{"damage":22,"enemies":"Large Slime","floor":12,"turns":4},{"damage":19,"enemies":"The Guardian","floor":16,"turns":11},{"damage":17,"enemies":"2 Thieves","floor":18,"turns":4},{"damage":4,"enemies":"Spheric Guardian","floor":20,"turns":4},{"damage":11,"enemies":"Masked Bandits","floor":21,"turns":3},{"damage":50,"enemies":"Book of Stabbing","floor":23,"turns":5},{"damage":4,"enemies":"Cultist and Chosen","floor":25,"turns":2},{"damage":25,"enemies":"Chosen and Byrds","floor":28,"turns":3},{"damage":15,"enemies":"Snecko","floor":30,"turns":4},{"damage":7,"enemies":"Gremlin Leader","floor":31,"turns":3},{"damage":40,"enemies":"Champ","floor":33,"turns":7},{"damage":7,"enemies":"Orb Walker","floor":35,"turns":2},{"damage":19,"enemies":"3 Darklings","floor":38,"turns":2},{"damage":25,"enemies":"Spire Growth","floor":39,"turns":3},{"damage":32,"enemies":"Nemesis","floor":40,"turns":3},{"damage":13,"enemies":"Reptomancer","floor":44,"turns":4},{"damage":18,"enemies":"Maw","floor":45,"turns":5},{"damage":40,"enemies":"Jaw Worm Horde","floor":46,"turns":3},{"damage":21,"enemies":"Transient","floor":47,"turns":6},{"damage":30,"enemies":"Donu and Deca","floor":50,"turns":7}],"seed_played":"-8316208856680903868","potions_obtained":[{"floor":1,"key":"Fruit Juice"},{"floor":5,"key":"Weak Potion"},{"floor":16,"key":"Explosive Potion"},{"floor":18,"key":"AttackPotion"},{"floor":20,"key":"Weak Potion"},{"floor":25,"key":"Weak Potion"},{"floor":28,"key":"Dexterity Potion"},{"floor":39,"key":"Dexterity Potion"}],"is_trial":false,"path_per_floor":["M","M","T","?","M","R","E","?","T","R","$","M","?","$","R","B",null,"M","T","M","?","?","E","R","M","T","R","M","$","M","E","R","B",null,"M","$","?","M","M","E","R","$","T","E","M","M","M","$","R","B",null],"character_chosen":"IRONCLAD","items_purchased":["Transmutation","Red Skull","Discovery","Paper Frog","True Grit+1"],"campfire_rested":5,"item_purchase_floors":[11,29,29,36,42],"current_hp_per_floor":[73,73,73,66,72,72,54,60,60,60,60,44,50,50,50,37,73,62,68,70,65,65,21,48,50,56,85,66,66,57,56,97,63,107,106,106,106,93,74,48,97,97,104,97,85,51,36,36,87,63],"gold":29,"neow_bonus":"RANDOM_COLORLESS_2","is_prod":false,"is_daily":false,"chose_seed":false,"campfire_upgraded":3,"win_rate":0,"timestamp":1552592755,"path_taken":["M","M","?","?","?","R","E","?","T","R","?","M","?","$","R","BOSS","M","?","M","?","?","E","R","M","T","R","M","$","?","E","R","BOSS","M","$","?","M","M","E","R","$","T","E","?","M","M","$","R","BOSS"],"build_version":"2019-02-06","purchased_purges":3,"victory":true,"max_hp_per_floor":[73,73,73,73,73,73,73,79,79,79,79,79,85,85,85,85,85,85,91,91,91,91,91,91,91,97,97,97,97,97,97,97,97,115,115,115,115,115,115,115,115,115,122,122,122,122,122,122,122,122],"card_choices":[{"not_picked":["Reckless Charge","Anger"],"picked":"Seeing Red","floor":1},{"not_picked":["Cleave","Rage"],"picked":"Metallicize","floor":2},{"not_picked":["Perfected Strike","Rage"],"picked":"Wild Strike","floor":5},{"not_picked":["Feel No Pain","Wild Strike"],"picked":"Whirlwind","floor":7},{"not_picked":["Pommel Strike","Searing Blow"],"picked":"Headbutt","floor":12},{"not_picked":["Reaper","Immolate"],"picked":"Fiend Fire","floor":16},{"not_picked":["Perfected Strike","Wild Strike"],"picked":"Thunderclap+1","floor":18},{"not_picked":["Flex","Cleave"],"picked":"Shockwave","floor":20},{"not_picked":["Wild Strike","Searing Blow"],"picked":"Demon Form","floor":23},{"not_picked":["Inflame","Pommel Strike"],"picked":"Rupture","floor":25},{"not_picked":["Shockwave","Body Slam"],"picked":"Warcry","floor":28},{"not_picked":["Wild Strike","Sentinel"],"picked":"True Grit","floor":30},{"not_picked":["Carnage","Wild Strike"],"picked":"Sentinel+1","floor":31},{"not_picked":["Demon Form","Brutality"],"picked":"Limit Break","floor":33},{"not_picked":["Armaments+1","Iron Wave"],"picked":"Seeing Red+1","floor":35},{"not_picked":["Twin Strike+1","Shockwave+1"],"picked":"Intimidate+1","floor":38},{"not_picked":["Evolve","Havoc+1"],"picked":"Seeing Red+1","floor":39},{"not_picked":["Armaments+1","Fire Breathing","Cleave"],"picked":"SKIP","floor":40},{"not_picked":["Thunderclap","Cleave"],"picked":"Offering+1","floor":44},{"not_picked":["Heavy Blade","Flex+1","Body Slam"],"picked":"SKIP","floor":45},{"not_picked":["Pommel Strike+1","Sever Soul"],"picked":"Havoc+1","floor":46},{"not_picked":["Clothesline","Inflame","Entrench+1"],"picked":"SKIP","floor":47}],"player_experience":655211,"relics_obtained":[{"floor":3,"key":"PreservedInsect"},{"floor":7,"key":"Darkstone Periapt"},{"floor":9,"key":"Letter Opener"},{"floor":19,"key":"Dead Branch"},{"floor":21,"key":"Red Mask"},{"floor":23,"key":"Ancient Tea Set"},{"floor":26,"key":"The Courier"},{"floor":31,"key":"Regal Pillow"},{"floor":34,"key":"Charon\u0027s Ashes"},{"floor":34,"key":"Toxic Egg 2"},{"floor":34,"key":"Omamori"},{"floor":40,"key":"Unceasing Top"},{"floor":43,"key":"Strawberry"},{"floor":44,"key":"Blue Candle"}],"event_choices":[{"cards_removed":["Strike_R"],"damage_healed":0,"gold_gain":0,"player_choice":"Card Removal","damage_taken":7,"max_hp_gain":0,"max_hp_loss":0,"event_name":"Golden Wing","floor":4,"gold_loss":0},{"damage_healed":0,"gold_gain":0,"player_choice":"Take Wound","damage_taken":0,"relics_obtained":["Golden Idol"],"max_hp_gain":0,"max_hp_loss":0,"event_name":"Golden Idol","floor":8,"gold_loss":0,"cards_obtained":["Injury"]},{"damage_healed":0,"gold_gain":0,"player_choice":"Rummage","damage_taken":0,"relics_obtained":["WarpedTongs"],"max_hp_gain":0,"max_hp_loss":0,"event_name":"Accursed Blacksmith","floor":13,"gold_loss":0,"cards_obtained":["Pain"]},{"damage_healed":0,"gold_gain":0,"player_choice":"Fought Bandits","damage_taken":0,"max_hp_gain":0,"max_hp_loss":0,"event_name":"Masked Bandits","floor":21,"gold_loss":0},{"damage_healed":0,"gold_gain":0,"player_choice":"Inject Mutagens","damage_taken":0,"relics_obtained":["MutagenicStrength"],"max_hp_gain":0,"max_hp_loss":0,"event_name":"Drug Dealer","floor":22,"gold_loss":0},{"damage_healed":0,"gold_gain":0,"player_choice":"0 cards matched","damage_taken":0,"max_hp_gain":0,"max_hp_loss":0,"event_name":"Match and Keep!","floor":37,"gold_loss":0,"cards_obtained":[]}],"is_beta":true,"boss_relics":[{"not_picked":["Orrery","Lizard Tail"],"picked":"Cursed Key"},{"not_picked":["Philosopher\u0027s Stone","Coffee Dripper"],"picked":"Calling Bell"}],"items_purged_floors":[29,42,48],"is_endless":false,"potions_floor_spawned":[1,5,16,18,20,25,28,30,39,40,44],"ascension_level":19}