{"gold_per_floor":[113,127,138,151,0,0,29,29,54,1,1],"floor_reached":11,"playtime":242,"items_purged":[],"score":146,"play_id":"a6d206e6-c3e5-45be-bb47-b298933e171b","local_time":"20190318005829","is_ascension_mode":true,"campfire_choices":[{"data":"Perfected Strike","floor":6,"key":"SMITH"}],"neow_cost":"NONE","seed_source_timestamp":173450007555500,"circlet_count":0,"master_deck":["AscendersBane","Strike_R","Strike_R","Strike_R","Strike_R","Strike_R","Defend_R","Defend_R","Defend_R","Defend_R","Bash","Demon Form","Perfected Strike+1","Whirlwind","Heavy Blade","Perfected Strike","Jack Of All Trades","Wild Strike","Double Tap"],"relics":["Burning Blood","Ancient Tea Set","Red Skull"],"potions_floor_usage":[],"damage_taken":[{"damage":12,"enemies":"Cultist","floor":1,"turns":4},{"damage":12,"enemies":"2 Louse","floor":2,"turns":3},{"damage":12,"enemies":"Small Slimes","floor":3,"turns":2},{"damage":16,"enemies":"2 Fungi Beasts","floor":4,"turns":4},{"damage":32,"enemies":"Gremlin Nob","floor":7,"turns":4},{"damage":45,"enemies":"Gremlin Gang","floor":11,"turns":3}],"seed_played":"3664593542425838204","potions_obtained":[{"floor":3,"key":"FairyPotion"},{"floor":4,"key":"Dexterity Potion"}],"is_trial":false,"path_per_floor":["M","M","M","M","$","R","E","?","T","?","M"],"character_chosen":"IRONCLAD","items_purchased":["Jack Of All Trades","Wild Strike"],"campfire_rested":0,"item_purchase_floors":[5,5],"current_hp_per_floor":[62,56,50,40,40,40,14,14,14,14,0],"gold":1,"neow_bonus":"ONE_RANDOM_RARE_CARD","is_prod":false,"is_daily":false,"chose_seed":false,"campfire_upgraded":1,"win_rate":0,"timestamp":1552885109,"path_taken":["M","M","?","M","$","R","E","?","T","?","M"],"build_version":"2019-03-15","purchased_purges":0,"victory":false,"max_hp_per_floor":[75,75,75,75,75,75,75,75,75,75,75],"card_choices":[{"not_picked":["Sword Boomerang","Warcry"],"picked":"Perfected Strike","floor":1},{"not_picked":["Seeing Red","Wild Strike"],"picked":"Whirlwind","floor":2},{"not_picked":["Twin Strike","Whirlwind"],"picked":"Heavy Blade","floor":3},{"not_picked":["Flame Barrier","Wild Strike"],"picked":"Perfected Strike","floor":4},{"not_picked":["Armaments","Infernal Blade"],"picked":"Double Tap","floor":7}],"player_experience":667973,"relics_obtained":[{"floor":7,"key":"Ancient Tea Set"},{"floor":9,"key":"Red Skull"}],"event_choices":[{"damage_healed":0,"gold_gain":0,"player_choice":"Ignored","damage_taken":0,"max_hp_gain":0,"max_hp_loss":0,"event_name":"Golden Idol","floor":8,"gold_loss":0},{"damage_healed":0,"gold_gain":0,"player_choice":"Left Gold","damage_taken":0,"max_hp_gain":0,"max_hp_loss":0,"event_name":"World of Goop","floor":10,"gold_loss":53}],"is_beta":true,"boss_relics":[],"items_purged_floors":[],"is_endless":false,"potions_floor_spawned":[3,4],"killed_by":"Gremlin Gang","ascension_level":20}