{"path_per_floor":["M","?","?","T","M","R","M","?","T","?","$","R","M","M","R","B",null,"M","?","M","M","M","R","E","?","T","M"],"character_chosen":"THE_SILENT","items_purchased":["SpeedPotion","Pear","Purity"],"gold_per_floor":[111,111,111,164,187,187,207,282,282,457,60,60,76,96,96,226,226,244,244,222,241,260,260,295,295,295,319,319],"floor_reached":28,"campfire_rested":1,"playtime":1721,"current_hp_per_floor":[68,73,55,55,53,53,53,26,26,26,36,36,36,30,55,40,85,81,42,34,42,41,41,31,31,31,12,0],"items_purged":[],"gold":319,"score":255,"play_id":"a1606a20-2613-4d52-9d8e-2fd25d4d8de5","local_time":"20180514174706","is_prod":false,"is_daily":false,"chose_seed":false,"is_ascension_mode":false,"campfire_upgraded":3,"timestamp":1526312826,"path_taken":["M","?","?","?","?","R","M","?","T","?","?","R","M","M","R","BOSS","M","?","M","M","M","R","E","?","T","M","E"],"build_version":"2018-05-10","seed_source_timestamp":382061767959325,"purchased_purges":0,"victory":false,"master_deck":["Defend_G","Defend_G","Defend_G","Defend_G","Defend_G","Strike_G+1","Strike_G+1","Strike_G","Survivor","Neutralize+1","Corpse Explosion","Dagger Spray","Backflip","Backstab","Bane","Doubt","Purity+1","Crippling Poison","Deadly Poison","Envenom","Predator+1","Ghostly","Ghostly","Ghostly","Ghostly","Ghostly","All Out Attack","Bane+1","Bouncing Flask+1","Backstab+1"],"max_hp_per_floor":[70,75,75,75,75,75,75,75,75,75,85,85,85,85,85,85,85,85,42,42,42,42,42,42,42,42,42,42],"relics":["Ring of the Snake","Golden Idol","Vajra","Whetstone","Bottled Lightning","Pear","White Beast Statue","Kunai","Letter Opener"],"card_choices":[{"not_picked":["Terror","PiercingWail"],"picked":"Dagger Spray","floor":1},{"not_picked":["Blade Dance","Dagger Throw"],"picked":"Backflip","floor":5},{"not_picked":["Bullet Time","All Out Attack"],"picked":"Backstab","floor":7},{"not_picked":["Expertise","Endless Agony"],"picked":"Bane","floor":8},{"not_picked":["Poisoned Stab","Underhanded Strike"],"picked":"Crippling Poison","floor":13},{"not_picked":["Dodge and Roll","Choke"],"picked":"Deadly Poison","floor":14},{"not_picked":["A Thousand Cuts","Bullet Time"],"picked":"Envenom","floor":16},{"not_picked":["Quick Slash","Flechettes"],"picked":"Predator","floor":18},{"not_picked":["Skewer","Blur"],"picked":"All Out Attack","floor":20},{"not_picked":["Leg Sweep","Dodge and Roll"],"picked":"Bane","floor":21},{"not_picked":["Dagger Spray","Slice"],"picked":"Bouncing Flask","floor":22},{"not_picked":["Night Terror","Backflip"],"picked":"Backstab","floor":24}],"player_experience":34998,"potions_floor_usage":[8,16,16,16,21,22,24,24,28,28,28],"damage_taken":[{"damage":2,"enemies":"Small Slimes","floor":1,"turns":4},{"damage":2,"enemies":"Cultist","floor":5,"turns":4},{"damage":0,"enemies":"Jaw Worm","floor":7,"turns":3},{"damage":27,"enemies":"Lagavulin Event","floor":8,"turns":9},{"damage":0,"enemies":"Blue Slaver","floor":13,"turns":4},{"damage":6,"enemies":"Lots of Slimes","floor":14,"turns":3},{"damage":15,"enemies":"Slime Boss","floor":16,"turns":11},{"damage":4,"enemies":"Chosen","floor":18,"turns":5},{"damage":8,"enemies":"2 Thieves","floor":20,"turns":5},{"damage":6,"enemies":"Snake Plant","floor":21,"turns":5},{"damage":1,"enemies":"Cultist and Chosen","floor":22,"turns":6},{"damage":10,"enemies":"Slavers","floor":24,"turns":5},{"damage":19,"enemies":"Centurion and Healer","floor":27,"turns":6},{"damage":15,"enemies":"Gremlin Leader","floor":28,"turns":7}],"event_choices":[{"event_name":"Big Fish","player_choice":"Donut","floor":2,"damage_taken":0},{"event_name":"Golden Idol","player_choice":"Take Damage","floor":3,"damage_taken":0},{"event_name":"Dead Adventurer","player_choice":"Searched \u00271\u0027 times","floor":8,"damage_taken":0},{"event_name":"Liars Game","player_choice":"agreed","floor":10,"damage_taken":0},{"event_name":"Ghosts","player_choice":"Became a Ghost","floor":19,"damage_taken":0},{"event_name":"Back to Basics","player_choice":"Elegance","floor":25,"damage_taken":0}],"boss_relics":[{"not_picked":["Calling Bell","Runic Dome"],"picked":"White Beast Statue"}],"potions_floor_spawned":[7,8,14,16,18,20,21,22,24,27],"seed_played":"-1906895075474616865","killed_by":"Gremlin Leader","ascension_level":0,"is_trial":false}