{"gold_per_floor":[115,64,64,64,64,64,394,394,394,394,32,44,62,73,73,150,150,169,199,199,213,245,245,245,63,63,75,50,50,61,78,78,78],"floor_reached":33,"playtime":1124,"items_purged":["Regret"],"score":587,"play_id":"eac5a097-7d69-4174-905b-88dd13816151","local_time":"20190312114056","is_ascension_mode":true,"campfire_choices":[{"data":"Perfected Strike","floor":6,"key":"SMITH"},{"data":"Bash","floor":8,"key":"SMITH"},{"data":"Cleave","floor":10,"key":"SMITH"},{"data":"Trip","floor":15,"key":"SMITH"},{"floor":23,"key":"REST"},{"data":"True Grit","floor":29,"key":"SMITH"},{"floor":32,"key":"REST"}],"neow_cost":"TEN_PERCENT_HP_LOSS","seed_source_timestamp":408033092423600,"circlet_count":0,"master_deck":["AscendersBane","Strike_R","Strike_R","Strike_R","Strike_R","Strike_R","Defend_R","Defend_R","Defend_R","Defend_R","Bash+1","Secret Technique","Deep Breath","Perfected Strike+1","Cleave+1","Pain","Twin Strike","Trip+1","Shrug It Off","True Grit+1","Iron Wave","Dropkick","Demon Form","Shame","Decay","Twin Strike+1","Disarm+1","Perfected Strike","Armaments","Decay","Metallicize","Heavy Blade","Perfected Strike","Burning Pact+1"],"relics":["Burning Blood","Blue Candle","Darkstone Periapt","WarpedTongs","Old Coin","Self Forming Clay","ClockworkSouvenir","Cursed Key","Tiny Chest","Red Mask","WingedGreaves","Calipers"],"potions_floor_usage":[16,33,33],"damage_taken":[{"damage":6,"enemies":"Cultist","floor":1,"turns":3},{"damage":34,"enemies":"Gremlin Nob","floor":7,"turns":4},{"damage":1,"enemies":"Small Slimes","floor":12,"turns":2},{"damage":0,"enemies":"Jaw Worm","floor":13,"turns":1},{"damage":16,"enemies":"Red Slaver","floor":14,"turns":2},{"damage":29,"enemies":"The Guardian","floor":16,"turns":10},{"damage":19,"enemies":"3 Byrds","floor":18,"turns":5},{"damage":33,"enemies":"Shell Parasite","floor":21,"turns":6},{"damage":13,"enemies":"Masked Bandits","floor":22,"turns":3},{"damage":9,"enemies":"Snecko","floor":27,"turns":4},{"damage":15,"enemies":"Snake Plant","floor":30,"turns":4},{"damage":12,"enemies":"Chosen and Byrds","floor":31,"turns":5},{"damage":77,"enemies":"Automaton","floor":33,"turns":6}],"seed_played":"5182519447543570703","potions_obtained":[{"floor":13,"key":"Swift Potion"},{"floor":16,"key":"Ancient Potion"},{"floor":21,"key":"Poison Potion"},{"floor":27,"key":"SneckoOil"},{"floor":31,"key":"Strength Potion"}],"is_trial":false,"path_per_floor":["M","$","T","?","?","R","E","R","T","R","$","M","M","M","R","B",null,"M","?","?","M","?","R","?","$","T","M","$","R","M","M","R","B"],"character_chosen":"IRONCLAD","items_purchased":["Cleave","ClockworkSouvenir","Trip","Shrug It Off","Perfected Strike","Armaments","Heavy Blade"],"campfire_rested":2,"item_purchase_floors":[2,11,11,11,25,25,28],"current_hp_per_floor":[68,68,68,74,80,80,52,52,52,52,52,57,63,53,53,30,68,55,61,67,40,33,60,60,60,66,63,63,63,54,48,77,0],"gold":78,"neow_bonus":"RANDOM_COLORLESS_2","is_prod":false,"is_daily":false,"chose_seed":false,"campfire_upgraded":5,"win_rate":0,"timestamp":1552405256,"path_taken":["M","$","?","?","?","R","E","R","T","R","$","?","M","M","R","BOSS","M","?","?","?","?","R","?","$","T","?","$","R","M","M","R","BOSS"],"build_version":"2019-02-06","purchased_purges":1,"victory":false,"max_hp_per_floor":[68,68,68,74,80,80,80,80,80,80,80,80,80,80,80,80,80,80,86,92,92,92,92,92,92,98,98,98,98,98,98,98,98],"card_choices":[{"not_picked":["Sword Boomerang","Flex"],"picked":"Perfected Strike","floor":1},{"not_picked":["Second Wind","Wild Strike"],"picked":"Twin Strike","floor":7},{"not_picked":["Seeing Red","Cleave"],"picked":"True Grit","floor":12},{"not_picked":["True Grit","Headbutt"],"picked":"Iron Wave","floor":13},{"not_picked":["Sever Soul","Rage"],"picked":"Dropkick","floor":14},{"not_picked":["Feed","Brutality"],"picked":"Demon Form","floor":16},{"not_picked":["Body Slam","Flex","Rampage"],"picked":"SKIP","floor":18},{"not_picked":["Body Slam","Burning Pact"],"picked":"Twin Strike+1","floor":21},{"not_picked":["Sever Soul","Bludgeon"],"picked":"Disarm+1","floor":22},{"not_picked":["Warcry","Iron Wave"],"picked":"Metallicize","floor":27},{"not_picked":["Heavy Blade","Clash"],"picked":"Perfected Strike","floor":30},{"not_picked":["Uppercut","Heavy Blade"],"picked":"Burning Pact+1","floor":31}],"player_experience":642090,"relics_obtained":[{"floor":3,"key":"Blue Candle"},{"floor":7,"key":"Old Coin"},{"floor":9,"key":"Self Forming Clay"},{"floor":22,"key":"Red Mask"},{"floor":26,"key":"Calipers"}],"event_choices":[{"damage_healed":0,"gold_gain":0,"player_choice":"Box","damage_taken":0,"relics_obtained":["Darkstone Periapt"],"max_hp_gain":0,"max_hp_loss":0,"event_name":"Big Fish","floor":4,"gold_loss":0,"cards_obtained":["Regret"]},{"damage_healed":0,"gold_gain":0,"player_choice":"Rummage","damage_taken":0,"relics_obtained":["WarpedTongs"],"max_hp_gain":0,"max_hp_loss":0,"event_name":"Accursed Blacksmith","floor":5,"gold_loss":0,"cards_obtained":["Pain"]},{"damage_healed":0,"gold_gain":0,"player_choice":"Stole Relic","damage_taken":0,"relics_obtained":["Tiny Chest"],"max_hp_gain":0,"max_hp_loss":0,"event_name":"Addict","floor":19,"gold_loss":0,"cards_obtained":["Shame"]},{"damage_healed":0,"gold_gain":0,"player_choice":"Cursed","damage_taken":0,"max_hp_gain":0,"max_hp_loss":0,"event_name":"Wheel of Change","floor":20,"gold_loss":0,"cards_obtained":["Decay"]},{"damage_healed":0,"gold_gain":0,"player_choice":"Fought Bandits","damage_taken":0,"max_hp_gain":0,"max_hp_loss":0,"event_name":"Masked Bandits","floor":22,"gold_loss":0},{"damage_healed":0,"gold_gain":0,"player_choice":"Gave Potion","damage_taken":0,"relics_obtained":["WingedGreaves"],"max_hp_gain":0,"max_hp_loss":0,"event_name":"WeMeetAgain","floor":24,"gold_loss":0}],"is_beta":true,"boss_relics":[{"not_picked":["Black Blood","Busted Crown"],"picked":"Cursed Key"}],"items_purged_floors":[25],"is_endless":false,"potions_floor_spawned":[13,16,21,27,31],"killed_by":"Automaton","ascension_level":18}