{"gold_per_floor":[118,118,129,13,31,31,31,43,43,43,59,76,76,89,89,89],"floor_reached":16,"playtime":696,"items_purged":["Strike_R"],"score":179,"play_id":"2981a9b8-794e-4166-8f7d-ab7eb04ef187","local_time":"20190312204958","is_ascension_mode":true,"campfire_choices":[{"floor":6,"key":"REST"},{"floor":10,"key":"REST"},{"data":"Armaments","floor":13,"key":"SMITH"},{"floor":15,"key":"REST"}],"neow_cost":"NONE","seed_source_timestamp":441413126091100,"circlet_count":0,"master_deck":["AscendersBane","Strike_R","Strike_R","Strike_R","Strike_R","Defend_R","Defend_R","Defend_R","Defend_R+1","Bash+1","Trip","Armaments+1","Spot Weakness","Uppercut","Barricade","Cleave","Twin Strike","Body Slam","Limit Break"],"relics":["Burning Blood","Dodecahedron","Centennial Puzzle"],"potions_floor_usage":[8,12,16],"damage_taken":[{"damage":12,"enemies":"Jaw Worm","floor":1,"turns":3},{"damage":6,"enemies":"2 Louse","floor":3,"turns":2},{"damage":16,"enemies":"Small Slimes","floor":5,"turns":3},{"damage":29,"enemies":"Exordium Thugs","floor":8,"turns":5},{"damage":10,"enemies":"3 Louse","floor":11,"turns":3},{"damage":3,"enemies":"Large Slime","floor":12,"turns":5},{"damage":19,"enemies":"Exordium Thugs","floor":14,"turns":6},{"damage":58,"enemies":"Slime Boss","floor":16,"turns":11}],"seed_played":"-7544576024430179649","potions_obtained":[{"floor":1,"key":"SkillPotion"},{"floor":8,"key":"Regen Potion"},{"floor":11,"key":"SteroidPotion"}],"is_trial":false,"path_per_floor":["M","?","M","$","M","R","?","M","T","R","M","M","R","M","R","B"],"character_chosen":"IRONCLAD","items_purchased":["Uppercut"],"campfire_rested":3,"item_purchase_floors":[4],"current_hp_per_floor":[62,39,39,39,29,51,33,10,10,32,28,31,31,18,40,0],"gold":89,"neow_bonus":"RANDOM_COLORLESS","is_prod":false,"is_daily":false,"chose_seed":false,"campfire_upgraded":1,"win_rate":0,"timestamp":1552438198,"path_taken":["M","?","M","$","M","R","?","M","T","R","M","M","R","M","R","BOSS"],"build_version":"2019-02-06","purchased_purges":1,"victory":false,"max_hp_per_floor":[75,75,75,75,75,75,75,75,75,75,75,75,75,75,75,75],"card_choices":[{"not_picked":["Combust","Body Slam"],"picked":"Armaments","floor":1},{"not_picked":["Wild Strike","Havoc"],"picked":"Spot Weakness","floor":3},{"not_picked":["Headbutt","Armaments"],"picked":"Barricade","floor":5},{"not_picked":["Iron Wave","Wild Strike"],"picked":"Cleave","floor":8},{"not_picked":["Iron Wave","Second Wind"],"picked":"Twin Strike","floor":11},{"not_picked":["Spot Weakness","Iron Wave"],"picked":"Body Slam","floor":12},{"not_picked":["Warcry","Dropkick"],"picked":"Limit Break","floor":14}],"player_experience":649866,"relics_obtained":[{"floor":9,"key":"Centennial Puzzle"}],"event_choices":[{"damage_healed":0,"gold_gain":0,"player_choice":"Entered Light","damage_taken":23,"max_hp_gain":0,"max_hp_loss":0,"event_name":"Shining Light","floor":2,"gold_loss":0,"cards_upgraded":["Defend_R","Bash"]},{"damage_healed":0,"gold_gain":0,"player_choice":"Success","damage_taken":18,"relics_obtained":["Dodecahedron"],"max_hp_gain":0,"max_hp_loss":0,"event_name":"Scrap Ooze","floor":7,"gold_loss":0}],"is_beta":true,"boss_relics":[],"items_purged_floors":[4],"is_endless":false,"potions_floor_spawned":[1,8,11],"killed_by":"Slime Boss","ascension_level":18}