{"gold_per_floor":[15,15,15,25,36,36,66,66,66,66,16,48,62,88,88,160,160,171,206,217,217],"floor_reached":21,"playtime":795,"items_purged":[],"score":374,"play_id":"aab642c8-c277-4f98-919a-94167b47c3f1","local_time":"20181113233934","is_ascension_mode":true,"campfire_choices":[{"data":"Bash","floor":6.0,"key":"SMITH"},{"data":"Immolate","floor":8.0,"key":"SMITH"},{"data":"Flame Barrier","floor":10.0,"key":"SMITH"},{"data":"Armaments","floor":15.0,"key":"SMITH"}],"neow_cost":"NO_GOLD","seed_source_timestamp":0,"circlet_count":0,"master_deck":["AscendersBane","Strike_R","Strike_R","Strike_R","Strike_R","Strike_R","Defend_R","Defend_R","Defend_R","Defend_R","Bash+1","Demon Form+1","Anger","Pummel","Flame Barrier+1","Immolate+1","True Grit","Armaments+1","Ghostly Armor","Shrug It Off","Anger","Flame Barrier"],"special_seed":0,"relics":["Burning Blood","Shuriken","Mercury Hourglass","Art of War","Odd Mushroom","Velvet Choker","Red Mask"],"potions_floor_usage":[19,20,21],"damage_taken":[{"damage":11.0,"enemies":"Jaw Worm","floor":1.0,"turns":5.0},{"damage":2.0,"enemies":"2 Louse","floor":4.0,"turns":2.0},{"damage":1.0,"enemies":"Cultist","floor":5.0,"turns":3.0},{"damage":38.0,"enemies":"3 Sentries","floor":7.0,"turns":5.0},{"damage":32.0,"enemies":"Gremlin Nob","floor":12.0,"turns":4.0},{"damage":12.0,"enemies":"Exordium Wildlife","floor":13.0,"turns":4.0},{"damage":0.0,"enemies":"The Mushroom Lair","floor":14.0,"turns":1.0},{"damage":8.0,"enemies":"Hexaghost","floor":16.0,"turns":8.0},{"damage":26,"enemies":"Chosen","floor":18,"turns":4},{"damage":36,"enemies":"Masked Bandits","floor":19,"turns":4},{"damage":0,"enemies":"2 Thieves","floor":20,"turns":4},{"damage":30,"enemies":"Snecko","floor":21,"turns":5}],"seed_played":"-4160462232576184080","potions_obtained":[{"floor":4.0,"key":"FearPotion"},{"floor":5.0,"key":"EssenceOfSteel"},{"floor":14.0,"key":"GamblersBrew"},{"floor":16,"key":"Poison Potion"},{"floor":19,"key":"SkillPotion"}],"is_trial":false,"path_per_floor":["M","?","?","M","M","R","E","R","T","R","$","E","M","?","R","B","B",null,"M","?","M","M"],"character_chosen":"IRONCLAD","items_purchased":["True Grit"],"campfire_rested":0,"item_purchase_floors":[11],"current_hp_per_floor":[63,63,75,75,75,75,43,43,43,43,43,17,11,17,17,15,60,40,10,16,0],"gold":217,"neow_bonus":"THREE_RARE_CARDS","is_prod":false,"is_daily":false,"chose_seed":false,"campfire_upgraded":4,"win_rate":0,"timestamp":1542170374,"path_taken":["M","?","?","?","M","R","E","R","T","R","$","E","M","?","R","BOSS","BOSS","M","?","M","M"],"build_version":"2018-11-12","purchased_purges":0,"victory":false,"max_hp_per_floor":[75,75,75,75,75,75,75,75,75,75,75,75,75,75,75,75,75,75,75,75,75],"card_choices":[{"not_picked":["Dark Embrace","Impervious"],"picked":"Demon Form","floor":0.0},{"not_picked":["Body Slam","Shockwave"],"picked":"Anger","floor":1.0},{"not_picked":["Havoc","Sever Soul"],"picked":"Pummel","floor":4.0},{"not_picked":["Anger","Sever Soul"],"picked":"Flame Barrier","floor":5.0},{"not_picked":["Power Through","Fire Breathing"],"picked":"Immolate","floor":7.0},{"not_picked":["Cleave","Thunderclap","Warcry"],"picked":"SKIP","floor":12.0},{"not_picked":["Headbutt","Sword Boomerang"],"picked":"Armaments","floor":13.0},{"not_picked":["Bloodletting","Twin Strike"],"picked":"Ghostly Armor","floor":14.0},{"not_picked":["Anger","Searing Blow"],"picked":"Shrug It Off","floor":18},{"not_picked":["Metallicize","Twin Strike"],"picked":"Anger","floor":19},{"not_picked":["Cleave","Spot Weakness"],"picked":"Flame Barrier","floor":20}],"player_experience":803430,"relics_obtained":[{"floor":7.0,"key":"Shuriken"},{"floor":9.0,"key":"Mercury Hourglass"},{"floor":12.0,"key":"Art of War"},{"floor":14.0,"key":"Odd Mushroom"},{"floor":19,"key":"Red Mask"}],"event_choices":[{"damage_healed":0.0,"max_hp_gain":0.0,"max_hp_loss":0.0,"gold_gain":0.0,"event_name":"Living Wall","player_choice":"Grow","floor":2.0,"gold_loss":0.0,"damage_taken":0.0,"cards_upgraded":["Demon Form"]},{"damage_healed":12.0,"max_hp_gain":0.0,"max_hp_loss":0.0,"gold_gain":0.0,"event_name":"Wheel of Change","player_choice":"Full Heal","floor":3.0,"gold_loss":0.0,"damage_taken":0.0},{"damage_healed":0.0,"max_hp_gain":0.0,"max_hp_loss":0.0,"gold_gain":0.0,"event_name":"Mushrooms","player_choice":"Fought Mushrooms","floor":14.0,"gold_loss":0.0,"damage_taken":0.0},{"damage_healed":0,"gold_gain":0,"player_choice":"Fought Bandits","damage_taken":0,"max_hp_gain":0,"max_hp_loss":0,"event_name":"Masked Bandits","floor":19,"gold_loss":0}],"is_beta":true,"boss_relics":[{"not_picked":["Ectoplasm","Empty Cage"],"picked":"Velvet Choker"}],"items_purged_floors":[],"is_endless":false,"potions_floor_spawned":[4,5,14,16,19],"killed_by":"Snecko","ascension_level":20}