{"gold_per_floor":[119,136,136,101,101,101,139,139,139,139,177,177,216,4,4,4],"floor_reached":16,"playtime":691,"items_purged":["Strike_R"],"score":228,"play_id":"131ab0cc-f301-4e38-b219-2d98d5753904","local_time":"20181105192754","is_ascension_mode":true,"campfire_choices":[{"data":"Bash","floor":6.0,"key":"SMITH"},{"data":"Flame Barrier","floor":8.0,"key":"SMITH"},{"data":"Iron Wave","floor":10.0,"key":"SMITH"},{"floor":15.0,"key":"REST"}],"neow_cost":"PERCENT_DAMAGE","seed_source_timestamp":1017315039120481,"circlet_count":0,"master_deck":["AscendersBane","Strike_R","Strike_R","Strike_R","Strike_R","Defend_R","Defend_R","Defend_R","Defend_R","Bash+1","Flame Barrier+1","Iron Wave+1","Feel No Pain","Hemokinesis","Pummel","Combust"],"special_seed":0,"relics":["Burning Blood","Torii","Golden Idol","Bottled Lightning","Paper Frog","Bag of Marbles","Bottled Tornado"],"potions_floor_usage":[16,16],"damage_taken":[{"damage":7.0,"enemies":"2 Louse","floor":1.0,"turns":3.0},{"damage":7.0,"enemies":"Small Slimes","floor":2.0,"turns":4.0},{"damage":10.0,"enemies":"Gremlin Nob","floor":7.0,"turns":3.0},{"damage":11.0,"enemies":"3 Sentries","floor":11.0,"turns":14.0},{"damage":21.0,"enemies":"Gremlin Nob","floor":13.0,"turns":4.0},{"damage":60,"enemies":"Slime Boss","floor":16,"turns":8}],"seed_played":"-8256842730241165877","potions_obtained":[{"floor":1.0,"key":"AttackPotion"},{"floor":2.0,"key":"Ancient Potion"},{"floor":13.0,"key":"Swift Potion"}],"is_trial":false,"path_per_floor":["M","M","?","?","?","R","E","R","T","R","E","?","E","$","R","B"],"character_chosen":"IRONCLAD","items_purchased":["Combust","Block Potion"],"campfire_rested":1,"item_purchase_floors":[14,14],"current_hp_per_floor":[49,48,30,48,48,48,44,44,44,44,39,44,29,29,50,0],"gold":4,"neow_bonus":"ONE_RARE_RELIC","is_prod":false,"is_daily":false,"chose_seed":false,"campfire_upgraded":3,"win_rate":0,"timestamp":1541464074,"path_taken":["M","M","?","?","?","R","E","R","T","R","E","?","E","?","R","BOSS"],"build_version":"2018-11-02","purchased_purges":1,"victory":false,"max_hp_per_floor":[75,75,75,75,68,68,68,68,68,68,68,73,73,73,73,73],"card_choices":[{"not_picked":["Perfected Strike","Iron Wave"],"picked":"Flame Barrier","floor":1.0},{"not_picked":["Warcry","Reckless Charge"],"picked":"Iron Wave","floor":2.0},{"not_picked":["Armaments","Clash"],"picked":"Feel No Pain","floor":7.0},{"not_picked":["Havoc","Clash"],"picked":"Hemokinesis","floor":11.0},{"not_picked":["Clash","Ghostly Armor"],"picked":"Pummel","floor":13.0}],"player_experience":780346,"relics_obtained":[{"floor":7.0,"key":"Bottled Lightning"},{"floor":9.0,"key":"Paper Frog"},{"floor":11.0,"key":"Bag of Marbles"},{"floor":13.0,"key":"Bottled Tornado"}],"event_choices":[{"damage_healed":0.0,"max_hp_gain":0.0,"max_hp_loss":0.0,"gold_gain":0.0,"event_name":"Scrap Ooze","player_choice":"Fled","floor":3.0,"gold_loss":0.0,"damage_taken":18.0},{"damage_healed":18.0,"max_hp_gain":0.0,"max_hp_loss":0.0,"gold_gain":0.0,"event_name":"The Cleric","player_choice":"Healed","floor":4.0,"gold_loss":35.0,"damage_taken":0.0},{"damage_healed":0.0,"max_hp_gain":0.0,"max_hp_loss":7.0,"gold_gain":0.0,"event_name":"Golden Idol","player_choice":"Lose Max HP","floor":5.0,"gold_loss":0.0,"damage_taken":0.0,"relics_obtained":["Golden Idol"]},{"damage_healed":0.0,"max_hp_gain":5.0,"max_hp_loss":0.0,"gold_gain":0.0,"event_name":"Big Fish","player_choice":"Donut","floor":12.0,"gold_loss":0.0,"damage_taken":0.0}],"is_beta":true,"boss_relics":[],"items_purged_floors":[14],"is_endless":false,"potions_floor_spawned":[1,2,13],"killed_by":"Slime Boss","ascension_level":20}