{"path_per_floor":["M","M","?","M","?","R","E","R","T","M","E","M","R","M","R","B",null,"M","M","?","?","M","R","M","R","T","M","R","?","M","$","R","B",null,"M","?","$","?","?","R","T","R","T","$","M","R","$","M","R","B"],"character_chosen":"THE_SILENT","items_purchased":["Mummified Hand","Backflip","Infinite Blades","Outmaneuver","Caltrops"],"gold_per_floor":[112,131,131,150,130,130,158,158,158,171,200,216,216,231,231,327,327,346,358,358,358,376,376,396,396,422,432,432,432,450,25,25,122,122,141,141,87,87,87,87,87,87,87,5,24,24,24,38,38,38],"floor_reached":51,"campfire_rested":3,"playtime":3393,"current_hp_per_floor":[62,59,59,59,59,59,56,56,56,56,65,64,64,64,64,62,73,73,69,69,69,46,46,35,35,35,17,53,53,42,42,73,59,73,63,63,63,53,53,53,53,53,53,53,53,53,53,43,73,5],"items_purged":["Strike_G"],"gold":38,"play_id":"a2bd3240-6ea0-45f4-8a55-1f36adfc8ea6","is_prod":false,"is_daily":false,"is_ascension_mode":false,"campfire_upgraded":9,"path_taken":["M","M","?","?","?","R","E","R","T","M","E","M","R","?","R","BOSS","M","?","?","?","?","R","M","R","T","M","R","?","M","$","R","BOSS","M","?","$","?","?","R","?","R","T","?","M","R","$","M","R","BOSS"],"build_version":"2018-02-01-PROD3","purchased_purges":1,"victory":true,"master_deck":["Defend_G","Defend_G","Survivor","Neutralize+1","Dagger Spray","Night Terror+1","Blur","Terror","Calculated Gamble","Backstab+1","Outmaneuver+1","Dagger Spray","Acrobatics","Noxious Fumes","Outmaneuver+1","A Thousand Cuts+1","Outmaneuver+1","Wraith Form","Acrobatics+1","Caltrops","Deflect+1","Bullet Time","Backflip","Infinite Blades","Night Terror","Well Laid Plans+1","Heel Hook+1","Caltrops+1","Deadly Poison+1","Outmaneuver+1","Madness","Madness","Caltrops+1","Escape Plan","Dodge and Roll+1"],"max_hp_per_floor":[63,63,63,63,63,63,63,63,63,63,73,73,73,73,73,73,73,73,73,73,73,73,73,73,73,73,73,73,73,73,73,73,73,73,73,73,73,73,73,73,73,73,73,73,73,73,73,73,73,73],"relics":["Ring of the Snake","Tough Bandages","Gambling Chip","Pear","Runic Pyramid","Regal Pillow","Dodecahedron","Mummified Hand","Astrolabe","Unceasing Top","Ice Cream"],"card_choices":[{"not_picked":["Endless Agony","Quick Slash"],"picked":"Blur"},{"not_picked":["Flying Knee","Skewer"],"picked":"Terror"},{"not_picked":["Predator","Slice"],"picked":"Backstab"},{"not_picked":["Escape Plan","Blur"],"picked":"Outmaneuver"},{"not_picked":["Poisoned Stab","Dodge and Roll"],"picked":"Dagger Spray"},{"not_picked":["Masterful Stab","Skewer"],"picked":"Acrobatics"},{"not_picked":["Dagger Throw","Poisoned Stab"],"picked":"Noxious Fumes"},{"not_picked":["Well Laid Plans","Phantasmal Killer"],"picked":"Outmaneuver"},{"not_picked":["Doppelganger","After Image"],"picked":"A Thousand Cuts"},{"not_picked":["Backflip","Masterful Stab"],"picked":"Outmaneuver"},{"not_picked":["Bouncing Flask","Dagger Spray"],"picked":"Sucker Punch"},{"not_picked":["Skewer","Heel Hook"],"picked":"Acrobatics"},{"not_picked":["Dodge and Roll","Dash"],"picked":"Caltrops"},{"not_picked":["Sucker Punch","Leg Sweep"],"picked":"Deflect"},{"not_picked":["Leg Sweep","Noxious Fumes"],"picked":"Bullet Time"},{"not_picked":["Envenom","After Image"],"picked":"Night Terror"},{"not_picked":["Choke","Skewer"],"picked":"Deadly Poison"},{"not_picked":["Dagger Throw","Dodge and Roll"],"picked":"Escape Plan"},{"not_picked":["Poisoned Stab","Finisher"],"picked":"Dodge and Roll"}],"player_experience":7861,"potions_floor_usage":[7,18,18,33,48,50,50],"damage_taken":[{"damage":1,"enemies":"2 Louse","floor":1,"turns":2},{"damage":3,"enemies":"Blue Slaver","floor":2,"turns":7},{"damage":0,"enemies":"Cultist","floor":4,"turns":4},{"damage":3,"enemies":"3 Sentries","floor":7,"turns":3},{"damage":0,"enemies":"Large Slime","floor":10,"turns":3},{"damage":1,"enemies":"Gremlin Nob","floor":11,"turns":4},{"damage":1,"enemies":"Gremlin Gang","floor":12,"turns":5},{"damage":0,"enemies":"Looter","floor":14,"turns":3},{"damage":2,"enemies":"Slime Boss","floor":16,"turns":6},{"damage":0,"enemies":"Shell Parasite","floor":18,"turns":4},{"damage":4,"enemies":"3 Byrds","floor":19,"turns":4},{"damage":23,"enemies":"Centurion and Healer","floor":22,"turns":8},{"damage":11,"enemies":"Snecko","floor":24,"turns":5},{"damage":18,"enemies":"Slaver and Parasite","floor":27,"turns":9},{"damage":11,"enemies":"Snake Plant","floor":30,"turns":4},{"damage":14,"enemies":"Collector","floor":33,"turns":8},{"damage":10,"enemies":"3 Darklings","floor":35,"turns":5},{"damage":0,"enemies":"3 Shapes","floor":45,"turns":3},{"damage":10,"enemies":"Maw","floor":48,"turns":7},{"damage":68,"enemies":"Time Eater","floor":50,"turns":10}],"event_choices":[{"event_name":"Transmorgrifier","player_choice":"Transform","floor":3,"damage_taken":0},{"event_name":"The Woman in Blue","player_choice":"Bought 1 Potion","floor":5,"damage_taken":0},{"event_name":"Purifier","player_choice":"One Purge","floor":20,"damage_taken":0},{"event_name":"The Library","player_choice":"Read","floor":21,"damage_taken":0},{"event_name":"The Mausoleum","player_choice":"Yes","floor":29,"damage_taken":0},{"event_name":"Mysterious Sphere","player_choice":"Ignore","floor":36,"damage_taken":0},{"event_name":"Winding Halls","player_choice":"Embrace Madness","floor":38,"damage_taken":0}],"boss_relics":[{"not_picked":["White Beast Statue","Calling Bell"],"picked":"Runic Pyramid"},{"not_picked":["Lizard Tail","Question Card"],"picked":"Astrolabe"}],"potions_floor_spawned":[1,2,14,16,24,30,45],"seed_played":"7589411063940108160","ascension_level":0,"is_trial":false}