{"gold_per_floor":[118,134,134,99,99,99,125,138,138,138,155,175,195,226,226,322,322,342,360,360,377,394,394,78,78,78,78,98,47,61,77,77,175,175,191,209,222,21,70,70,82,99,152,152],"floor_reached":44,"playtime":3028,"items_purged":[],"score":619,"play_id":"54f6c6ef-a870-4f1d-af8a-cd8c3b427f2b","local_time":"20190320005020","is_ascension_mode":true,"campfire_choices":[{"data":"Dualcast","floor":6.0,"key":"SMITH"},{"floor":10.0,"key":"REST"},{"floor":15.0,"key":"REST"},{"floor":23.0,"key":"REST"},{"floor":32.0,"key":"REST"},{"floor":40,"key":"REST"}],"neow_cost":"NONE","seed_source_timestamp":367232763809600,"circlet_count":0,"master_deck":["Strike_B+1","Strike_B+1","Defend_B","Defend_B","Defend_B","Zap+1","Dualcast+1","Genetic Algorithm","Loop+1","FTL","Sweeping Beam","Hologram","Defragment","Undo","Thunder Strike","Rip and Tear+1","Sweeping Beam+1","Leap","Mayhem","Genetic Algorithm","Self Repair","Cold Snap+1","Amplify","Darkness+1","Compile Driver+1","Static Discharge+1","Ball Lightning","Reinforced Body+1","Conserve Battery+1","Steam+1","FTL","Auto Shields+1"],"special_seed":0,"relics":["Cracked Core","Singing Bowl","Whetstone","Lantern","Lizard Tail","Bag of Preparation","Juzu Bracelet","MutagenicStrength","Astrolabe","Orichalcum","Prayer Wheel","Vajra"],"potions_floor_usage":[39,39,41,44],"damage_taken":[{"damage":7.0,"enemies":"Small Slimes","floor":1.0,"turns":3.0},{"damage":0.0,"enemies":"2 Louse","floor":2.0,"turns":2.0},{"damage":37.0,"enemies":"3 Sentries","floor":7.0,"turns":8.0},{"damage":0.0,"enemies":"Cultist","floor":8.0,"turns":3.0},{"damage":0.0,"enemies":"2 Fungi Beasts","floor":11.0,"turns":2.0},{"damage":6.0,"enemies":"Exordium Wildlife","floor":12.0,"turns":3.0},{"damage":0.0,"enemies":"Lots of Slimes","floor":13.0,"turns":3.0},{"damage":12.0,"enemies":"Lagavulin","floor":14.0,"turns":4.0},{"damage":0.0,"enemies":"Slime Boss","floor":16.0,"turns":8.0},{"damage":24.0,"enemies":"Shell Parasite","floor":18.0,"turns":4.0},{"damage":4.0,"enemies":"Chosen","floor":19.0,"turns":3.0},{"damage":4.0,"enemies":"Snake Plant","floor":21.0,"turns":4.0},{"damage":29.0,"enemies":"Centurion and Healer","floor":22.0,"turns":7.0},{"damage":0.0,"enemies":"Chosen and Byrds","floor":28.0,"turns":5.0},{"damage":19.0,"enemies":"Snake Plant","floor":30.0,"turns":4.0},{"damage":0.0,"enemies":"Snecko","floor":31.0,"turns":4.0},{"damage":80.0,"enemies":"Collector","floor":33.0,"turns":13.0},{"damage":22.0,"enemies":"3 Darklings","floor":35.0,"turns":8.0},{"damage":1.0,"enemies":"Orb Walker","floor":36.0,"turns":3.0},{"damage":57,"enemies":"Writhing Mass","floor":37,"turns":8},{"damage":19,"enemies":"2 Orb Walkers","floor":39,"turns":5},{"damage":12,"enemies":"Sphere and 2 Shapes","floor":41,"turns":4},{"damage":16,"enemies":"Maw","floor":42,"turns":9},{"damage":16,"enemies":"Spire Growth","floor":44,"turns":5}],"seed_played":"4040234760264085354","potions_obtained":[{"floor":7.0,"key":"Fire Potion"},{"floor":11.0,"key":"FearPotion"},{"floor":12.0,"key":"AttackPotion"},{"floor":14.0,"key":"FocusPotion"},{"floor":16.0,"key":"PowerPotion"},{"floor":19.0,"key":"PowerPotion"},{"floor":21.0,"key":"Energy Potion"},{"floor":33.0,"key":"Strength Potion"},{"floor":36.0,"key":"Strength Potion"},{"floor":39,"key":"Fire Potion"}],"is_trial":false,"path_per_floor":["M","M","$","?","?","R","E","M","T","R","M","M","M","E","R","B",null,"M","M","?","M","M","R","$","?","T","?","M","$","M","M","R","B",null,"M","M","M","$","?","R","M","M","T","M"],"character_chosen":"DEFECT","items_purchased":["Mayhem","Bag of Preparation","Explosive Potion","Orichalcum","Fire Potion"],"campfire_rested":5,"item_purchase_floors":[24,24,29,38,38],"current_hp_per_floor":[61,61,61,75,75,75,38,38,38,60,60,56,56,44,67,67,75,51,47,47,43,16,39,39,39,39,39,39,39,27,36,60,47,73,60,73,30,30,11,35,25,9,9,0],"gold":152,"neow_bonus":"UPGRADE_CARD","is_prod":false,"is_daily":false,"chose_seed":false,"campfire_upgraded":1,"win_rate":0,"timestamp":1553039420,"path_taken":["M","M","$","?","?","R","E","M","T","R","M","?","M","E","R","BOSS","M","M","?","M","M","R","$","?","T","?","M","$","M","M","R","BOSS","M","M","M","$","?","R","M","M","T","M"],"build_version":"2019-01-23","purchased_purges":0,"victory":false,"max_hp_per_floor":[75,75,75,75,75,75,75,75,75,75,75,77,77,77,77,77,77,77,77,77,77,79,79,79,79,79,79,79,79,79,81,81,81,81,83,83,83,83,83,83,85,85,85,85],"card_choices":[{"not_picked":["Coolheaded","Go for the Eyes"],"picked":"Genetic Algorithm","floor":1.0},{"not_picked":["Barrage","Redo"],"picked":"Loop","floor":2.0},{"not_picked":["Genetic Algorithm","Turbo"],"picked":"FTL","floor":7.0},{"not_picked":["Coolheaded","Chaos"],"picked":"Sweeping Beam","floor":8.0},{"not_picked":["Sweeping Beam","Multi-Cast"],"picked":"Hologram","floor":11.0},{"not_picked":["Doom and Gloom","Double Energy","Rebound"],"picked":"Singing Bowl","floor":12.0},{"not_picked":["Compile Driver","Conserve Battery"],"picked":"Defragment","floor":13.0},{"not_picked":["Gash","Hologram"],"picked":"Undo","floor":14.0},{"not_picked":["Machine Learning","Reboot"],"picked":"Thunder Strike","floor":16.0},{"not_picked":["Coolheaded+1","Sunder"],"picked":"Rip and Tear+1","floor":18.0},{"not_picked":["Redo","Go for the Eyes"],"picked":"Sweeping Beam+1","floor":19.0},{"not_picked":["Self Repair","Tempest"],"picked":"Leap","floor":21.0},{"not_picked":["Hologram","Skim","Loop"],"picked":"Singing Bowl","floor":22.0},{"not_picked":["Leap","Undo"],"picked":"Self Repair","floor":28.0},{"not_picked":["Rebound","Streamline"],"picked":"Cold Snap+1","floor":30.0},{"not_picked":["Coolheaded+1","Rainbow","Recycle+1"],"picked":"Singing Bowl","floor":31.0},{"not_picked":["Hyperbeam","Meteor Strike"],"picked":"Amplify","floor":33.0},{"not_picked":["Barrage","Hello World","Hologram"],"picked":"Singing Bowl","floor":35.0},{"not_picked":["Coolheaded","Storm"],"picked":"Ball Lightning","floor":36.0},{"not_picked":["Sweeping Beam","Compile Driver"],"picked":"Reinforced Body+1","floor":37},{"not_picked":["Melter","Ball Lightning"],"picked":"Conserve Battery+1","floor":39},{"not_picked":["Self Repair+1","Redo+1"],"picked":"Steam+1","floor":41},{"not_picked":["Steam+1","Fusion","Redo"],"picked":"Singing Bowl","floor":41},{"not_picked":["Buffer","Fusion+1"],"picked":"FTL","floor":42},{"not_picked":["Reinforced Body","Sweeping Beam+1"],"picked":"Auto Shields+1","floor":42}],"player_experience":575932,"relics_obtained":[{"floor":7.0,"key":"Singing Bowl"},{"floor":9.0,"key":"Whetstone"},{"floor":14.0,"key":"Lantern"},{"floor":26.0,"key":"Juzu Bracelet"},{"floor":39,"key":"Prayer Wheel"},{"floor":43,"key":"Vajra"}],"event_choices":[{"damage_healed":18.0,"max_hp_gain":0.0,"max_hp_loss":0.0,"gold_gain":0.0,"event_name":"The Cleric","player_choice":"Healed","floor":4.0,"gold_loss":35.0,"damage_taken":0.0},{"damage_healed":0.0,"max_hp_gain":0.0,"max_hp_loss":0.0,"gold_gain":0.0,"event_name":"Accursed Blacksmith","player_choice":"Forge","floor":5.0,"gold_loss":0.0,"damage_taken":0.0,"cards_upgraded":["Loop"]},{"damage_healed":0.0,"max_hp_gain":0.0,"max_hp_loss":0.0,"gold_gain":0.0,"event_name":"Beggar","player_choice":"Ignored","floor":20.0,"gold_loss":0.0,"damage_taken":0.0},{"damage_healed":0.0,"max_hp_gain":0.0,"max_hp_loss":0.0,"gold_gain":0.0,"event_name":"Duplicator","player_choice":"Copied","floor":25.0,"gold_loss":0.0,"damage_taken":0.0,"cards_obtained":["Genetic Algorithm"]},{"damage_healed":0.0,"max_hp_gain":0.0,"max_hp_loss":0.0,"gold_gain":0.0,"event_name":"Drug Dealer","player_choice":"Inject Mutagens","floor":27.0,"gold_loss":0.0,"damage_taken":0.0,"relics_obtained":["MutagenicStrength"]},{"damage_healed":0,"gold_gain":0,"player_choice":"Fight","damage_taken":0,"max_hp_gain":0,"max_hp_loss":0,"event_name":"Mysterious Sphere","floor":39,"gold_loss":0}],"is_beta":false,"boss_relics":[{"not_picked":["Busted Crown","Empty Cage"],"picked":"Lizard Tail"},{"not_picked":["Black Star","Calling Bell"],"picked":"Astrolabe"}],"items_purged_floors":[],"is_endless":false,"potions_floor_spawned":[7,11,12,14,16,19,21,33,36,39],"killed_by":"Spire Growth","ascension_level":6}