{"gold_per_floor":[118,0,16,32,46,79,79,91,118,135,163,163,163,163,163,266,266,283,294,310,225,237,265,282,282,330,349,349],"floor_reached":28,"playtime":1232,"items_purged":[],"score":355,"play_id":"886f14ec-c602-44b9-8e25-926e3244e13a","local_time":"20190320000714","is_ascension_mode":true,"campfire_choices":[{"data":"Iron Wave","floor":7,"key":"SMITH"},{"data":"Iron Wave","floor":13,"key":"SMITH"},{"data":"Carnage","floor":15,"key":"SMITH"},{"floor":25,"key":"REST"}],"neow_cost":"NONE","seed_source_timestamp":889542652096610,"circlet_count":0,"master_deck":["Strike_R","Strike_R+1","Strike_R+1","Strike_R","Defend_R","Defend_R","Defend_R","Defend_R","Bash","Iron Wave+1","Ghostly Armor","Carnage+1","Iron Wave+1","Reaper","Ghostly Armor","Fiend Fire","Feed","Seeing Red+1"],"relics":["Burning Blood","Whetstone","Oddly Smooth Stone","Dream Catcher","Lizard Tail","Smiling Mask","Toxic Egg 2","Omamori"],"potions_floor_usage":[16,23,23,23,23,23,24,28],"damage_taken":[{"damage":9,"enemies":"2 Louse","floor":1,"turns":3},{"damage":7,"enemies":"Jaw Worm","floor":3,"turns":3},{"damage":0,"enemies":"Small Slimes","floor":4,"turns":3},{"damage":12,"enemies":"Exordium Thugs","floor":5,"turns":4},{"damage":20,"enemies":"3 Sentries","floor":6,"turns":11},{"damage":1,"enemies":"3 Louse","floor":8,"turns":4},{"damage":18,"enemies":"Large Slime","floor":10,"turns":6},{"damage":11,"enemies":"Gremlin Nob","floor":11,"turns":5},{"damage":52,"enemies":"Hexaghost","floor":16,"turns":14},{"damage":13,"enemies":"3 Byrds","floor":18,"turns":9},{"damage":22,"enemies":"Spheric Guardian","floor":19,"turns":4},{"damage":11,"enemies":"Snecko","floor":20,"turns":5},{"damage":62,"enemies":"3 Cultists","floor":22,"turns":8},{"damage":25,"enemies":"Book of Stabbing","floor":23,"turns":5},{"damage":69,"enemies":"Cultist and Chosen","floor":24,"turns":11},{"damage":22,"enemies":"Snake Plant","floor":27,"turns":5},{"damage":60,"enemies":"Gremlin Leader","floor":28,"turns":5}],"seed_played":"-2139028566657244477","potions_obtained":[{"floor":5,"key":"Energy Potion"},{"floor":6,"key":"EntropicBrew"},{"floor":10,"key":"Fire Potion"},{"floor":19,"key":"FearPotion"},{"floor":23,"key":"EssenceOfSteel"},{"floor":24,"key":"AttackPotion"}],"is_trial":false,"path_per_floor":["M","$","M","M","M","E","R","M","T","M","E","?","R","?","R","B",null,"M","M","M","?","M","E","M","R","T","M","E"],"character_chosen":"IRONCLAD","items_purchased":["Ghostly Armor","Carnage"],"campfire_rested":1,"item_purchase_floors":[2,2],"current_hp_per_floor":[77,77,76,82,76,70,70,75,75,71,66,66,66,59,59,17,70,69,53,48,48,7,18,18,46,46,37,0],"gold":349,"neow_bonus":"TEN_PERCENT_HP_BONUS","is_prod":false,"is_daily":false,"chose_seed":false,"campfire_upgraded":3,"win_rate":0,"timestamp":1553054834,"path_taken":["M","$","M","M","M","E","R","M","T","M","E","?","R","?","R","BOSS","M","M","M","?","M","E","M","R","T","M","E"],"build_version":"2019-01-23","purchased_purges":0,"victory":false,"max_hp_per_floor":[88,88,88,88,88,88,88,88,88,88,88,88,88,88,88,88,88,88,88,88,88,91,94,94,94,94,97,97],"card_choices":[{"not_picked":["Thunderclap","Pommel Strike"],"picked":"Iron Wave","floor":1},{"not_picked":["Perfected Strike","Body Slam"],"picked":"Iron Wave","floor":3},{"not_picked":["Wild Strike","Searing Blow","Sword Boomerang"],"picked":"SKIP","floor":4},{"not_picked":["Wild Strike","Clothesline"],"picked":"Reaper","floor":5},{"not_picked":["Sever Soul","Headbutt","Clash"],"picked":"SKIP","floor":6},{"not_picked":["Twin Strike","Rupture"],"picked":"Ghostly Armor","floor":8},{"not_picked":["Headbutt","Perfected Strike","Warcry"],"picked":"SKIP","floor":10},{"not_picked":["Twin Strike","Wild Strike"],"picked":"Fiend Fire","floor":11},{"not_picked":["Fiend Fire","Impervious"],"picked":"Feed","floor":16},{"not_picked":["Cleave","Iron Wave","Second Wind"],"picked":"SKIP","floor":18},{"not_picked":["Entrench","Burning Pact+1","Sword Boomerang"],"picked":"SKIP","floor":19},{"not_picked":["Cleave","Sword Boomerang","Flex"],"picked":"SKIP","floor":20},{"not_picked":["Carnage","True Grit","Sword Boomerang+1"],"picked":"SKIP","floor":22},{"not_picked":["Havoc","Reckless Charge+1","Hemokinesis"],"picked":"SKIP","floor":23},{"not_picked":["Brutality","Heavy Blade","Headbutt"],"picked":"SKIP","floor":24},{"not_picked":["Pummel","Perfected Strike+1"],"picked":"Seeing Red+1","floor":27}],"player_experience":313623,"relics_obtained":[{"floor":6,"key":"Whetstone"},{"floor":9,"key":"Oddly Smooth Stone"},{"floor":11,"key":"Dream Catcher"},{"floor":23,"key":"Toxic Egg 2"},{"floor":26,"key":"Omamori"}],"event_choices":[{"damage_healed":0,"gold_gain":0,"player_choice":"Ignored","damage_taken":0,"max_hp_gain":0,"max_hp_loss":0,"event_name":"Liars Game","floor":12,"gold_loss":0},{"cards_removed":["Strike_R"],"damage_healed":0,"gold_gain":0,"player_choice":"Card Removal","damage_taken":7,"max_hp_gain":0,"max_hp_loss":0,"event_name":"Golden Wing","floor":14,"gold_loss":0},{"damage_healed":0,"gold_gain":0,"player_choice":"Obtained Relic","damage_taken":0,"relics_obtained":["Smiling Mask"],"max_hp_gain":0,"max_hp_loss":0,"event_name":"Addict","floor":21,"gold_loss":85}],"is_beta":false,"boss_relics":[{"not_picked":["Empty Cage","Runic Cube"],"picked":"Lizard Tail"}],"items_purged_floors":[],"is_endless":false,"potions_floor_spawned":[5,6,10,19,23,24],"killed_by":"Gremlin Leader","ascension_level":6}