{"gold_per_floor":[117,117,135,150,164,164,5,40,66,85,113,126,126,146,146,223,223,223,223,0,0,0,0,0,0,0,0,0,0,0,0,0,0,0,0,0,0,0,0,0,0,0,0,0,0,0,0,0,0,0,0],"floor_reached":52,"playtime":1872,"items_purged":["Strike_R"],"score":1772,"play_id":"d763872f-7150-4f6f-ae1c-49ffc941612b","local_time":"20190126213242","is_ascension_mode":true,"campfire_choices":[{"data":"Combust","floor":6.0,"key":"SMITH"},{"data":"Shockwave","floor":13.0,"key":"SMITH"},{"data":"Brutality","floor":15.0,"key":"SMITH"},{"data":"Uppercut","floor":23.0,"key":"SMITH"},{"data":"Whirlwind","floor":25.0,"key":"SMITH"},{"data":"Disarm","floor":28.0,"key":"SMITH"},{"data":"Heavy Blade","floor":32.0,"key":"SMITH"},{"data":"Inflame","floor":40.0,"key":"SMITH"},{"data":"Limit Break","floor":42.0,"key":"SMITH"},{"data":"Dual Wield","floor":47.0,"key":"SMITH"},{"data":"Impervious","floor":49.0,"key":"SMITH"}],"neow_cost":"NONE","seed_source_timestamp":5602914459682,"circlet_count":0,"master_deck":["AscendersBane","Bash","Brutality+1","Rupture","Uppercut+1","Power Through","Whirlwind+1","Shockwave+1","Ghostly Armor","Pummel","Reaper","Necronomicurse","Shrug It Off","Disarm+1","Flame Barrier","Heavy Blade+1","Limit Break+1","Inflame+1","Cleave","Rampage","Impervious+1","Ghostly Armor","Dual Wield+1","Infernal Blade","Headbutt+1","Flex"],"special_seed":0,"relics":["Burning Blood","Strawberry","Ancient Tea Set","Art of War","Ectoplasm","Necronomicon","Blood Vial","Bottled Flame","Bottled Lightning","Pandora\u0027s Box","Anchor"],"potions_floor_usage":[51,51],"damage_taken":[{"damage":1.0,"enemies":"2 Louse","floor":1.0,"turns":3.0},{"damage":8.0,"enemies":"Cultist","floor":3.0,"turns":4.0},{"damage":8.0,"enemies":"Jaw Worm","floor":4.0,"turns":4.0},{"damage":16.0,"enemies":"Red Slaver","floor":5.0,"turns":4.0},{"damage":16.0,"enemies":"Lagavulin","floor":8.0,"turns":7.0},{"damage":1.0,"enemies":"3 Louse","floor":10.0,"turns":2.0},{"damage":19.0,"enemies":"3 Sentries","floor":11.0,"turns":4.0},{"damage":14.0,"enemies":"2 Fungi Beasts","floor":12.0,"turns":4.0},{"damage":9.0,"enemies":"Large Slime","floor":14.0,"turns":6.0},{"damage":41.0,"enemies":"Hexaghost","floor":16.0,"turns":9.0},{"damage":2.0,"enemies":"3 Byrds","floor":18.0,"turns":4.0},{"damage":47.0,"enemies":"Book of Stabbing","floor":24.0,"turns":5.0},{"damage":0.0,"enemies":"2 Thieves","floor":27.0,"turns":1.0},{"damage":0.0,"enemies":"Centurion and Healer","floor":29.0,"turns":1.0},{"damage":3.0,"enemies":"Chosen and Byrds","floor":30.0,"turns":4.0},{"damage":0.0,"enemies":"Snake Plant","floor":31.0,"turns":4.0},{"damage":36.0,"enemies":"Champ","floor":33.0,"turns":8.0},{"damage":6.0,"enemies":"Orb Walker","floor":35.0,"turns":3.0},{"damage":0.0,"enemies":"3 Darklings","floor":37.0,"turns":1.0},{"damage":29.0,"enemies":"Writhing Mass","floor":38.0,"turns":6.0},{"damage":18.0,"enemies":"4 Shapes","floor":44.0,"turns":1.0},{"damage":16.0,"enemies":"Transient","floor":45.0,"turns":6.0},{"damage":0.0,"enemies":"3 Darklings","floor":48.0,"turns":1.0},{"damage":69.0,"enemies":"Awakened One","floor":50.0,"turns":11.0},{"damage":57,"enemies":"Donu and Deca","floor":51,"turns":7}],"seed_played":"7180272007058022956","potions_obtained":[{"floor":1.0,"key":"Fruit Juice"},{"floor":4.0,"key":"Explosive Potion"},{"floor":10.0,"key":"Strength Potion"},{"floor":12.0,"key":"SpeedPotion"},{"floor":16.0,"key":"GamblersBrew"},{"floor":33.0,"key":"Strength Potion"}],"is_trial":false,"path_per_floor":["M","?","M","M","M","R","$","E","T","M","E","M","R","M","R","B",null,"M","?","$","?","$","R","E","R","T","M","R","M","M","M","R","B",null,"M","?","M","M","?","R","?","R","T","M","M","$","R","M","R","B","B",null],"character_chosen":"IRONCLAD","items_purchased":["Whirlwind","Blood Vial","Shrug It Off"],"campfire_rested":0,"item_purchase_floors":[7,20,20],"current_hp_per_floor":[73,73,71,69,59,59,59,56,56,66,53,45,45,42,42,7,67,83,62,62,62,62,62,47,47,47,55,55,63,86,87,87,75,84,86,86,87,64,64,64,64,64,64,54,87,87,87,87,87,62,13],"gold":0,"neow_bonus":"ONE_RANDOM_RARE_CARD","is_prod":false,"is_daily":false,"chose_seed":false,"campfire_upgraded":11,"win_rate":0,"timestamp":1548556362,"path_taken":["M","?","M","M","?","R","$","E","T","M","E","M","R","M","R","BOSS","M","?","$","?","$","R","E","R","T","M","R","?","M","M","R","BOSS","M","?","M","M","?","R","?","R","T","?","M","$","R","M","R","BOSS","BOSS"],"build_version":"2019-01-23","purchased_purges":1,"victory":true,"max_hp_per_floor":[75,75,75,75,75,75,75,82,82,87,87,87,87,87,87,87,87,87,87,87,87,87,87,87,87,87,87,87,87,87,87,87,87,87,87,87,87,87,87,87,87,87,87,87,87,87,87,87,87,87,87],"card_choices":[{"not_picked":["Shockwave","Thunderclap"],"picked":"Rupture","floor":1.0},{"not_picked":["Wild Strike","Perfected Strike"],"picked":"Uppercut","floor":3.0},{"not_picked":["Dual Wield","Reckless Charge"],"picked":"Combust","floor":4.0},{"not_picked":["Rage","Searing Blow"],"picked":"Power Through","floor":5.0},{"not_picked":["Power Through","Twin Strike","Searing Blow"],"picked":"SKIP","floor":8.0},{"not_picked":["Headbutt","Intimidate","Warcry"],"picked":"SKIP","floor":10.0},{"not_picked":["Sever Soul","Combust"],"picked":"Shockwave","floor":11.0},{"not_picked":["Power Through","Searing Blow"],"picked":"Ghostly Armor","floor":12.0},{"not_picked":["Heavy Blade","Pommel Strike"],"picked":"Pummel","floor":14.0},{"not_picked":["Immolate","Fiend Fire"],"picked":"Reaper","floor":16.0},{"not_picked":["Rage+1","Sentinel","Sever Soul+1"],"picked":"SKIP","floor":18.0},{"not_picked":["Seeing Red","Whirlwind"],"picked":"Disarm","floor":24.0},{"not_picked":["Thunderclap","Blood for Blood","Entrench"],"picked":"SKIP","floor":27.0},{"not_picked":["Thunderclap","Sword Boomerang"],"picked":"Flame Barrier","floor":29.0},{"not_picked":["Iron Wave","Fire Breathing","Corruption"],"picked":"SKIP","floor":30.0},{"not_picked":["Clash+1","Wild Strike","Heavy Blade"],"picked":"SKIP","floor":31.0},{"not_picked":["Clash+1","Wild Strike","Heavy Blade"],"picked":"SKIP","floor":31.0},{"not_picked":["Clash+1","Wild Strike"],"picked":"Heavy Blade","floor":31.0},{"not_picked":["Berserk","Juggernaut"],"picked":"Limit Break","floor":33.0},{"not_picked":["Bloodletting","Wild Strike+1","Body Slam"],"picked":"SKIP","floor":35.0},{"not_picked":["Body Slam","Shockwave","Seeing Red"],"picked":"SKIP","floor":37.0},{"not_picked":["Feel No Pain","Flame Barrier"],"picked":"Headbutt+1","floor":38.0},{"not_picked":["Intimidate","Clothesline+1","Sever Soul+1"],"picked":"SKIP","floor":44.0},{"not_picked":["Whirlwind","Flex","Wild Strike+1"],"picked":"SKIP","floor":45.0},{"not_picked":["Thunderclap","Iron Wave","Combust+1"],"picked":"SKIP","floor":48.0}],"player_experience":846518,"relics_obtained":[{"floor":8.0,"key":"Strawberry"},{"floor":9.0,"key":"Ancient Tea Set"},{"floor":11.0,"key":"Art of War"},{"floor":19.0,"key":"Necronomicon"},{"floor":24.0,"key":"Bottled Flame"},{"floor":26.0,"key":"Bottled Lightning"},{"floor":43.0,"key":"Anchor"}],"event_choices":[{"damage_healed":0.0,"max_hp_gain":0.0,"max_hp_loss":0.0,"gold_gain":0.0,"event_name":"Match and Keep!","player_choice":"0 cards matched","floor":2.0,"gold_loss":0.0,"damage_taken":0.0,"cards_obtained":[]},{"damage_healed":0.0,"max_hp_gain":0.0,"max_hp_loss":0.0,"gold_gain":0.0,"event_name":"Cursed Tome","player_choice":"Obtained Book","floor":19.0,"gold_loss":0.0,"damage_taken":21.0},{"damage_healed":0.0,"max_hp_gain":0.0,"max_hp_loss":0.0,"gold_gain":0.0,"event_name":"N\u0027loth","player_choice":"Ignored","floor":21.0,"gold_loss":0.0,"damage_taken":0.0},{"damage_healed":0.0,"max_hp_gain":0.0,"max_hp_loss":0.0,"gold_gain":0.0,"event_name":"Mysterious Sphere","player_choice":"Ignored","floor":36.0,"gold_loss":0.0,"damage_taken":0.0},{"cards_removed":["Combust"],"damage_healed":0.0,"max_hp_gain":0.0,"max_hp_loss":0.0,"gold_gain":0.0,"event_name":"Falling","player_choice":"Removed Power","floor":39.0,"gold_loss":0.0,"damage_taken":0.0},{"damage_healed":0.0,"max_hp_gain":0.0,"max_hp_loss":0.0,"gold_gain":0.0,"cards_transformed":["Berserk"],"event_name":"Transmorgrifier","player_choice":"Transformed","floor":41.0,"gold_loss":0.0,"damage_taken":0.0,"cards_obtained":["Flex"]}],"is_beta":true,"boss_relics":[{"not_picked":["Busted Crown","Black Blood"],"picked":"Ectoplasm"},{"not_picked":["Black Star","Lizard Tail"],"picked":"Pandora\u0027s Box"}],"items_purged_floors":[7],"is_endless":false,"potions_floor_spawned":[1,4,10,12,16,27,30,33,37,44,48],"ascension_level":20}