{"gold_per_floor":[109,125,125,144,144,144,178,178,178,195,195,226,239,239,239,341,341,325,336,83,93,15,15,48,60,72,84,112,124,155,184,196,306,318,347,376,114,0,100,100,118,118,142,153,166,166,166,17,17,17],"floor_reached":50,"playtime":3440,"items_purged":[],"score":646,"play_id":"7d5408ab-da62-4d06-bb51-b6f209367ce9","local_time":"20190320185853","is_ascension_mode":true,"campfire_choices":[{"data":"Ball Lightning","floor":6,"key":"SMITH"},{"data":"Dualcast","floor":8,"key":"SMITH"},{"data":"Go for the Eyes","floor":11,"key":"SMITH"},{"data":"Conserve Battery","floor":15,"key":"SMITH"},{"floor":23,"key":"REST"},{"data":"Streamline","floor":27,"key":"SMITH"},{"data":"Stack","floor":29,"key":"SMITH"},{"data":"Hologram","floor":32,"key":"SMITH"},{"data":"Core Surge","floor":40,"key":"SMITH"},{"data":"All For One","floor":42,"key":"SMITH"},{"floor":49,"key":"REST"}],"neow_cost":"NONE","seed_source_timestamp":432445467569600,"circlet_count":0,"master_deck":["Strike_B","Strike_B","Strike_B","Defend_B","Defend_B","Defend_B","Defend_B","Zap+1","Dualcast+1","Leap+1","Ball Lightning+1","Go for the Eyes+1","Hologram+1","Chill","Conserve Battery+1","All For One+1","Sunder","White Noise+1","Stack+1","Streamline+1","Conserve Battery+1","Sunder+1","Core Surge+1","White Noise+1","Blizzard+1","Coolheaded+1","Undo+1","Machine Learning","Redo+1"],"relics":["Cracked Core","WarpedTongs","Incense Burner","Bird Faced Urn","Bottled Flame","Empty Cage","Letter Opener","MawBank","Ancient Tea Set","Eternal Feather","Juzu Bracelet","Red Mask","Peace Pipe","DataDisk","Bronze Scales"],"potions_floor_usage":[4,18,24,24,33,33,33,50,50,50],"damage_taken":[{"damage":5,"enemies":"2 Louse","floor":1,"turns":2},{"damage":0,"enemies":"Cultist","floor":2,"turns":3},{"damage":0,"enemies":"Small Slimes","floor":4,"turns":2},{"damage":18,"enemies":"3 Sentries","floor":7,"turns":6},{"damage":4,"enemies":"Gremlin Gang","floor":10,"turns":4},{"damage":4,"enemies":"Lagavulin","floor":12,"turns":4},{"damage":9,"enemies":"Exordium Thugs","floor":13,"turns":5},{"damage":22,"enemies":"Hexaghost","floor":16,"turns":14},{"damage":0,"enemies":"2 Thieves","floor":18,"turns":4},{"damage":0,"enemies":"3 Byrds","floor":19,"turns":5},{"damage":17,"enemies":"Cultist and Chosen","floor":21,"turns":6},{"damage":11,"enemies":"Book of Stabbing","floor":24,"turns":5},{"damage":0,"enemies":"Shelled Parasite and Fungi","floor":28,"turns":6},{"damage":8,"enemies":"3 Cultists","floor":30,"turns":6},{"damage":3,"enemies":"Snecko","floor":31,"turns":4},{"damage":53,"enemies":"Champ","floor":33,"turns":13},{"damage":11,"enemies":"3 Darklings","floor":35,"turns":8},{"damage":0,"enemies":"3 Shapes","floor":36,"turns":5},{"damage":7,"enemies":"Mind Bloom Boss Battle","floor":39,"turns":6},{"damage":1,"enemies":"Jaw Worm Horde","floor":41,"turns":5},{"damage":32,"enemies":"Maw","floor":44,"turns":10},{"damage":17,"enemies":"3 Darklings","floor":45,"turns":4},{"damage":77,"enemies":"Donu and Deca","floor":50,"turns":11}],"seed_played":"-2716911363467878607","potions_obtained":[{"floor":2,"key":"Explosive Potion"},{"floor":10,"key":"LiquidBronze"},{"floor":16,"key":"SpeedPotion"},{"floor":21,"key":"Strength Potion"},{"floor":24,"key":"Poison Potion"},{"floor":28,"key":"AttackPotion"},{"floor":31,"key":"FearPotion"},{"floor":35,"key":"Ancient Potion"}],"is_trial":false,"path_per_floor":["M","M","?","M","?","R","E","R","T","M","R","E","M","?","R","B",null,"M","M","$","M","$","R","E","?","T","R","M","R","M","M","R","B",null,"M","M","$","?","?","R","M","R","T","M","M","?","?","$","R","B"],"character_chosen":"DEFECT","items_purchased":["Letter Opener","FocusPotion","Juzu Bracelet","Dexterity Potion","LiquidBronze","Bronze Scales"],"campfire_rested":2,"item_purchase_floors":[20,22,37,37,37,48],"current_hp_per_floor":[63,63,63,63,63,63,45,45,45,41,41,37,28,28,28,6,58,58,58,58,43,43,65,56,75,75,75,75,75,67,64,64,13,60,51,55,55,55,52,67,70,75,75,45,34,34,34,34,70,0],"gold":17,"neow_bonus":"UPGRADE_CARD","is_prod":false,"is_daily":false,"chose_seed":false,"campfire_upgraded":9,"win_rate":0,"timestamp":1553104733,"path_taken":["M","M","?","M","?","R","E","R","T","M","R","E","?","?","R","BOSS","M","?","$","M","$","R","E","?","T","R","M","R","M","M","R","BOSS","M","M","$","?","?","R","M","R","T","M","M","?","?","$","R","BOSS"],"build_version":"2019-01-23","purchased_purges":0,"victory":false,"max_hp_per_floor":[75,75,75,75,75,75,75,75,75,75,75,75,75,75,75,75,75,75,75,75,75,75,75,75,75,75,75,75,75,75,75,75,75,75,75,75,75,75,75,75,75,75,75,75,75,75,71,71,71,71],"card_choices":[{"not_picked":["Consume","Hologram"],"picked":"Cold Snap","floor":1},{"not_picked":["Recycle","Aggregate"],"picked":"Leap","floor":2},{"not_picked":["Sweeping Beam","Cold Snap"],"picked":"Ball Lightning","floor":4},{"not_picked":["Hyperbeam","Heatsinks"],"picked":"Go for the Eyes","floor":7},{"not_picked":["Compile Driver","Genetic Algorithm"],"picked":"Hologram","floor":10},{"not_picked":["Buffer","Coolheaded"],"picked":"Chill","floor":12},{"not_picked":["Hologram","Barrage"],"picked":"Conserve Battery","floor":13},{"not_picked":["Hyperbeam","Machine Learning"],"picked":"All For One","floor":16},{"not_picked":["Hologram","Heatsinks"],"picked":"Sunder","floor":18},{"not_picked":["Beam Cell","Barrage+1"],"picked":"White Noise+1","floor":19},{"not_picked":["Turbo+1","Sweeping Beam"],"picked":"Stack","floor":21},{"not_picked":["Heatsinks","Melter"],"picked":"Streamline","floor":24},{"not_picked":["Hello World","Barrage"],"picked":"Conserve Battery+1","floor":28},{"not_picked":["Genetic Algorithm","Stack"],"picked":"Sunder+1","floor":30},{"not_picked":["Storm","Go for the Eyes","Gash"],"picked":"SKIP","floor":31},{"not_picked":["Fission","Reboot"],"picked":"Core Surge","floor":33},{"not_picked":["Sweeping Beam","Glacier"],"picked":"White Noise+1","floor":35},{"not_picked":["Melter","Genetic Algorithm+1"],"picked":"Blizzard+1","floor":36},{"not_picked":["Lockon+1","Ball Lightning"],"picked":"Coolheaded+1","floor":39},{"not_picked":["Chaos+1","Conserve Battery+1"],"picked":"Undo+1","floor":41},{"not_picked":["Stack","Undo"],"picked":"Machine Learning","floor":44},{"not_picked":["Conserve Battery+1","Ball Lightning+1"],"picked":"Redo+1","floor":45}],"player_experience":581541,"relics_obtained":[{"floor":7,"key":"Incense Burner"},{"floor":9,"key":"Bird Faced Urn"},{"floor":12,"key":"Bottled Flame"},{"floor":24,"key":"MawBank"},{"floor":26,"key":"Ancient Tea Set"},{"floor":39,"key":"Peace Pipe"},{"floor":43,"key":"DataDisk"}],"event_choices":[{"damage_healed":0,"gold_gain":0,"player_choice":"Grow","damage_taken":0,"max_hp_gain":0,"max_hp_loss":0,"event_name":"Living Wall","floor":3,"gold_loss":0,"cards_upgraded":["Leap"]},{"damage_healed":0,"gold_gain":0,"player_choice":"Rummage","damage_taken":0,"relics_obtained":["WarpedTongs"],"max_hp_gain":0,"max_hp_loss":0,"event_name":"Accursed Blacksmith","floor":5,"gold_loss":0,"cards_obtained":["Pain"]},{"damage_healed":0,"gold_gain":0,"player_choice":"Leave","damage_taken":0,"max_hp_gain":0,"max_hp_loss":0,"event_name":"FaceTrader","floor":14,"gold_loss":0},{"damage_healed":25,"gold_gain":0,"player_choice":"Heal","damage_taken":0,"max_hp_gain":0,"max_hp_loss":0,"event_name":"The Library","floor":25,"gold_loss":0},{"damage_healed":0,"gold_gain":0,"player_choice":"Paid","damage_taken":0,"relics_obtained":["Red Mask"],"max_hp_gain":0,"max_hp_loss":0,"event_name":"Tomb of Lord Red Mask","floor":38,"gold_loss":114},{"damage_healed":0,"gold_gain":0,"player_choice":"Fight","damage_taken":0,"max_hp_gain":0,"max_hp_loss":0,"event_name":"MindBloom","floor":39,"gold_loss":0},{"cards_removed":["Cold Snap"],"damage_healed":0,"gold_gain":0,"player_choice":"Removed Attack","damage_taken":0,"max_hp_gain":0,"max_hp_loss":0,"event_name":"Falling","floor":46,"gold_loss":0},{"damage_healed":0,"gold_gain":0,"player_choice":"Max HP","damage_taken":0,"max_hp_gain":0,"max_hp_loss":4,"event_name":"Winding Halls","floor":47,"gold_loss":0}],"is_beta":false,"boss_relics":[{"not_picked":["Tiny House","Cursed Key"],"picked":"Empty Cage"},{"not_picked":["White Beast Statue","Philosopher\u0027s Stone"],"picked":"Eternal Feather"}],"items_purged_floors":[],"is_endless":false,"potions_floor_spawned":[2,10,16,21,24,28,31,35,39,41,44],"killed_by":"Donu and Deca","ascension_level":6}