{"gold_per_floor":[112,62,62,76,95,120,120,131,131,149,149,164,184,199,199,302,302,318,334,344,354,354,388,402,415,469,469,489,508,536,100,100,205,205,224,224,48,48,63,78,78,78,103,133,51,51,51,66,66,66],"floor_reached":50,"playtime":3313,"items_purged":[],"score":497,"play_id":"a228b3f9-838c-4caa-9d32-429c792369a5","local_time":"20190320031159","is_ascension_mode":false,"campfire_choices":[{"data":"Uppercut","floor":7.0,"key":"SMITH"},{"data":"Body Slam","floor":11.0,"key":"SMITH"},{"data":"Carnage","floor":15.0,"key":"SMITH"},{"floor":27,"key":"REST"},{"floor":32,"key":"REST"},{"floor":46,"key":"REST"},{"floor":49,"key":"REST"}],"neow_cost":"NONE","seed_source_timestamp":0,"circlet_count":0,"master_deck":["Strike_R","Strike_R","Strike_R","Strike_R","Defend_R","Defend_R","Defend_R","Defend_R","Bash","Anger","Heavy Blade","Shrug It Off","Uppercut+1","Body Slam+1","Ghostly Armor","Wild Strike","Carnage+1","Clash","Demon Form","Thunderclap+1","Cleave+1","Rampage","Headbutt+1","RitualDagger","Inflame","Pommel Strike","Armaments","Seeing Red+1","Twin Strike","Cleave+1","Sadistic Nature","Finesse","Whirlwind","Iron Wave","Metallicize","Barricade+1","Body Slam","Blind","Sever Soul","Cleave+1","Armaments","Dramatic Entrance","Parasite","Shrug It Off+1","Trip","Rage"],"special_seed":0,"relics":["Burning Blood","Darkstone Periapt","Bronze Scales","Sundial","Mark of Pain","Pen Nib","Bag of Marbles","Red Mask","Philosopher\u0027s Stone","MawBank"],"potions_floor_usage":[23,24,50,50],"damage_taken":[{"damage":1.0,"enemies":"2 Louse","floor":1.0,"turns":3.0},{"damage":6.0,"enemies":"Jaw Worm","floor":4.0,"turns":3.0},{"damage":6.0,"enemies":"Cultist","floor":5.0,"turns":3.0},{"damage":38.0,"enemies":"3 Sentries","floor":6.0,"turns":10.0},{"damage":10.0,"enemies":"Lots of Slimes","floor":8.0,"turns":4.0},{"damage":7.0,"enemies":"Large Slime","floor":10.0,"turns":5.0},{"damage":6.0,"enemies":"3 Louse","floor":12.0,"turns":3.0},{"damage":10.0,"enemies":"2 Fungi Beasts","floor":13.0,"turns":3.0},{"damage":4.0,"enemies":"Blue Slaver","floor":14.0,"turns":2.0},{"damage":3.0,"enemies":"Slime Boss","floor":16.0,"turns":8.0},{"damage":0.0,"enemies":"Spheric Guardian","floor":18.0,"turns":3.0},{"damage":13.0,"enemies":"2 Thieves","floor":19.0,"turns":5.0},{"damage":25.0,"enemies":"Shelled Parasite and Fungi","floor":20.0,"turns":5.0},{"damage":32.0,"enemies":"3 Cultists","floor":21.0,"turns":6.0},{"damage":23,"enemies":"Gremlin Leader","floor":23,"turns":5},{"damage":20,"enemies":"Centurion and Healer","floor":24,"turns":5},{"damage":0,"enemies":"Snake Plant","floor":25,"turns":2},{"damage":23,"enemies":"Chosen and Byrds","floor":28,"turns":4},{"damage":6,"enemies":"Snecko","floor":29,"turns":3},{"damage":0,"enemies":"Masked Bandits","floor":30,"turns":2},{"damage":52,"enemies":"Automaton","floor":33,"turns":7},{"damage":16,"enemies":"Orb Walker","floor":35,"turns":3},{"damage":13,"enemies":"3 Darklings","floor":39,"turns":5},{"damage":49,"enemies":"Spire Growth","floor":40,"turns":4},{"damage":43,"enemies":"Writhing Mass","floor":44,"turns":6},{"damage":30,"enemies":"Maw","floor":48,"turns":7},{"damage":82,"enemies":"Awakened One","floor":50,"turns":8}],"seed_played":"8201237237233020948","potions_obtained":[{"floor":8.0,"key":"Weak Potion"},{"floor":12.0,"key":"SteroidPotion"},{"floor":13.0,"key":"GamblersBrew"},{"floor":14.0,"key":"BloodPotion"},{"floor":18.0,"key":"Dexterity Potion"},{"floor":28,"key":"FairyPotion"},{"floor":35,"key":"Ancient Potion"},{"floor":40,"key":"SneckoOil"},{"floor":48,"key":"Dexterity Potion"}],"is_trial":false,"path_per_floor":["M","?","T","M","M","E","R","M","T","M","R","M","M","M","R","B",null,"M","M","M","M","?","E","M","M","T","R","M","M","?","$","R","B",null,"M","?","$","?","M","M","?","?","T","M","$","R","$","M","R","B"],"character_chosen":"IRONCLAD","items_purchased":["Sadistic Nature","Finesse","Whirlwind","Iron Wave","Metallicize","Blind","Sever Soul","Trip"],"campfire_rested":4,"item_purchase_floors":[31,31,31,31,31,37,37,45],"current_hp_per_floor":[88,88,88,88,88,56,56,52,52,51,51,51,47,49,49,52,88,88,81,62,44,38,21,7,13,13,39,22,22,28,28,54,8,88,78,78,78,78,71,28,77,77,77,46,46,70,70,46,70,0],"gold":66,"neow_bonus":"TEN_PERCENT_HP_BONUS","is_prod":false,"is_daily":false,"chose_seed":false,"campfire_upgraded":3,"win_rate":0.0,"timestamp":1553069519,"path_taken":["M","?","?","?","M","E","R","M","T","M","R","M","M","M","R","BOSS","M","?","?","M","?","E","M","M","T","R","M","M","?","$","R","BOSS","M","?","$","?","?","M","?","?","T","M","$","R","?","M","R","BOSS"],"build_version":"2019-01-23","purchased_purges":0,"victory":false,"max_hp_per_floor":[88,88,88,88,88,88,88,88,88,88,88,88,88,88,88,88,88,88,88,88,88,88,88,88,88,88,88,88,88,88,88,88,88,88,88,88,88,88,88,88,77,77,77,83,83,83,83,83,83,83],"card_choices":[{"not_picked":["Warcry","Shrug It Off"],"picked":"Anger","floor":1.0},{"not_picked":["Headbutt","Clothesline"],"picked":"Heavy Blade","floor":4.0},{"not_picked":["Feed","True Grit"],"picked":"Shrug It Off","floor":5.0},{"not_picked":["Pummel","Cleave"],"picked":"Uppercut","floor":6.0},{"not_picked":["Sword Boomerang","Wild Strike"],"picked":"Body Slam","floor":8.0},{"not_picked":["Twin Strike","Cleave"],"picked":"Ghostly Armor","floor":10.0},{"not_picked":["Reckless Charge","Shockwave"],"picked":"Wild Strike","floor":12.0},{"not_picked":["Offering","Cleave"],"picked":"Carnage","floor":13.0},{"not_picked":["Warcry","Shrug It Off"],"picked":"Clash","floor":14.0},{"not_picked":["Dark Embrace","Reaper"],"picked":"Demon Form","floor":16.0},{"not_picked":["Headbutt","Body Slam+1"],"picked":"Thunderclap+1","floor":18.0},{"not_picked":["Ghostly Armor","Twin Strike"],"picked":"Cleave+1","floor":19.0},{"not_picked":["Headbutt","Power Through"],"picked":"Rampage","floor":20.0},{"not_picked":["Body Slam","Heavy Blade"],"picked":"Headbutt+1","floor":21.0},{"not_picked":["Combust+1","Entrench"],"picked":"Inflame","floor":23},{"not_picked":["Corruption","Perfected Strike"],"picked":"Pommel Strike","floor":24},{"not_picked":["Iron Wave","Heavy Blade+1"],"picked":"Armaments","floor":25},{"not_picked":["Bloodletting","Bludgeon"],"picked":"Seeing Red+1","floor":28},{"not_picked":["Uppercut+1","Clothesline"],"picked":"Twin Strike","floor":29},{"not_picked":["Wild Strike","Shrug It Off"],"picked":"Cleave+1","floor":30},{"not_picked":["Dark Embrace","Bludgeon"],"picked":"Barricade","floor":33},{"not_picked":["Feel No Pain+1","Perfected Strike"],"picked":"Body Slam","floor":35},{"not_picked":["Metallicize","Perfected Strike"],"picked":"Cleave+1","floor":39},{"not_picked":["Entrench+1","Rampage+1"],"picked":"Armaments","floor":40},{"not_picked":["Flash of Steel","Swift Strike"],"picked":"Dramatic Entrance","floor":42},{"not_picked":["Pommel Strike","Clash+1"],"picked":"Shrug It Off+1","floor":44},{"not_picked":["Rampage","Anger+1"],"picked":"Rage","floor":48}],"player_experience":12312,"relics_obtained":[{"floor":3.0,"key":"Darkstone Periapt"},{"floor":6.0,"key":"Bronze Scales"},{"floor":9.0,"key":"Sundial"},{"floor":23,"key":"Pen Nib"},{"floor":26,"key":"Bag of Marbles"},{"floor":30,"key":"Red Mask"},{"floor":43,"key":"MawBank"}],"event_choices":[{"cards_removed":["Strike_R"],"damage_healed":0.0,"max_hp_gain":0.0,"max_hp_loss":0.0,"gold_gain":0.0,"event_name":"The Cleric","player_choice":"Card Removal","floor":2.0,"gold_loss":50.0,"damage_taken":0.0},{"damage_healed":0.0,"max_hp_gain":0.0,"max_hp_loss":0.0,"gold_gain":0.0,"event_name":"Nest","player_choice":"Joined the Cult","floor":22.0,"gold_loss":0.0,"damage_taken":6.0,"cards_obtained":["RitualDagger"]},{"damage_healed":0,"gold_gain":0,"player_choice":"Fought Bandits","damage_taken":0,"max_hp_gain":0,"max_hp_loss":0,"event_name":"Masked Bandits","floor":30,"gold_loss":0},{"damage_healed":0,"gold_gain":0,"player_choice":"Ignored","damage_taken":0,"max_hp_gain":0,"max_hp_loss":0,"event_name":"Mysterious Sphere","floor":36,"gold_loss":0},{"damage_healed":0,"gold_gain":0,"player_choice":"Upgraded","damage_taken":0,"max_hp_gain":0,"max_hp_loss":0,"event_name":"Upgrade Shrine","floor":38,"gold_loss":0,"cards_upgraded":["Barricade"]},{"damage_healed":77,"gold_gain":0,"player_choice":"Heal","damage_taken":0,"max_hp_gain":0,"max_hp_loss":11,"event_name":"The Moai Head","floor":41,"gold_loss":0},{"damage_healed":0,"gold_gain":0,"player_choice":"Memory 1","damage_taken":0,"max_hp_gain":0,"max_hp_loss":0,"event_name":"SensoryStone","floor":42,"gold_loss":0}],"is_beta":false,"boss_relics":[{"not_picked":["Runic Dome","Black Blood"],"picked":"Mark of Pain"},{"not_picked":["Black Star","Empty Cage"],"picked":"Philosopher\u0027s Stone"}],"items_purged_floors":[],"is_endless":false,"potions_floor_spawned":[8,12,13,14,16,18,19,20,28,35,40,48],"killed_by":"Awakened One","ascension_level":0}