{"gold_per_floor":[117,42,52,17,31,63,63,63,63,127,166,166,166,8,8,131,131,149,4,4,4,18,18,41,82,136,136,174,187,187,33,33,158,158,178,34,59,59,59,102,102,145,171,171,171,190,234,15,15,15],"floor_reached":51,"playtime":2354,"items_purged":["Decay"],"score":1262,"play_id":"6c199ca2-76a7-4358-8a69-2186d7602c8c","local_time":"20190228115830","is_ascension_mode":true,"campfire_choices":[{"data":"Jack Of All Trades","floor":7,"key":"SMITH"},{"data":"Dodge and Roll","floor":13,"key":"SMITH"},{"floor":15,"key":"REST"},{"floor":23,"key":"REST"},{"floor":27,"key":"REST"},{"floor":32,"key":"REST"},{"floor":41,"key":"REST"},{"floor":44,"key":"REST"},{"floor":49,"key":"REST"}],"neow_cost":"CURSE","seed_source_timestamp":208589354274200,"circlet_count":0,"master_deck":["AscendersBane","Defend_G","Defend_G","Defend_G","Defend_G","Defend_G","Strike_G","Strike_G","Strike_G","Strike_G","Survivor","Neutralize","Jack Of All Trades+1","Jack Of All Trades+1","Poisoned Stab","Dodge and Roll+1","Bouncing Flask+1","Bane","Escape Plan","Noxious Fumes","Distraction","Corpse Explosion+1","Catalyst","Footwork","Adrenaline","Backflip","Burst","Chrysalis"],"relics":["Ring of the Snake","Singing Bowl","Golden Idol","Mercury Hourglass","Ancient Tea Set","Fusion Hammer","Regal Pillow","Bottled Flame","Potion Belt","Lantern","War Paint","Black Star","PreservedInsect","Happy Flower","Pen Nib","Strawberry","Bottled Lightning","Bag of Preparation","Meat on the Bone","Centennial Puzzle","Snake Skull"],"potions_floor_usage":[33,33,42,42,42,50],"damage_taken":[{"damage":1,"enemies":"Jaw Worm","floor":1,"turns":5},{"damage":5,"enemies":"2 Louse","floor":3,"turns":4},{"damage":1,"enemies":"Cultist","floor":5,"turns":3},{"damage":16,"enemies":"Lagavulin","floor":6,"turns":7},{"damage":16,"enemies":"Lagavulin Event","floor":10,"turns":5},{"damage":4,"enemies":"Blue Slaver","floor":11,"turns":2},{"damage":8,"enemies":"The Guardian","floor":16,"turns":10},{"damage":1,"enemies":"Shell Parasite","floor":18,"turns":4},{"damage":0,"enemies":"Spheric Guardian","floor":22,"turns":3},{"damage":3,"enemies":"Cultist and Chosen","floor":24,"turns":3},{"damage":22,"enemies":"Gremlin Leader","floor":25,"turns":6},{"damage":5,"enemies":"Book of Stabbing","floor":28,"turns":5},{"damage":38,"enemies":"Snake Plant","floor":29,"turns":4},{"damage":77,"enemies":"Automaton","floor":33,"turns":12},{"damage":7,"enemies":"Orb Walker","floor":35,"turns":3},{"damage":11,"enemies":"3 Shapes","floor":37,"turns":2},{"damage":23,"enemies":"Nemesis","floor":40,"turns":5},{"damage":34,"enemies":"Reptomancer","floor":42,"turns":8},{"damage":3,"enemies":"Spire Growth","floor":46,"turns":3},{"damage":60,"enemies":"Giant Head","floor":47,"turns":8},{"damage":41,"enemies":"Donu and Deca","floor":50,"turns":6}],"seed_played":"-7025933127097357218","potions_obtained":[{"floor":1,"key":"Regen Potion"},{"floor":5,"key":"Weak Potion"},{"floor":11,"key":"Dexterity Potion"},{"floor":33,"key":"Block Potion"},{"floor":35,"key":"GhostInAJar"},{"floor":40,"key":"SteroidPotion"},{"floor":46,"key":"Fire Potion"}],"is_trial":false,"path_per_floor":["M","$","M","?","M","E","R","?","T","?","M","?","R","$","R","B",null,"M","$","?","$","M","R","M","E","T","R","E","M","?","$","R","B",null,"M","$","M","?","?","E","R","E","T","R","?","M","E","$","R","B",null],"character_chosen":"THE_SILENT","items_purchased":["Noxious Fumes","Distraction","Regal Pillow","War Paint","PreservedInsect","Snake Skull","EssenceOfSteel"],"campfire_rested":7,"item_purchase_floors":[14,14,19,31,36,48,48],"current_hp_per_floor":[62,62,57,70,69,53,53,53,53,39,35,35,35,35,56,48,66,67,67,67,67,67,74,71,51,51,76,73,37,37,37,76,14,64,57,57,48,48,48,27,67,40,40,82,82,81,23,23,66,37],"gold":15,"neow_bonus":"RANDOM_COLORLESS_2","is_prod":false,"is_daily":false,"chose_seed":false,"campfire_upgraded":2,"win_rate":0,"timestamp":1551373110,"path_taken":["M","$","M","?","M","E","R","?","T","?","M","?","R","$","R","BOSS","M","$","?","$","M","R","?","E","T","R","E","M","?","$","R","BOSS","M","$","?","?","?","E","R","E","T","R","?","M","E","?","R","BOSS"],"build_version":"2019-02-06","purchased_purges":1,"victory":true,"max_hp_per_floor":[70,70,70,70,70,70,70,70,70,72,72,72,72,72,72,72,72,74,74,74,74,74,74,74,76,76,76,78,80,80,80,80,80,80,80,80,82,82,82,84,84,91,91,91,91,93,95,95,95,95],"card_choices":[{"not_picked":["Prepared","Setup"],"picked":"Poisoned Stab","floor":1},{"not_picked":["Flying Knee","Blade Dance"],"picked":"Dodge and Roll","floor":3},{"not_picked":["Poisoned Stab","Quick Slash"],"picked":"Bouncing Flask","floor":5},{"not_picked":["Blade Dance","Endless Agony"],"picked":"Bane","floor":6},{"not_picked":["Backflip","Quick Slash","PiercingWail"],"picked":"Singing Bowl","floor":10},{"not_picked":["PiercingWail","Dagger Throw"],"picked":"Escape Plan","floor":11},{"not_picked":["Doppelganger","Adrenaline"],"picked":"Corpse Explosion","floor":16},{"not_picked":["Acrobatics","Riddle With Holes","Underhanded Strike"],"picked":"Singing Bowl","floor":18},{"not_picked":["Expertise+1","Acrobatics+1"],"picked":"Catalyst","floor":22},{"not_picked":["Sucker Punch","Poisoned Stab"],"picked":"Footwork","floor":24},{"not_picked":["Expertise","Prepared","Dagger Spray"],"picked":"Singing Bowl","floor":25},{"not_picked":["Heel Hook","Dodge and Roll","Calculated Gamble+1"],"picked":"Singing Bowl","floor":28},{"not_picked":["Bane","Accuracy","Blade Dance"],"picked":"Singing Bowl","floor":29},{"not_picked":["After Image","Bullet Time"],"picked":"Adrenaline","floor":33},{"not_picked":["Terror+1","Escape Plan"],"picked":"Backflip","floor":35},{"not_picked":["Prepared+1","Bane","Eviscerate+1"],"picked":"Singing Bowl","floor":37},{"not_picked":["Sucker Punch","Calculated Gamble+1","Terror"],"picked":"Singing Bowl","floor":40},{"not_picked":["Backflip+1","Dodge and Roll"],"picked":"Burst","floor":42},{"not_picked":["Trip","Panacea"],"picked":"Chrysalis","floor":45},{"not_picked":["Flechettes","Masterful Stab","Predator"],"picked":"Singing Bowl","floor":46},{"not_picked":["Masterful Stab+1","Cloak And Dagger+1","Bane"],"picked":"Singing Bowl","floor":47}],"player_experience":618600,"relics_obtained":[{"floor":6,"key":"Singing Bowl"},{"floor":9,"key":"Mercury Hourglass"},{"floor":10,"key":"Ancient Tea Set"},{"floor":25,"key":"Bottled Flame"},{"floor":26,"key":"Potion Belt"},{"floor":28,"key":"Lantern"},{"floor":40,"key":"Happy Flower"},{"floor":40,"key":"Pen Nib"},{"floor":42,"key":"Strawberry"},{"floor":42,"key":"Bottled Lightning"},{"floor":43,"key":"Bag of Preparation"},{"floor":47,"key":"Meat on the Bone"},{"floor":47,"key":"Centennial Puzzle"}],"event_choices":[{"damage_healed":17,"gold_gain":0,"player_choice":"Healed","damage_taken":0,"max_hp_gain":0,"max_hp_loss":0,"event_name":"The Cleric","floor":4,"gold_loss":35},{"damage_healed":0,"gold_gain":0,"player_choice":"Take Wound","damage_taken":0,"relics_obtained":["Golden Idol"],"max_hp_gain":0,"max_hp_loss":0,"event_name":"Golden Idol","floor":8,"gold_loss":0,"cards_obtained":["Injury"]},{"damage_healed":0,"gold_gain":30,"player_choice":"Searched \u00272\u0027 times","damage_taken":0,"max_hp_gain":0,"max_hp_loss":0,"event_name":"Dead Adventurer","floor":10,"gold_loss":0},{"damage_healed":0,"gold_gain":0,"player_choice":"Grow","damage_taken":0,"max_hp_gain":0,"max_hp_loss":0,"event_name":"Living Wall","floor":12,"gold_loss":0,"cards_upgraded":["Jack Of All Trades"]},{"damage_healed":0,"gold_gain":0,"player_choice":"Ignored","damage_taken":0,"max_hp_gain":0,"max_hp_loss":0,"event_name":"N\u0027loth","floor":20,"gold_loss":0},{"cards_removed":["Injury"],"damage_healed":0,"gold_gain":0,"player_choice":"Removed Curses","damage_taken":0,"max_hp_gain":0,"max_hp_loss":0,"event_name":"Fountain of Cleansing","floor":30,"gold_loss":0},{"cards_removed":["Strike_G"],"damage_healed":0,"gold_gain":0,"player_choice":"Removed Attack","damage_taken":0,"max_hp_gain":0,"max_hp_loss":0,"event_name":"Falling","floor":38,"gold_loss":0},{"damage_healed":0,"gold_gain":0,"player_choice":"Ignored","damage_taken":0,"max_hp_gain":0,"max_hp_loss":0,"event_name":"Mysterious Sphere","floor":39,"gold_loss":0},{"damage_healed":0,"gold_gain":0,"player_choice":"Memory 1","damage_taken":0,"max_hp_gain":0,"max_hp_loss":0,"event_name":"SensoryStone","floor":45,"gold_loss":0}],"is_beta":true,"boss_relics":[{"not_picked":["Coffee Dripper","Runic Dome"],"picked":"Fusion Hammer"},{"not_picked":["Eternal Feather","Pandora\u0027s Box"],"picked":"Black Star"}],"items_purged_floors":[2],"is_endless":false,"potions_floor_spawned":[1,5,11,24,25,33,35,40,46],"ascension_level":12}