{"gold_per_floor":[117,42,42,61,71,96,96,96,96,96,127,127,142,160,160,234,234,248,118,118,133,8,8,27,46,46,46,46,46],"floor_reached":29,"playtime":830,"items_purged":["Writhe","Strike_R","Strike_R"],"score":466,"play_id":"0e50cd7c-7816-479c-980d-71fd389e6d4f","local_time":"20181104185748","is_ascension_mode":true,"campfire_choices":[{"data":"Demon Form","floor":7.0,"key":"SMITH"},{"data":"Bash","floor":10.0,"key":"SMITH"},{"floor":15.0,"key":"REST"},{"data":"Armaments","floor":23.0,"key":"SMITH"}],"neow_cost":"CURSE","seed_source_timestamp":928970062116609,"circlet_count":0,"master_deck":["AscendersBane","Strike_R+1","Strike_R","Strike_R","Defend_R","Defend_R","Defend_R","Defend_R","Bash+1","Demon Form+1","Pommel Strike","Anger","Heavy Blade","Clothesline+1","Thunderclap","Feed","Armaments","Armaments+1","Power Through+1","True Grit","Ghostly","Ghostly","Ghostly"],"special_seed":0,"relics":["Burning Blood","Bottled Flame","Gremlin Horn","Whetstone","Cursed Key"],"potions_floor_usage":[],"damage_taken":[{"damage":2.0,"enemies":"Cultist","floor":1.0,"turns":4.0},{"damage":0.0,"enemies":"2 Louse","floor":4.0,"turns":4.0},{"damage":12.0,"enemies":"Jaw Worm","floor":5.0,"turns":3.0},{"damage":32.0,"enemies":"Gremlin Nob","floor":6.0,"turns":4.0},{"damage":33.0,"enemies":"3 Sentries","floor":11.0,"turns":6.0},{"damage":11.0,"enemies":"Red Slaver","floor":13.0,"turns":3.0},{"damage":19.0,"enemies":"3 Louse","floor":14.0,"turns":3.0},{"damage":28.0,"enemies":"Slime Boss","floor":16.0,"turns":7.0},{"damage":31.0,"enemies":"Spheric Guardian","floor":18.0,"turns":5.0},{"damage":0.0,"enemies":"3 Byrds","floor":21.0,"turns":2.0},{"damage":36.0,"enemies":"Snake Plant","floor":24.0,"turns":5.0},{"damage":27.0,"enemies":"Snecko","floor":25.0,"turns":5.0},{"damage":50,"enemies":"Book of Stabbing","floor":29,"turns":5}],"seed_played":"-8068281175203446419","potions_obtained":[{"floor":4.0,"key":"Explosive Potion"},{"floor":11.0,"key":"Explosive Potion"},{"floor":16.0,"key":"Energy Potion"},{"floor":18.0,"key":"Explosive Potion"}],"is_trial":false,"path_per_floor":["M","$","?","M","M","E","R","?","T","R","E","?","M","M","R","B",null,"M","$","?","M","$","R","M","M","T","?","?","E"],"character_chosen":"IRONCLAD","items_purchased":["Armaments"],"campfire_rested":1,"item_purchase_floors":[19],"current_hp_per_floor":[72,72,77,80,74,48,48,48,48,48,33,33,32,27,51,29,67,45,45,93,96,96,96,66,45,45,45,45,0],"gold":46,"neow_bonus":"THREE_RARE_CARDS","is_prod":false,"is_daily":false,"chose_seed":false,"campfire_upgraded":3,"win_rate":0,"timestamp":1541375868,"path_taken":["M","$","?","M","M","E","R","?","T","R","E","?","M","M","R","BOSS","M","$","?","?","$","R","M","M","T","?","?","E"],"build_version":"2018-11-02","purchased_purges":3,"victory":false,"max_hp_per_floor":[75,75,80,80,80,80,80,80,80,80,80,80,80,80,80,80,80,83,83,93,96,96,96,96,96,96,48,48,48],"card_choices":[{"not_picked":["Barricade","Impervious"],"picked":"Demon Form","floor":0.0},{"not_picked":["Warcry","Flex"],"picked":"Pommel Strike","floor":1.0},{"not_picked":["Warcry","Flex"],"picked":"Anger","floor":4.0},{"not_picked":["Havoc","Twin Strike"],"picked":"Reaper","floor":5.0},{"not_picked":["Clash","Thunderclap"],"picked":"Heavy Blade","floor":6.0},{"not_picked":["Rupture","Blood for Blood"],"picked":"Clothesline","floor":11.0},{"not_picked":["Clothesline","Cleave","Pommel Strike"],"picked":"SKIP","floor":13.0},{"not_picked":["Warcry","Juggernaut"],"picked":"Thunderclap","floor":14.0},{"not_picked":["Exhume","Demon Form"],"picked":"Feed","floor":16.0},{"not_picked":["Anger","Clothesline"],"picked":"Armaments","floor":18.0},{"not_picked":["Perfected Strike","Armaments"],"picked":"Power Through+1","floor":21.0},{"not_picked":["Sword Boomerang","Thunderclap","Warcry"],"picked":"SKIP","floor":24.0},{"not_picked":["Wild Strike","Inflame"],"picked":"True Grit","floor":25.0}],"player_experience":778300,"relics_obtained":[{"floor":6.0,"key":"Bottled Flame"},{"floor":9.0,"key":"Gremlin Horn"},{"floor":11.0,"key":"Whetstone"}],"event_choices":[{"damage_healed":0.0,"max_hp_gain":5.0,"max_hp_loss":0.0,"gold_gain":0.0,"event_name":"Big Fish","player_choice":"Donut","floor":3.0,"gold_loss":0.0,"damage_taken":0.0},{"damage_healed":0.0,"max_hp_gain":0.0,"max_hp_loss":0.0,"gold_gain":0.0,"event_name":"Dead Adventurer","player_choice":"Searched \u00270\u0027 times","floor":8.0,"gold_loss":0.0,"damage_taken":0.0},{"damage_healed":0.0,"max_hp_gain":0.0,"max_hp_loss":0.0,"gold_gain":0.0,"event_name":"Shining Light","player_choice":"Ignored","floor":12.0,"gold_loss":0.0,"damage_taken":0.0},{"cards_removed":["Reaper"],"damage_healed":38.0,"max_hp_gain":10.0,"max_hp_loss":0.0,"gold_gain":0.0,"event_name":"Bonfire Elementals","player_choice":"Offered Rare","floor":20.0,"gold_loss":0.0,"damage_taken":0.0},{"damage_healed":0.0,"max_hp_gain":0.0,"max_hp_loss":48.0,"gold_gain":0.0,"event_name":"Ghosts","player_choice":"Became a Ghost","floor":27.0,"gold_loss":0.0,"damage_taken":0.0,"cards_obtained":["Ghostly","Ghostly","Ghostly"]},{"damage_healed":0.0,"max_hp_gain":0.0,"max_hp_loss":0.0,"gold_gain":0.0,"event_name":"The Mausoleum","player_choice":"Ignored","floor":28.0,"gold_loss":0.0,"damage_taken":0.0}],"is_beta":true,"boss_relics":[{"not_picked":["Black Blood","Empty Cage"],"picked":"Cursed Key"}],"items_purged_floors":[2,19,22],"is_endless":false,"potions_floor_spawned":[4,11,16,18],"killed_by":"Book of Stabbing","ascension_level":20}