{"gold_per_floor":[111,135,150,150,150,150,169,60,83,98,27,45,69,84,84,207,207,226,239,254,16,30,69,84,84,139,39,62,86,86,110,110,230,230,244,119,134,154,178,178,198,198,279,129,129,129,129,129,129,129],"floor_reached":51,"playtime":3200,"items_purged":["Strike_R","Strike_R","Heavy Blade","Defend_R"],"score":761,"play_id":"1b7aeeee-2acd-4abf-af4e-2535f0ba7d4e","local_time":"20190323034829","is_ascension_mode":true,"campfire_choices":[{"data":"Armaments","floor":6,"key":"SMITH"},{"data":"Burning Pact","floor":15,"key":"SMITH"},{"floor":25,"key":"REST"},{"floor":32,"key":"REST"},{"data":"True Grit","floor":40,"key":"SMITH"},{"data":"Shockwave","floor":45,"key":"SMITH"},{"data":"Purity","floor":47,"key":"SMITH"},{"floor":49,"key":"REST"}],"neow_cost":"NONE","seed_source_timestamp":255053720132495,"circlet_count":0,"master_deck":["Strike_R+1","Defend_R","Defend_R","Defend_R+1","Bash","Armaments+1","Shockwave+1","Burning Pact+1","Disarm","Uppercut","Dropkick","Offering","Body Slam+1","Dropkick","Purity+1","Dropkick","True Grit+1","Finesse"],"relics":["Burning Blood","Art of War","Golden Idol","Bronze Scales","Sozu","Boot","Red Skull","MutagenicStrength","Empty Cage","Question Card"],"potions_floor_usage":[33],"damage_taken":[{"damage":1,"enemies":"Cultist","floor":1,"turns":3},{"damage":0,"enemies":"2 Louse","floor":3,"turns":4},{"damage":0,"enemies":"Jaw Worm","floor":7,"turns":3},{"damage":6,"enemies":"Red Slaver","floor":10,"turns":5},{"damage":12,"enemies":"2 Fungi Beasts","floor":12,"turns":4},{"damage":7,"enemies":"Exordium Wildlife","floor":13,"turns":5},{"damage":18,"enemies":"Gremlin Gang","floor":14,"turns":6},{"damage":12,"enemies":"Hexaghost","floor":16,"turns":12},{"damage":30,"enemies":"Spheric Guardian","floor":18,"turns":5},{"damage":5,"enemies":"3 Byrds","floor":19,"turns":5},{"damage":13,"enemies":"Snake Plant","floor":20,"turns":4},{"damage":6,"enemies":"Centurion and Healer","floor":22,"turns":5},{"damage":30,"enemies":"Book of Stabbing","floor":23,"turns":7},{"damage":28,"enemies":"Shelled Parasite and Fungi","floor":24,"turns":5},{"damage":9,"enemies":"Cultist and Chosen","floor":28,"turns":4},{"damage":9,"enemies":"Snake Plant","floor":29,"turns":3},{"damage":24,"enemies":"3 Cultists","floor":31,"turns":5},{"damage":31,"enemies":"Collector","floor":33,"turns":9},{"damage":15,"enemies":"Orb Walker","floor":35,"turns":3},{"damage":10,"enemies":"3 Shapes","floor":37,"turns":6},{"damage":6,"enemies":"Maw","floor":38,"turns":4},{"damage":10,"enemies":"Transient","floor":39,"turns":4},{"damage":20,"enemies":"Spire Growth","floor":41,"turns":3},{"damage":34,"enemies":"Awakened One","floor":50,"turns":5}],"seed_played":"9042790155592823517","potions_obtained":[{"floor":3,"key":"Energy Potion"},{"floor":12,"key":"Weak Potion"},{"floor":14,"key":"SpeedPotion"}],"is_trial":false,"path_per_floor":["M","T","M","?","?","R","M","$","T","M","$","M","M","M","R","B",null,"M","M","M","$","M","E","M","R","T","$","M","M","?","M","R","B",null,"M","$","M","M","M","R","M","?","T","$","R","?","R","$","R","B",null],"character_chosen":"IRONCLAD","items_purchased":["Disarm","Uppercut","Barricade","Dropkick","Purity"],"campfire_rested":3,"item_purchase_floors":[8,8,11,21,21],"current_hp_per_floor":[88,88,88,70,48,48,54,54,54,54,54,48,47,35,35,29,88,64,65,58,58,58,34,12,38,38,38,35,32,32,14,40,15,88,79,79,75,75,71,71,57,57,57,57,57,57,57,57,83,55],"gold":129,"neow_bonus":"TEN_PERCENT_HP_BONUS","is_prod":false,"is_daily":false,"chose_seed":false,"campfire_upgraded":5,"win_rate":0,"timestamp":1553327309,"path_taken":["M","?","M","?","?","R","M","$","T","M","$","M","?","M","R","BOSS","M","M","M","$","M","E","M","R","T","$","M","M","?","M","R","BOSS","M","$","M","M","M","R","M","?","T","$","R","?","R","?","R","BOSS"],"build_version":"2019-01-23","purchased_purges":4,"victory":true,"max_hp_per_floor":[88,88,88,88,88,88,88,88,88,88,88,88,88,88,88,88,88,88,88,88,88,88,88,88,88,88,88,88,88,88,88,88,88,88,88,88,88,88,88,88,88,88,88,88,88,88,88,88,88,88],"card_choices":[{"not_picked":["Clothesline","Headbutt"],"picked":"Armaments","floor":1},{"not_picked":["Rupture","Anger"],"picked":"Shockwave","floor":3},{"not_picked":["Cleave","Infernal Blade"],"picked":"Burning Pact","floor":7},{"not_picked":["Metallicize","Shrug It Off"],"picked":"Heavy Blade","floor":10},{"not_picked":["Havoc","Warcry"],"picked":"Dropkick","floor":12},{"not_picked":["Thunderclap","Perfected Strike"],"picked":"Offering","floor":13},{"not_picked":["Pummel","Flex","Perfected Strike"],"picked":"SKIP","floor":14},{"not_picked":["Shrug It Off","Combust+1"],"picked":"Body Slam+1","floor":18},{"not_picked":["Inflame","Intimidate","Cleave+1"],"picked":"SKIP","floor":19},{"not_picked":["Twin Strike","Second Wind","Perfected Strike"],"picked":"SKIP","floor":20},{"not_picked":["Whirlwind+1","Heavy Blade+1","Iron Wave"],"picked":"SKIP","floor":22},{"not_picked":["Feed","Juggernaut","Bludgeon"],"picked":"SKIP","floor":23},{"not_picked":["Flex+1","Warcry+1","Pommel Strike"],"picked":"SKIP","floor":24},{"not_picked":["Inflame","Disarm"],"picked":"Dropkick","floor":28},{"not_picked":["Perfected Strike","Sword Boomerang","Twin Strike"],"picked":"SKIP","floor":29},{"not_picked":["Combust","Anger","Sever Soul"],"picked":"SKIP","floor":31},{"not_picked":["Havoc","Armaments"],"picked":"True Grit","floor":35},{"not_picked":["Shrug It Off","Sever Soul","Cleave+1"],"picked":"SKIP","floor":37},{"not_picked":["Sword Boomerang+1","Thunderclap","Rampage+1"],"picked":"SKIP","floor":38},{"not_picked":["Entrench+1","Bludgeon","Corruption+1"],"picked":"SKIP","floor":39},{"not_picked":["Iron Wave","Twin Strike","Pommel Strike"],"picked":"SKIP","floor":41},{"not_picked":["Enlightenment","Blind","Bandage Up"],"picked":"Finesse","floor":46}],"player_experience":1272606,"relics_obtained":[{"floor":2,"key":"Art of War"},{"floor":9,"key":"Bronze Scales"},{"floor":23,"key":"Boot"},{"floor":26,"key":"Red Skull"},{"floor":43,"key":"Question Card"}],"event_choices":[{"damage_healed":0,"gold_gain":0,"player_choice":"Entered Light","damage_taken":18,"max_hp_gain":0,"max_hp_loss":0,"event_name":"Shining Light","floor":4,"gold_loss":0,"cards_upgraded":["Strike_R","Defend_R"]},{"damage_healed":0,"gold_gain":0,"player_choice":"Take Damage","damage_taken":22,"relics_obtained":["Golden Idol"],"max_hp_gain":0,"max_hp_loss":0,"event_name":"Golden Idol","floor":5,"gold_loss":0},{"damage_healed":0,"gold_gain":0,"player_choice":"Inject Mutagens","damage_taken":0,"relics_obtained":["MutagenicStrength"],"max_hp_gain":0,"max_hp_loss":0,"event_name":"Drug Dealer","floor":30,"gold_loss":0},{"cards_removed":["Barricade"],"damage_healed":0,"gold_gain":0,"player_choice":"Removed Power","damage_taken":0,"max_hp_gain":0,"max_hp_loss":0,"event_name":"Falling","floor":42,"gold_loss":0},{"damage_healed":0,"gold_gain":0,"player_choice":"Memory 1","damage_taken":0,"max_hp_gain":0,"max_hp_loss":0,"event_name":"SensoryStone","floor":46,"gold_loss":0}],"is_beta":false,"boss_relics":[{"not_picked":["Pandora\u0027s Box","Runic Dome"],"picked":"Sozu"},{"not_picked":["Cursed Key","Philosopher\u0027s Stone"],"picked":"Empty Cage"}],"items_purged_floors":[21,27,36,44],"is_endless":false,"potions_floor_spawned":[3,12,14,16,20,22,24,28,29,35,37],"ascension_level":3}