{"gold_per_floor":[123,147,169,181,36,36,66,66,93,93,6,25,40,90,90,167,167,133,133,153,65,82,82,111,111,137,137,62,81,93,112,112,112],"floor_reached":33,"playtime":1554,"items_purged":["Strike_R"],"score":481,"play_id":"0d28a71c-cfc6-4a07-880c-3bd37bcb61df","local_time":"20190305223935","is_ascension_mode":true,"campfire_choices":[{"data":"Body Slam","floor":6,"key":"SMITH"},{"floor":8,"key":"REST"},{"data":"True Grit","floor":10,"key":"SMITH"},{"data":"Barricade","floor":15,"key":"SMITH"},{"floor":23,"key":"REST"},{"floor":32,"key":"REST"}],"neow_cost":"NONE","seed_source_timestamp":679868401035500,"circlet_count":0,"master_deck":["AscendersBane","Strike_R","Strike_R","Strike_R","Defend_R","Defend_R+1","Defend_R+1","Defend_R","Bash","Cleave","Body Slam+1","True Grit+1","Rage","Barricade+1","Seeing Red","Thunderclap","Impervious","Writhe","Headbutt","Flame Barrier","Armaments","Flame Barrier","Injury","Power Through","Metallicize"],"relics":["Burning Blood","MawBank","Red Skull","Anchor","War Paint","Cursed Key","Potion Belt","Boot","Ancient Tea Set","MutagenicStrength"],"potions_floor_usage":[16,31,31,33],"damage_taken":[{"damage":12,"enemies":"Jaw Worm","floor":1,"turns":2},{"damage":11,"enemies":"Cultist","floor":2,"turns":4},{"damage":7,"enemies":"Small Slimes","floor":3,"turns":3},{"damage":44,"enemies":"Lagavulin","floor":7,"turns":8},{"damage":8,"enemies":"Red Slaver","floor":12,"turns":5},{"damage":3,"enemies":"Exordium Wildlife","floor":13,"turns":5},{"damage":36,"enemies":"Slime Boss","floor":16,"turns":16},{"damage":10,"enemies":"2 Thieves","floor":18,"turns":5},{"damage":19,"enemies":"Shell Parasite","floor":20,"turns":9},{"damage":36,"enemies":"Snake Plant","floor":22,"turns":5},{"damage":5,"enemies":"Gremlin Leader","floor":24,"turns":7},{"damage":0,"enemies":"Snecko","floor":29,"turns":4},{"damage":31,"enemies":"Sentry and Sphere","floor":30,"turns":11},{"damage":13,"enemies":"Cultist and Chosen","floor":31,"turns":9},{"damage":54,"enemies":"Champ","floor":33,"turns":19}],"seed_played":"-177175492741773252","potions_obtained":[{"floor":1,"key":"Block Potion"},{"floor":3,"key":"SpeedPotion"},{"floor":29,"key":"Weak Potion"},{"floor":30,"key":"BloodPotion"},{"floor":31,"key":"BloodPotion"}],"is_trial":false,"path_per_floor":["M","M","M","?","$","R","E","R","T","R","$","M","M","?","R","B",null,"M","?","M","$","M","R","E","?","T","?","$","M","M","M","R","B"],"character_chosen":"IRONCLAD","items_purchased":["Red Skull","Barricade","Flame Barrier"],"campfire_rested":3,"item_purchase_floors":[5,11,21],"current_hp_per_floor":[62,57,56,56,56,56,18,40,40,40,40,38,41,41,41,11,59,55,55,42,42,12,34,35,35,35,35,35,41,16,16,38,0],"gold":112,"neow_bonus":"RANDOM_COMMON_RELIC","is_prod":false,"is_daily":false,"chose_seed":false,"campfire_upgraded":3,"win_rate":0,"timestamp":1551843575,"path_taken":["M","M","M","?","?","R","E","R","T","R","$","M","?","?","R","BOSS","M","?","M","$","M","R","E","?","T","?","?","M","M","M","R","BOSS"],"build_version":"2019-02-06","purchased_purges":1,"victory":false,"max_hp_per_floor":[75,75,75,75,75,75,75,75,75,75,75,75,75,75,75,75,75,75,75,75,75,75,75,75,75,75,75,75,75,75,75,75,75],"card_choices":[{"not_picked":["Infernal Blade","Sword Boomerang"],"picked":"Cleave","floor":1},{"not_picked":["Iron Wave","Cleave"],"picked":"Body Slam","floor":2},{"not_picked":["Body Slam","Intimidate"],"picked":"True Grit","floor":3},{"not_picked":["Bloodletting","Body Slam"],"picked":"Rage","floor":7},{"not_picked":["Sword Boomerang","Headbutt"],"picked":"Seeing Red","floor":12},{"not_picked":["Headbutt","Pommel Strike"],"picked":"Thunderclap","floor":13},{"not_picked":["Limit Break","Reaper"],"picked":"Impervious","floor":16},{"not_picked":["Fire Breathing","Uppercut","Bloodletting"],"picked":"SKIP","floor":18},{"not_picked":["Flex","Reckless Charge"],"picked":"Headbutt","floor":20},{"not_picked":["Combust","Feel No Pain"],"picked":"Armaments","floor":22},{"not_picked":["Offering","Shockwave"],"picked":"Flame Barrier","floor":24},{"not_picked":["Infernal Blade","True Grit+1"],"picked":"Power Through","floor":29},{"not_picked":["Dropkick","Inflame"],"picked":"Metallicize","floor":30},{"not_picked":["Warcry","Perfected Strike","Anger"],"picked":"SKIP","floor":31}],"player_experience":627462,"relics_obtained":[{"floor":7,"key":"Anchor"},{"floor":9,"key":"War Paint"},{"floor":24,"key":"Boot"},{"floor":26,"key":"Ancient Tea Set"}],"event_choices":[{"cards_removed":["Strike_R"],"damage_healed":0,"gold_gain":0,"player_choice":"Purged","damage_taken":0,"max_hp_gain":0,"max_hp_loss":0,"event_name":"Purifier","floor":4,"gold_loss":0},{"damage_healed":0,"gold_gain":50,"player_choice":"Pray","damage_taken":0,"max_hp_gain":0,"max_hp_loss":0,"event_name":"Golden Shrine","floor":14,"gold_loss":0},{"damage_healed":0,"gold_gain":0,"player_choice":"Opened","damage_taken":0,"relics_obtained":["Potion Belt"],"max_hp_gain":0,"max_hp_loss":0,"event_name":"The Mausoleum","floor":19,"gold_loss":0,"cards_obtained":["Writhe"]},{"damage_healed":0,"gold_gain":0,"player_choice":"Ignored","damage_taken":0,"max_hp_gain":0,"max_hp_loss":0,"event_name":"Vampires","floor":25,"gold_loss":0},{"damage_healed":0,"gold_gain":0,"player_choice":"Inject Mutagens","damage_taken":0,"relics_obtained":["MutagenicStrength"],"max_hp_gain":0,"max_hp_loss":0,"event_name":"Drug Dealer","floor":27,"gold_loss":0}],"is_beta":true,"boss_relics":[{"not_picked":["Ectoplasm","Coffee Dripper"],"picked":"Cursed Key"}],"items_purged_floors":[28],"is_endless":false,"potions_floor_spawned":[1,3,7,29,30,31],"killed_by":"Champ","ascension_level":16}