{"gold_per_floor":[111,161,180,193,212,247,247,264,290,290,290,325,400,410,410,486,536,556,606,157,1,19,19,48,58,58,58,58,68,68,85,85,85],"floor_reached":33,"playtime":1602,"items_purged":["Parasite"],"score":583,"play_id":"a4fa8a36-924a-4f84-9149-86833f871448","local_time":"20181104184059","is_ascension_mode":true,"campfire_choices":[{"data":"Bash","floor":11.0,"key":"SMITH"},{"floor":15.0,"key":"REST"},{"data":"Shockwave","floor":23.0,"key":"SMITH"},{"floor":30,"key":"REST"},{"floor":32,"key":"REST"}],"neow_cost":"NONE","seed_source_timestamp":927026705713679,"circlet_count":0,"master_deck":["AscendersBane","Strike_R","Strike_R","Strike_R","Strike_R","Strike_R","Defend_R+1","Defend_R","Defend_R","Defend_R","Bash+1","Feed","Wild Strike+1","Cleave+1","Hemokinesis","Shrug It Off","Inflame","Reaper","Fiend Fire","Battle Trance","Shockwave+1","Evolve","Spot Weakness","Rage","Metallicize","Exhume","Feel No Pain","Anger"],"special_seed":0,"relics":["Burning Blood","Gambling Chip","Bag of Preparation","Bronze Scales","Tiny House","Membership Card","Oddly Smooth Stone","OrangePellets","Happy Flower","Shuriken"],"potions_floor_usage":[29,33],"damage_taken":[{"damage":11.0,"enemies":"Small Slimes","floor":1.0,"turns":5.0},{"damage":0.0,"enemies":"Cultist","floor":3.0,"turns":2.0},{"damage":2.0,"enemies":"Jaw Worm","floor":4.0,"turns":3.0},{"damage":17.0,"enemies":"Blue Slaver","floor":5.0,"turns":4.0},{"damage":41.0,"enemies":"3 Sentries","floor":6.0,"turns":7.0},{"damage":7.0,"enemies":"3 Louse","floor":8.0,"turns":2.0},{"damage":11.0,"enemies":"Gremlin Nob","floor":12.0,"turns":3.0},{"damage":6.0,"enemies":"Lots of Slimes","floor":14.0,"turns":2.0},{"damage":39.0,"enemies":"Slime Boss","floor":16.0,"turns":7.0},{"damage":25.0,"enemies":"2 Thieves","floor":18.0,"turns":4.0},{"damage":23.0,"enemies":"3 Byrds","floor":20.0,"turns":3.0},{"damage":12.0,"enemies":"3 Byrds","floor":22.0,"turns":2.0},{"damage":80.0,"enemies":"Slavers","floor":24.0,"turns":6.0},{"damage":15.0,"enemies":"Centurion and Healer","floor":25.0,"turns":6.0},{"damage":24,"enemies":"Shelled Parasite and Fungi","floor":29,"turns":4},{"damage":7,"enemies":"Cultist and Chosen","floor":31,"turns":4},{"damage":101,"enemies":"Collector","floor":33,"turns":12}],"seed_played":"-4021363947401151423","potions_obtained":[{"floor":3.0,"key":"LiquidBronze"},{"floor":6.0,"key":"AttackPotion"},{"floor":12.0,"key":"Dexterity Potion"},{"floor":14.0,"key":"AttackPotion"},{"floor":17.0,"key":"Ancient Potion"},{"floor":24.0,"key":"GamblersBrew"}],"is_trial":false,"path_per_floor":["M","?","M","M","M","E","?","M","T","?","R","E","E","?","M","R","B",null,"M","?","M","$","$","M","R","E","M","T","?","?","M","R","M","R","B"],"character_chosen":"IRONCLAD","items_purchased":["Membership Card","Oddly Smooth Stone","Evolve","Spot Weakness","Rage","OrangePellets","Metallicize"],"campfire_rested":3,"item_purchase_floors":[20,20,20,20,20,21,21],"current_hp_per_floor":[66,66,75,82,71,36,11,10,10,31,31,29,18,21,48,24,81,66,66,58,58,73,73,23,25,25,25,25,15,46,53,84,14],"gold":85,"neow_bonus":"ONE_RANDOM_RARE_CARD","is_prod":false,"is_daily":false,"chose_seed":false,"campfire_upgraded":2,"win_rate":0,"timestamp":1541374859,"path_taken":["M","?","M","?","M","E","?","M","T","?","R","E","?","M","R","BOSS","M","?","?","$","M","R","E","M","T","?","?","M","R","?","R","BOSS"],"build_version":"2018-11-02","purchased_purges":1,"victory":false,"max_hp_per_floor":[78,78,81,84,84,84,84,84,84,84,84,87,87,90,90,93,98,98,98,95,95,95,95,98,101,101,101,101,104,104,104,104,104],"card_choices":[{"not_picked":["Clash","Flex"],"picked":"Wild Strike","floor":1.0},{"not_picked":["Infernal Blade","Seeing Red"],"picked":"Cleave","floor":3.0},{"not_picked":["Thunderclap","Intimidate"],"picked":"Hemokinesis","floor":4.0},{"not_picked":["Clash","Body Slam","Thunderclap"],"picked":"SKIP","floor":5.0},{"not_picked":["Carnage","Seeing Red","Intimidate"],"picked":"SKIP","floor":6.0},{"not_picked":["Havoc","Cleave"],"picked":"Shrug It Off","floor":8.0},{"not_picked":["True Grit","Pummel"],"picked":"Inflame","floor":12.0},{"not_picked":["Clash","Perfected Strike"],"picked":"Reaper","floor":14.0},{"not_picked":["Juggernaut","Brutality"],"picked":"Fiend Fire","floor":16.0},{"not_picked":["Twin Strike","Wild Strike"],"picked":"Battle Trance","floor":17.0},{"not_picked":["Sword Boomerang","Infernal Blade"],"picked":"Shockwave","floor":18.0},{"not_picked":["Rage","Anger","Intimidate"],"picked":"SKIP","floor":22.0},{"not_picked":["Flex","Sword Boomerang","Perfected Strike"],"picked":"SKIP","floor":24.0},{"not_picked":["Dual Wield","Flex","Wild Strike"],"picked":"SKIP","floor":25.0},{"not_picked":["Dual Wield","Flex","Wild Strike"],"picked":"SKIP","floor":25.0},{"not_picked":["Metallicize","Thunderclap+1"],"picked":"Feel No Pain","floor":29},{"not_picked":["Twin Strike","Flex+1"],"picked":"Anger","floor":31}],"player_experience":776698,"relics_obtained":[{"floor":6.0,"key":"Gambling Chip"},{"floor":9.0,"key":"Bag of Preparation"},{"floor":12.0,"key":"Bronze Scales"},{"floor":24.0,"key":"Happy Flower"},{"floor":26.0,"key":"Shuriken"}],"event_choices":[{"damage_healed":0.0,"max_hp_gain":0.0,"max_hp_loss":0.0,"gold_gain":50.0,"event_name":"Golden Shrine","player_choice":"Pray","floor":2.0,"gold_loss":0.0,"damage_taken":0.0},{"damage_healed":0.0,"max_hp_gain":0.0,"max_hp_loss":0.0,"gold_gain":0.0,"event_name":"Shining Light","player_choice":"Entered Light","floor":7.0,"gold_loss":0.0,"damage_taken":25.0,"cards_upgraded":["Cleave","Wild Strike"]},{"damage_healed":21.0,"max_hp_gain":0.0,"max_hp_loss":0.0,"gold_gain":0.0,"event_name":"Mushrooms","player_choice":"Healed and dodged fight","floor":10.0,"gold_loss":0.0,"damage_taken":0.0,"cards_obtained":["Parasite"]},{"damage_healed":0.0,"max_hp_gain":0.0,"max_hp_loss":0.0,"gold_gain":75.0,"event_name":"World of Goop","player_choice":"Gather Gold","floor":13.0,"gold_loss":0.0,"damage_taken":11.0},{"damage_healed":0.0,"max_hp_gain":0.0,"max_hp_loss":0.0,"gold_gain":50.0,"event_name":"Golden Shrine","player_choice":"Pray","floor":19.0,"gold_loss":0.0,"damage_taken":0.0},{"damage_healed":0.0,"max_hp_gain":0.0,"max_hp_loss":0.0,"gold_gain":0.0,"event_name":"Match and Keep!","player_choice":"1 cards matched","floor":28.0,"gold_loss":0.0,"damage_taken":0.0,"cards_obtained":["Exhume"]}],"is_beta":true,"boss_relics":[{"not_picked":["Black Star","Philosopher\u0027s Stone"],"picked":"Tiny House"}],"items_purged_floors":[20],"is_endless":false,"potions_floor_spawned":[3,6,12,14,18,20,24],"killed_by":"Collector","ascension_level":20}