{"gold_per_floor":[110,185,185,185,110,110,129,129,129,139,139,164,164,164,164,264,264,234],"floor_reached":18,"playtime":923,"items_purged":["Defend_G"],"score":181,"play_id":"3e557c94-5e9c-4892-b101-9e98e39bfe8a","local_time":"20190321195315","is_ascension_mode":false,"campfire_choices":[{"floor":6,"key":"REST"},{"data":"Finisher","floor":11,"key":"SMITH"},{"data":"After Image","floor":15,"key":"SMITH"}],"neow_cost":"NONE","seed_source_timestamp":512711005511416,"circlet_count":0,"master_deck":["Defend_G","Defend_G","Defend_G","Defend_G","Strike_G","Strike_G+1","Strike_G","Strike_G","Survivor+1","Neutralize","Bane","Blade Dance","Finisher+1","After Image+1","Die Die Die"],"relics":["Eternal Feather","Pear","Blood Vial","Shuriken","Oddly Smooth Stone","HoveringKite"],"potions_floor_usage":[],"damage_taken":[{"damage":6,"enemies":"Jaw Worm","floor":1,"turns":4},{"damage":0,"enemies":"2 Louse","floor":7,"turns":3},{"damage":0,"enemies":"Small Slimes","floor":10,"turns":4},{"damage":29,"enemies":"3 Sentries","floor":12,"turns":11},{"damage":22,"enemies":"Slime Boss","floor":16,"turns":10},{"damage":0,"enemies":"2 Thieves","floor":18,"turns":2}],"seed_played":"3523254680947279177","potions_obtained":[{"floor":10,"key":"Regen Potion"},{"floor":16,"key":"Fire Potion"}],"is_trial":false,"path_per_floor":["M","?","?","?","$","R","M","?","T","M","R","E","T","?","R","B",null,"M"],"character_chosen":"THE_SILENT","items_purchased":[],"campfire_rested":1,"item_purchase_floors":[],"current_hp_per_floor":[64,53,39,39,39,66,66,71,81,81,85,56,56,53,59,39,85,85],"gold":234,"neow_bonus":"BOSS_RELIC","is_prod":false,"is_daily":false,"chose_seed":false,"campfire_upgraded":2,"win_rate":0.0,"timestamp":1553215995,"path_taken":["M","?","?","?","?","R","M","?","T","M","R","E","?","?","R","BOSS","M"],"build_version":"2019-01-23","purchased_purges":1,"victory":false,"max_hp_per_floor":[70,70,70,70,70,70,70,75,85,85,85,85,85,85,85,85,85,85],"card_choices":[{"not_picked":["Underhanded Strike","Sucker Punch"],"picked":"Bane","floor":1},{"not_picked":["Acrobatics","Backflip"],"picked":"Blade Dance","floor":7},{"not_picked":["Expertise","Backstab"],"picked":"Finisher","floor":10},{"not_picked":["PiercingWail","Quick Slash"],"picked":"After Image","floor":12},{"not_picked":["A Thousand Cuts","Glass Knife"],"picked":"Die Die Die","floor":16}],"player_experience":58384,"relics_obtained":[{"floor":9,"key":"Pear"},{"floor":12,"key":"Blood Vial"},{"floor":13,"key":"Shuriken"}],"event_choices":[{"damage_healed":0,"gold_gain":75,"player_choice":"Gather Gold","damage_taken":11,"max_hp_gain":0,"max_hp_loss":0,"event_name":"World of Goop","floor":2,"gold_loss":0},{"damage_healed":0,"gold_gain":0,"player_choice":"Entered Light","damage_taken":14,"max_hp_gain":0,"max_hp_loss":0,"event_name":"Shining Light","floor":3,"gold_loss":0,"cards_upgraded":["Strike_G","Survivor"]},{"cards_removed":["Strike_G"],"damage_healed":0,"gold_gain":0,"player_choice":"Forget","damage_taken":0,"max_hp_gain":0,"max_hp_loss":0,"event_name":"Living Wall","floor":4,"gold_loss":0},{"damage_healed":0,"gold_gain":0,"player_choice":"Donut","damage_taken":0,"max_hp_gain":5,"max_hp_loss":0,"event_name":"Big Fish","floor":8,"gold_loss":0},{"damage_healed":0,"gold_gain":0,"player_choice":"Success","damage_taken":3,"relics_obtained":["Oddly Smooth Stone"],"max_hp_gain":0,"max_hp_loss":0,"event_name":"Scrap Ooze","floor":14,"gold_loss":0}],"is_beta":false,"boss_relics":[{"not_picked":["Cursed Key","Snecko Eye"],"picked":"HoveringKite"}],"items_purged_floors":[5],"is_endless":false,"potions_floor_spawned":[10,16],"killed_by":"2 Thieves","ascension_level":0}