{"gold_per_floor":[112,1,1,1,1,26,26,42,69,89,107,107,125,186,186,281,281,299,224,242,242,29,29,29,29,76,76],"floor_reached":27,"playtime":1637,"items_purged":[],"score":211,"play_id":"e94cccb4-1d8c-43db-abd6-8b0a679a2b4e","local_time":"20190314155752","is_ascension_mode":false,"campfire_choices":[{"floor":7,"key":"REST"},{"floor":12,"key":"REST"},{"floor":15,"key":"REST"},{"floor":23,"key":"REST"},{"floor":25,"key":"REST"}],"neow_cost":"NONE","seed_source_timestamp":74615813034139,"circlet_count":0,"master_deck":["Strike_B","Strike_B","Strike_B","Strike_B","Defend_B","Defend_B+1","Defend_B","Defend_B","Zap","Dualcast","Meteor Strike","Coolheaded","Chill","Heatsinks+1","Beam Cell","Capacitor","Redo","Ball Lightning","Machine Learning","Sweeping Beam","Cold Snap+1","Defragment","Lockon","Darkness"],"relics":["Cracked Core","Bottled Flame","Boot","Lizard Tail","Blue Candle","Vajra"],"potions_floor_usage":[16,16,20,24],"damage_taken":[{"damage":1,"enemies":"2 Louse","floor":1,"turns":2},{"damage":29,"enemies":"Lagavulin","floor":6,"turns":9},{"damage":4,"enemies":"Jaw Worm","floor":8,"turns":3},{"damage":2,"enemies":"Small Slimes","floor":10,"turns":3},{"damage":17,"enemies":"3 Louse","floor":11,"turns":4},{"damage":30,"enemies":"Exordium Thugs","floor":13,"turns":6},{"damage":2,"enemies":"Slime Boss","floor":16,"turns":10},{"damage":39,"enemies":"Spheric Guardian","floor":18,"turns":6},{"damage":22,"enemies":"2 Thieves","floor":20,"turns":4},{"damage":0,"enemies":"3 Cultists","floor":24,"turns":1},{"damage":119,"enemies":"Gremlin Leader","floor":27,"turns":9}],"seed_played":"3340577644544734903","potions_obtained":[{"floor":6,"key":"Dexterity Potion"},{"floor":8,"key":"FocusPotion"},{"floor":10,"key":"SmokeBomb"},{"floor":11,"key":"AttackPotion"},{"floor":18,"key":"Block Potion"}],"is_trial":false,"path_per_floor":["M","$","?","?","?","E","R","M","T","M","M","R","M","?","R","B",null,"M","?","M","T","$","R","M","R","T","E"],"character_chosen":"DEFECT","items_purchased":["Chill","Heatsinks","Defragment","Lockon","Darkness"],"campfire_rested":5,"item_purchase_floors":[2,2,22,22,22],"current_hp_per_floor":[74,74,74,59,59,30,52,48,48,46,29,51,21,21,43,41,75,36,36,14,14,14,36,36,58,58,0],"gold":76,"neow_bonus":"ONE_RANDOM_RARE_CARD","is_prod":false,"is_daily":false,"chose_seed":false,"campfire_upgraded":0,"win_rate":0.0,"timestamp":1552604272,"path_taken":["M","$","?","?","?","E","R","M","T","?","M","R","M","?","R","BOSS","M","?","M","?","$","R","M","R","T","E"],"build_version":"2019-01-23","purchased_purges":0,"victory":false,"max_hp_per_floor":[75,75,75,75,75,75,75,75,75,75,75,75,75,75,75,75,75,75,75,75,75,75,75,75,75,75,75],"card_choices":[{"not_picked":["Barrage","Steam"],"picked":"Coolheaded","floor":1},{"not_picked":["Redo","Go for the Eyes"],"picked":"Beam Cell","floor":6},{"not_picked":["Streamline","Coolheaded"],"picked":"Recycle","floor":8},{"not_picked":["Leap","Self Repair"],"picked":"Capacitor","floor":10},{"not_picked":["Multi-Cast","Barrage"],"picked":"Redo","floor":11},{"not_picked":["Turbo","Rebound"],"picked":"Ball Lightning","floor":13},{"not_picked":["Meteor Strike","Amplify"],"picked":"Machine Learning","floor":16},{"not_picked":["Scrape","Streamline"],"picked":"Sweeping Beam","floor":18},{"not_picked":["Steam","Skim+1"],"picked":"Cold Snap+1","floor":20}],"player_experience":84870,"relics_obtained":[{"floor":6,"key":"Bottled Flame"},{"floor":9,"key":"Boot"},{"floor":21,"key":"Blue Candle"},{"floor":26,"key":"Vajra"}],"event_choices":[{"damage_healed":0,"gold_gain":0,"player_choice":"Ignored","damage_taken":0,"max_hp_gain":0,"max_hp_loss":0,"event_name":"Liars Game","floor":3,"gold_loss":0},{"damage_healed":0,"gold_gain":0,"player_choice":"Entered Light","damage_taken":15,"max_hp_gain":0,"max_hp_loss":0,"event_name":"Shining Light","floor":4,"gold_loss":0,"cards_upgraded":["Defend_B","Heatsinks"]},{"damage_healed":0,"gold_gain":0,"player_choice":"Leave","damage_taken":0,"max_hp_gain":0,"max_hp_loss":0,"event_name":"The Cleric","floor":5,"gold_loss":0},{"damage_healed":0,"gold_gain":61,"player_choice":"Gained Gold","damage_taken":0,"max_hp_gain":0,"max_hp_loss":0,"event_name":"Golden Wing","floor":14,"gold_loss":0},{"cards_removed":["Recycle"],"damage_healed":0,"gold_gain":0,"player_choice":"Gave Gold","damage_taken":0,"max_hp_gain":0,"max_hp_loss":0,"event_name":"Beggar","floor":19,"gold_loss":75}],"is_beta":false,"boss_relics":[{"not_picked":["Black Star","Runic Pyramid"],"picked":"Lizard Tail"}],"items_purged_floors":[],"is_endless":false,"potions_floor_spawned":[6,8,10,11,18,24],"killed_by":"Gremlin Leader","ascension_level":0}