{"gold_per_floor":[115,45,55,71,81,100,100,120,120,120,145,145,180,180,180,257,257,276,144,159,173,173,198,198,4,55,55,155,172,504,522,522,596,596,616,616,300,317,333,333,333,361,388,398,398,398,9,36,36,36,36,36,36,36],"floor_reached":54,"playtime":2672,"items_purged":["Strike_B","Strike_B","Strike_B","Rip and Tear+1"],"score":1285,"play_id":"578cac04-4110-43ac-b24f-7415b714fe28","local_time":"20190313151203","is_ascension_mode":true,"campfire_choices":[{"data":"Zap","floor":7.0,"key":"SMITH"},{"data":"Static Discharge","floor":10.0,"key":"SMITH"},{"data":"Barrage","floor":12.0,"key":"SMITH"},{"data":"Rip and Tear","floor":15.0,"key":"SMITH"},{"floor":24.0,"key":"REST"},{"data":"Defragment","floor":27.0,"key":"SMITH"},{"data":"Consume","floor":32.0,"key":"SMITH"},{"floor":40.0,"key":"RECALL"},{"data":"Zap+1","floor":45.0,"key":"PURGE"},{"data":"Defend_B","floor":49.0,"key":"PURGE"},{"data":"Electrodynamics","floor":52.0,"key":"SMITH"}],"neow_cost":"NONE","seed_source_timestamp":12210216900963,"circlet_count":0,"master_deck":["AscendersBane","Defend_B","Defend_B","Dualcast","Static Discharge+1","Seek","Coolheaded+1","Glacier","Barrage+1","Conserve Battery","Ball Lightning","Electrodynamics+1","BootSequence","Genetic Algorithm","Undo+1","Conserve Battery+1","Defragment+1","Consume+1","Self Repair","Coolheaded","Skim","Fusion+1","Skim+1","Mayhem"],"special_seed":0,"relics":["Cracked Core","Ancient Tea Set","Smiling Mask","Blood Vial","DataDisk","Inserter","Blue Candle","Lantern","Peace Pipe","The Courier","Old Coin","Snecko Eye","Sundial","Du-Vu Doll","Centennial Puzzle","Bottled Lightning","Happy Flower"],"potions_floor_usage":[54],"damage_taken":[{"damage":0.0,"enemies":"Cultist","floor":1.0,"turns":3.0},{"damage":7.0,"enemies":"Jaw Worm","floor":3.0,"turns":3.0},{"damage":4.0,"enemies":"2 Louse","floor":4.0,"turns":2.0},{"damage":8.0,"enemies":"Exordium Thugs","floor":5.0,"turns":4.0},{"damage":0.0,"enemies":"Looter","floor":6.0,"turns":3.0},{"damage":0.0,"enemies":"Blue Slaver","floor":8.0,"turns":3.0},{"damage":6.0,"enemies":"3 Sentries","floor":11.0,"turns":5.0},{"damage":18.0,"enemies":"Gremlin Nob","floor":13.0,"turns":4.0},{"damage":7.0,"enemies":"Hexaghost","floor":16.0,"turns":10.0},{"damage":6.0,"enemies":"Shell Parasite","floor":18.0,"turns":5.0},{"damage":2.0,"enemies":"Chosen","floor":20.0,"turns":3.0},{"damage":8.0,"enemies":"Sentry and Sphere","floor":21.0,"turns":8.0},{"damage":19.0,"enemies":"Gremlin Leader","floor":23.0,"turns":9.0},{"damage":7.0,"enemies":"Colosseum Slavers","floor":28.0,"turns":2.0},{"damage":1.0,"enemies":"Colosseum Nobs","floor":28.0,"turns":3.0},{"damage":11.0,"enemies":"Snake Plant","floor":29.0,"turns":5.0},{"damage":7.0,"enemies":"Book of Stabbing","floor":30.0,"turns":5.0},{"damage":0.0,"enemies":"Centurion and Healer","floor":31.0,"turns":4.0},{"damage":12.0,"enemies":"Champ","floor":33.0,"turns":14.0},{"damage":28.0,"enemies":"3 Darklings","floor":35.0,"turns":4.0},{"damage":0.0,"enemies":"3 Shapes","floor":38.0,"turns":7.0},{"damage":0.0,"enemies":"3 Darklings","floor":39.0,"turns":4.0},{"damage":7.0,"enemies":"Giant Head","floor":42.0,"turns":13.0},{"damage":24.0,"enemies":"Spire Growth","floor":44.0,"turns":6.0},{"damage":12.0,"enemies":"Nemesis","floor":48.0,"turns":13.0},{"damage":15.0,"enemies":"Time Eater","floor":50.0,"turns":23.0},{"damage":66,"enemies":"Shield and Spear","floor":54,"turns":5}],"seed_played":"1805469578853248615","potions_obtained":[{"floor":6.0,"key":"Ancient Potion"},{"floor":8.0,"key":"SpeedPotion"},{"floor":18.0,"key":"Fire Potion"},{"floor":21.0,"key":"PowerPotion"},{"floor":30.0,"key":"FocusPotion"},{"floor":35.0,"key":"GamblersBrew"},{"floor":44.0,"key":"Strength Potion"}],"is_trial":false,"path_per_floor":["M","$","M","M","M","M","R","M","T","R","E","R","E","?","R","B",null,"M","$","M","M","?","E","R","$","T","R","?","M","E","M","R","B",null,"M","?","$","M","M","R","?","E","T","M","R","?","$","E","R","B",null,"R","$","E"],"character_chosen":"DEFECT","items_purchased":["Seek","Genetic Algorithm","Lantern","Sundial","Skim","Bottled Lightning","Mayhem"],"campfire_rested":1,"item_purchase_floors":[2,19,25,37,37,47,47],"current_hp_per_floor":[64,64,57,53,45,45,45,45,45,45,39,39,23,23,23,18,58,54,54,54,48,48,31,52,52,52,52,48,39,41,50,50,47,65,46,46,46,55,64,64,64,66,66,51,51,51,51,48,48,42,64,64,64,0],"gold":36,"neow_bonus":"RANDOM_COMMON_RELIC","is_prod":false,"is_daily":false,"chose_seed":false,"campfire_upgraded":7,"win_rate":0,"timestamp":1552504323,"path_taken":["M","?","M","M","M","M","R","M","T","R","E","R","E","?","R","BOSS","M","?","M","?","?","E","R","?","T","R","?","M","E","M","R","BOSS","M","?","$","M","M","R","?","E","T","?","R","?","$","E","R","BOSS","R","$","E"],"build_version":"2019-02-06","purchased_purges":4,"victory":false,"max_hp_per_floor":[71,71,71,71,71,71,71,71,71,71,71,71,71,71,71,71,71,71,71,71,71,71,71,71,71,71,71,71,71,71,71,71,71,71,71,71,71,71,71,71,71,71,71,71,71,71,71,71,71,71,71,71,71,71],"card_choices":[{"not_picked":["Barrage","Turbo"],"picked":"Static Discharge","floor":1.0},{"not_picked":["Double Energy","Scrape"],"picked":"Coolheaded","floor":3.0},{"not_picked":["Hologram","Conserve Battery"],"picked":"Rip and Tear","floor":4.0},{"not_picked":["Rebound","Force Field"],"picked":"Glacier","floor":5.0},{"not_picked":["Storm","Leap"],"picked":"Barrage","floor":6.0},{"not_picked":["Melter","Reboot"],"picked":"Conserve Battery","floor":8.0},{"not_picked":["Stack","Streamline","Coolheaded"],"picked":"SKIP","floor":11.0},{"not_picked":["Force Field","Barrage"],"picked":"Ball Lightning","floor":13.0},{"not_picked":["All For One","Seek"],"picked":"Electrodynamics","floor":16.0},{"not_picked":["Sweeping Beam","Gash"],"picked":"BootSequence","floor":18.0},{"not_picked":["Hologram","Chaos"],"picked":"Undo+1","floor":20.0},{"not_picked":["Sweeping Beam","Cold Snap"],"picked":"Conserve Battery+1","floor":21.0},{"not_picked":["Skim+1","Sweeping Beam"],"picked":"Consume","floor":23.0},{"not_picked":["Steam+1","Ball Lightning"],"picked":"Self Repair","floor":28.0},{"not_picked":["Chaos","Stack","Streamline"],"picked":"SKIP","floor":29.0},{"not_picked":["Streamline","Machine Learning","Sweeping Beam"],"picked":"SKIP","floor":30.0},{"not_picked":["Go for the Eyes","Compile Driver"],"picked":"Coolheaded","floor":31.0},{"not_picked":["Capacitor","Turbo+1","Melter"],"picked":"SKIP","floor":35.0},{"not_picked":["Conserve Battery","Darkness","White Noise"],"picked":"SKIP","floor":38.0},{"not_picked":["White Noise","Redo+1","Chill"],"picked":"SKIP","floor":39.0},{"not_picked":["Rip and Tear","Chill"],"picked":"Fusion+1","floor":42.0},{"not_picked":["Conserve Battery","Beam Cell"],"picked":"Skim+1","floor":44.0},{"not_picked":["Compile Driver","Beam Cell","Conserve Battery"],"picked":"SKIP","floor":48.0}],"player_experience":2162762,"relics_obtained":[{"floor":9.0,"key":"Smiling Mask"},{"floor":11.0,"key":"Blood Vial"},{"floor":13.0,"key":"DataDisk"},{"floor":23.0,"key":"Blue Candle"},{"floor":28.0,"key":"Peace Pipe"},{"floor":28.0,"key":"The Courier"},{"floor":30.0,"key":"Old Coin"},{"floor":42.0,"key":"Du-Vu Doll"},{"floor":43.0,"key":"Centennial Puzzle"},{"floor":48.0,"key":"Happy Flower"}],"event_choices":[{"damage_healed":0.0,"max_hp_gain":0.0,"max_hp_loss":0.0,"gold_gain":0.0,"event_name":"Upgrade Shrine","player_choice":"Upgraded","floor":14.0,"gold_loss":0.0,"damage_taken":0.0,"cards_upgraded":["Coolheaded"]},{"damage_healed":0.0,"max_hp_gain":0.0,"max_hp_loss":0.0,"gold_gain":0.0,"event_name":"The Library","player_choice":"Read","floor":22.0,"gold_loss":0.0,"damage_taken":0.0,"cards_obtained":["Defragment"]},{"damage_healed":0.0,"max_hp_gain":0.0,"max_hp_loss":0.0,"gold_gain":0.0,"event_name":"Colosseum","player_choice":"Fight","floor":28.0,"gold_loss":0.0,"damage_taken":0.0},{"damage_healed":0.0,"max_hp_gain":0.0,"max_hp_loss":0.0,"gold_gain":0.0,"event_name":"Colosseum","player_choice":"Fought Nobs","floor":28.0,"gold_loss":0.0,"damage_taken":0.0},{"cards_removed":["Strike_B"],"damage_healed":0.0,"max_hp_gain":0.0,"max_hp_loss":0.0,"gold_gain":0.0,"event_name":"Falling","player_choice":"Removed Attack","floor":36.0,"gold_loss":0.0,"damage_taken":0.0},{"cards_removed":["Defend_B"],"damage_healed":0.0,"max_hp_gain":0.0,"max_hp_loss":0.0,"gold_gain":0.0,"event_name":"Purifier","player_choice":"Purged","floor":41.0,"gold_loss":0.0,"damage_taken":0.0},{"damage_healed":0.0,"max_hp_gain":0.0,"max_hp_loss":0.0,"gold_gain":0.0,"event_name":"Mysterious Sphere","player_choice":"Ignored","floor":46.0,"gold_loss":0.0,"damage_taken":0.0}],"is_beta":true,"boss_relics":[{"not_picked":["Coffee Dripper","Sozu"],"picked":"Inserter"},{"not_picked":["Empty Cage","Tiny House"],"picked":"Snecko Eye"}],"items_purged_floors":[19,25,37,47],"is_endless":false,"potions_floor_spawned":[6,8,11,18,21,28,30,35,44],"killed_by":"Shield and Spear","ascension_level":15}