{"path_per_floor":["M","M","?","$","?","R","E","?","T","M","$","R","M","M","R","B",null,"M","T","?","?","M","R","E","R","T","M","M","?","M","$","R","B",null,"M","$","M","?","?","R","E","R","T","R","M","M","M","M","R"],"character_chosen":"IRONCLAD","items_purchased":["Inflame","Spot Weakness","Inflame","Meat on the Bone","Flex"],"gold_per_floor":[114,126,126,14,14,14,45,45,70,81,2,2,22,33,33,135,135,146,193,193,193,207,207,242,242,242,260,273,273,289,26,26,127,127,138,63,81,134,0,0,33,33,86,86,105,123,135,154,154],"floor_reached":50,"campfire_rested":2,"playtime":3396,"current_hp_per_floor":[80,76,76,76,76,76,64,57,57,63,63,63,68,67,67,48,72,72,72,72,72,78,78,72,72,72,78,59,59,53,53,53,21,72,58,58,61,19,19,60,55,55,55,55,41,33,28,31,72],"items_purged":["Pain"],"gold":154,"score":584,"play_id":"17f048b3-93d0-4e95-9e8a-6bc9df1fb4d5","is_prod":false,"is_daily":false,"is_ascension_mode":true,"campfire_upgraded":6,"path_taken":["M","M","?","$","?","R","E","?","T","M","?","R","M","M","R","BOSS","M","?","?","?","M","R","E","R","T","M","M","?","?","$","R","BOSS","M","$","M","?","?","R","E","R","T","R","M","M","M","?","R","BOSS"],"build_version":"2018-02-08-PROD1","purchased_purges":1,"victory":false,"master_deck":["Strike_R+1","Strike_R+1","Strike_R+1","Strike_R+1","Defend_R+1","Defend_R+1","Defend_R+1","Defend_R+1","Bash","Inflame+1","Spot Weakness+1","Shrug It Off","Armaments+1","Inflame+1","Warcry","Heavy Blade+1","Offering","Battle Trance+1","Heavy Blade+1","Flex+1","Double Tap","Flex+1","Exhume","Doubt","Pain","Warcry","Flame Barrier","Shockwave","Warcry+1","Pommel Strike+1"],"max_hp_per_floor":[80,80,80,80,80,80,80,80,80,80,80,80,80,80,80,80,80,80,80,80,80,80,80,80,80,80,80,80,80,80,80,80,80,87,87,87,87,87,87,87,87,87,87,87,87,87,87,87,87],"relics":["Burning Blood","Orichalcum","Mercury Hourglass","Matryoshka","Paper Frog","Anchor","Question Card","Bronze Scales","Bag of Marbles","Regal Pillow","Du-Vu Doll","Meat on the Bone","Calling Bell","Oddly Smooth Stone","Strawberry","Pen Nib","Girya","Red Mask","War Paint","Vajra"],"card_choices":[{"not_picked":["Reckless Charge","Juggernaut"],"picked":"Shrug It Off"},{"not_picked":["Warcry","Iron Wave"],"picked":"Armaments"},{"not_picked":["Twin Strike","Pummel"],"picked":"Warcry"},{"not_picked":["Cleave","Body Slam"],"picked":"Heavy Blade"},{"not_picked":["Juggernaut","Feed"],"picked":"Offering"},{"not_picked":["Heavy Blade","Rampage","Havoc"],"picked":"Battle Trance"},{"not_picked":["Perfected Strike","True Grit","Bloodletting"],"picked":"Heavy Blade"},{"not_picked":["Disarm","Body Slam","Corruption"],"picked":"Flex"},{"not_picked":["Cleave","Armaments","Searing Blow"],"picked":"Double Tap"},{"not_picked":["Double Tap","Dark Embrace","Demon Form"],"picked":"Exhume"},{"not_picked":["Anger","Wild Strike","Berserk"],"picked":"Warcry"},{"not_picked":["Thunderclap","Reckless Charge","Headbutt"],"picked":"Flame Barrier"},{"not_picked":["Burning Pact","Headbutt","Juggernaut"],"picked":"Shockwave"},{"not_picked":["Carnage","Rupture","Body Slam"],"picked":"Warcry"},{"not_picked":["Disarm","Flex","Rampage"],"picked":"Pommel Strike"}],"player_experience":109362,"potions_floor_usage":[14,22,33,33,33,47,48,50,50],"damage_taken":[{"damage":0,"enemies":"2 Louse","floor":1,"turns":3},{"damage":10,"enemies":"Blue Slaver","floor":2,"turns":6},{"damage":18,"enemies":"3 Sentries","floor":7,"turns":5},{"damage":0,"enemies":"Cultist","floor":10,"turns":3},{"damage":1,"enemies":"3 Louse","floor":13,"turns":4},{"damage":7,"enemies":"Gremlin Gang","floor":14,"turns":2},{"damage":25,"enemies":"The Guardian","floor":16,"turns":8},{"damage":6,"enemies":"Chosen","floor":18,"turns":4},{"damage":0,"enemies":"Spheric Guardian","floor":22,"turns":3},{"damage":12,"enemies":"Slavers","floor":24,"turns":4},{"damage":0,"enemies":"Chosen and Byrds","floor":27,"turns":4},{"damage":25,"enemies":"Slaver and Parasite","floor":28,"turns":4},{"damage":12,"enemies":"Centurion and Healer","floor":30,"turns":4},{"damage":65,"enemies":"Champ","floor":33,"turns":9},{"damage":20,"enemies":"3 Shapes","floor":35,"turns":6},{"damage":3,"enemies":"Orb Walker","floor":37,"turns":2},{"damage":60,"enemies":"Mysterious Sphere","floor":38,"turns":6},{"damage":11,"enemies":"Giant Head","floor":41,"turns":4},{"damage":32,"enemies":"3 Darklings","floor":45,"turns":6},{"damage":26,"enemies":"4 Shapes","floor":46,"turns":6},{"damage":23,"enemies":"Maw","floor":47,"turns":5},{"damage":15,"enemies":"3 Darklings","floor":48,"turns":7},{"damage":74,"enemies":"Time Eater","floor":50,"turns":9}],"event_choices":[{"event_name":"Purifier","player_choice":"One Purge","floor":3,"damage_taken":0},{"event_name":"Accursed Blacksmith","player_choice":"Rummage","floor":5,"damage_taken":0},{"event_name":"Golden Wing","player_choice":"Card Removal","floor":8,"damage_taken":0},{"event_name":"Back to Basics","player_choice":"Simplicity","floor":20,"damage_taken":0},{"event_name":"The Woman in Blue","player_choice":"Bought 0 Potions","floor":21,"damage_taken":0},{"event_name":"Vampires","player_choice":"Ignored","floor":29,"damage_taken":0},{"event_name":"Mysterious Sphere","player_choice":"Fight","floor":38,"damage_taken":0},{"event_name":"Tomb of Lord Red Mask","player_choice":"Paid","floor":39,"damage_taken":0}],"boss_relics":[{"not_picked":["Runic Dome","Sozu"],"picked":"Question Card"},{"not_picked":["Black Blood","Astrolabe"],"picked":"Calling Bell"}],"potions_floor_spawned":[2,10,14,16,27,30,33,38,45,46,48],"seed_played":"-2772635375568444093","killed_by":"Time Eater","ascension_level":5,"is_trial":false}