{"gold_per_floor":[113,132,152,152,168,168,197,197,221,232,251,29,55,55,55,55],"floor_reached":16,"playtime":517,"items_purged":["Strike_G"],"score":134,"play_id":"5cde4f12-5d34-4d40-943a-58218b6d60de","local_time":"20190312170802","is_ascension_mode":true,"campfire_choices":[{"data":"Neutralize","floor":6,"key":"SMITH"},{"floor":8,"key":"REST"},{"data":"Cloak And Dagger","floor":15,"key":"SMITH"}],"neow_cost":"NONE","seed_source_timestamp":95877222828925,"circlet_count":0,"master_deck":["Defend_G","Defend_G","Defend_G","Defend_G","Defend_G","Strike_G","Strike_G","Survivor","Neutralize+1","Accuracy","Caltrops","Acrobatics","Poisoned Stab","Glass Knife","Cloak And Dagger+1","Predator"],"relics":["Ring of the Snake","Dream Catcher","Blood Vial","Bronze Scales","Regal Pillow"],"potions_floor_usage":[3,7,13],"damage_taken":[{"damage":2,"enemies":"Cultist","floor":1,"turns":4},{"damage":0,"enemies":"2 Louse","floor":2,"turns":3},{"damage":2,"enemies":"Small Slimes","floor":3,"turns":3},{"damage":1,"enemies":"Blue Slaver","floor":5,"turns":6},{"damage":34,"enemies":"3 Sentries","floor":7,"turns":10},{"damage":27,"enemies":"Gremlin Gang","floor":10,"turns":4},{"damage":7,"enemies":"3 Louse","floor":11,"turns":3},{"damage":24,"enemies":"Gremlin Nob","floor":13,"turns":4},{"damage":18,"enemies":"Slime Boss","floor":16,"turns":3}],"seed_played":"-5677194496436393044","potions_obtained":[{"floor":1,"key":"Swift Potion"},{"floor":2,"key":"AttackPotion"},{"floor":11,"key":"Weak Potion"},{"floor":13,"key":"SteroidPotion"}],"is_trial":false,"path_per_floor":["M","M","M","?","M","R","E","R","T","M","M","$","E","?","R","B"],"character_chosen":"THE_SILENT","items_purchased":["Bronze Scales"],"campfire_rested":1,"item_purchase_floors":[12],"current_hp_per_floor":[75,75,73,73,72,72,38,61,61,36,31,31,9,2,2,0],"gold":55,"neow_bonus":"TEN_PERCENT_HP_BONUS","is_prod":false,"is_daily":false,"chose_seed":false,"campfire_upgraded":2,"win_rate":0,"timestamp":1552435682,"path_taken":["M","M","M","?","M","R","E","R","T","?","M","$","E","?","R","BOSS"],"build_version":"2019-01-23","purchased_purges":1,"victory":false,"max_hp_per_floor":[77,77,77,77,77,77,77,77,77,77,77,77,77,77,77,77],"card_choices":[{"not_picked":["Endless Agony","Riddle With Holes"],"picked":"Accuracy","floor":1},{"not_picked":["Poisoned Stab","Blur"],"picked":"Caltrops","floor":2},{"not_picked":["Slice","Outmaneuver"],"picked":"Acrobatics","floor":3},{"not_picked":["Slice","Riddle With Holes"],"picked":"Poisoned Stab","floor":5},{"not_picked":["Quick Slash","Expertise"],"picked":"Glass Knife","floor":7},{"not_picked":["Leg Sweep","Dagger Spray"],"picked":"Cloak And Dagger","floor":10},{"not_picked":["Dagger Throw","Prepared"],"picked":"Predator","floor":11},{"not_picked":["Flying Knee","Skewer","Underhanded Strike"],"picked":"SKIP","floor":13}],"player_experience":407868,"relics_obtained":[{"floor":7,"key":"Dream Catcher"},{"floor":9,"key":"Blood Vial"},{"floor":13,"key":"Regal Pillow"}],"event_choices":[{"cards_removed":["Strike_G"],"damage_healed":0,"gold_gain":0,"player_choice":"Offered Basic","damage_taken":0,"max_hp_gain":0,"max_hp_loss":0,"event_name":"Bonfire Elementals","floor":4,"gold_loss":0},{"cards_removed":["Strike_G"],"damage_healed":0,"gold_gain":0,"player_choice":"Card Removal","damage_taken":7,"max_hp_gain":0,"max_hp_loss":0,"event_name":"Golden Wing","floor":14,"gold_loss":0}],"is_beta":false,"boss_relics":[],"items_purged_floors":[12],"is_endless":false,"potions_floor_spawned":[1,2,11,13],"killed_by":"Slime Boss","ascension_level":4}