{"gold_per_floor":[117,65,65,18,34,34,67,67,67,27,42,54,54,73,73,73],"floor_reached":16,"playtime":599,"items_purged":[],"score":140,"play_id":"c72491a7-5051-4bd4-a3ab-666991eee88a","local_time":"20190314021103","is_ascension_mode":true,"campfire_choices":[{"data":"Armaments","floor":6,"key":"SMITH"},{"data":"Body Slam","floor":8,"key":"SMITH"},{"data":"Entrench","floor":13,"key":"SMITH"},{"data":"Body Slam","floor":15,"key":"SMITH"}],"neow_cost":"NONE","seed_source_timestamp":6433084197217,"circlet_count":0,"master_deck":["Strike_R","Strike_R","Strike_R","Strike_R","Strike_R","Defend_R","Defend_R","Defend_R","Defend_R","Bash","Madness","Wild Strike","Body Slam+1","Shrug It Off","Armaments+1","Flame Barrier","Feel No Pain","Entrench+1","Body Slam+1"],"relics":["Burning Blood","Self Forming Clay","Question Card"],"potions_floor_usage":[7,16],"damage_taken":[{"damage":5,"enemies":"2 Louse","floor":1,"turns":3},{"damage":6,"enemies":"Cultist","floor":5,"turns":5},{"damage":50,"enemies":"Lagavulin","floor":7,"turns":7},{"damage":7,"enemies":"Jaw Worm","floor":11,"turns":3},{"damage":0,"enemies":"Blue Slaver","floor":12,"turns":4},{"damage":2,"enemies":"Red Slaver","floor":14,"turns":4},{"damage":41,"enemies":"Hexaghost","floor":16,"turns":9}],"seed_played":"3743771234807832456","potions_obtained":[{"floor":5,"key":"Fire Potion"},{"floor":11,"key":"Ancient Potion"},{"floor":12,"key":"Explosive Potion"}],"is_trial":false,"path_per_floor":["M","$","?","$","M","R","E","R","T","$","M","M","R","M","R","B"],"character_chosen":"IRONCLAD","items_purchased":["Body Slam","Shrug It Off","Feel No Pain"],"campfire_rested":0,"item_purchase_floors":[2,4,10],"current_hp_per_floor":[73,73,73,73,73,73,29,29,29,29,28,34,34,38,38,0],"gold":73,"neow_bonus":"RANDOM_COLORLESS","is_prod":false,"is_daily":false,"chose_seed":false,"campfire_upgraded":4,"win_rate":0,"timestamp":1552497063,"path_taken":["M","$","?","$","?","R","E","R","T","?","M","M","R","M","R","BOSS"],"build_version":"2019-01-23","purchased_purges":0,"victory":false,"max_hp_per_floor":[80,80,80,80,80,80,80,80,80,80,80,80,80,80,80,80],"card_choices":[{"not_picked":["Entrench","Headbutt"],"picked":"Wild Strike","floor":1},{"not_picked":["Uppercut","Wild Strike"],"picked":"Armaments","floor":5},{"not_picked":["Clash","Perfected Strike"],"picked":"Flame Barrier","floor":7},{"not_picked":["Heavy Blade","Thunderclap","Flex","Havoc"],"picked":"SKIP","floor":11},{"not_picked":["Clothesline","Dark Embrace","Sentinel"],"picked":"Entrench","floor":12},{"not_picked":["Headbutt","Perfected Strike","Twin Strike"],"picked":"Body Slam","floor":14}],"player_experience":351901,"relics_obtained":[{"floor":7,"key":"Self Forming Clay"},{"floor":9,"key":"Question Card"}],"event_choices":[{"damage_healed":0,"gold_gain":0,"player_choice":"Bought 0 Potions","damage_taken":0,"max_hp_gain":0,"max_hp_loss":0,"event_name":"The Woman in Blue","floor":3,"gold_loss":0}],"is_beta":false,"boss_relics":[],"items_purged_floors":[],"is_endless":false,"potions_floor_spawned":[5,11,12],"killed_by":"Hexaghost","ascension_level":8}