{"gold_per_floor":[118,118,118,131,151,183,18,51,51,81,94,94,104,131,131,205,205,224,224,224,244,277,277,309,309,309,309,309,309,309,234,234,307,307,317,328,550,564,582,582,636,655,680,693,21,47,59,71,71,71,71,71,34,63,63],"floor_reached":55,"playtime":2936,"items_purged":["Perfected Strike","Strike_R"],"score":1360,"play_id":"62e755b1-6c4f-41e4-bf0f-b2e8453c6ad6","local_time":"20190103201415","is_ascension_mode":true,"campfire_choices":[{"data":"True Grit","floor":12,"key":"SMITH"},{"data":"Whirlwind","floor":15,"key":"SMITH"},{"data":"Shockwave","floor":23,"key":"SMITH"},{"data":"Feel No Pain","floor":25,"key":"SMITH"},{"data":"Corruption","floor":29,"key":"SMITH"},{"data":"Immolate","floor":32,"key":"SMITH"},{"floor":40,"key":"RECALL"},{"data":"Body Slam","floor":49,"key":"SMITH"},{"floor":52,"key":"DIG"}],"neow_cost":"NONE","seed_source_timestamp":81956063316956,"circlet_count":0,"master_deck":["AscendersBane","Strike_R","Defend_R","Defend_R","Defend_R","Defend_R","Bash+1","Shockwave+1","Iron Wave","Anger","Shrug It Off","Twin Strike","Feel No Pain+1","Immolate+1","Clothesline","Feed","True Grit+1","Whirlwind+1","Feed","Headbutt+1","Corruption+1","Shrug It Off","Shrug It Off","Shrug It Off","Battle Trance","Impervious","Reaper","Disarm","Shrug It Off","Armaments+1","Shrug It Off+1","Disarm","Body Slam+1","Corruption","Shockwave+1"],"relics":["Burning Blood","Meat on the Bone","Prayer Wheel","Gremlin Horn","Paper Frog","Pen Nib","Dodecahedron","Sozu","Red Mask","Letter Opener","Omamori","Bag of Marbles","Empty Cage","Shovel","Ancient Tea Set","Turnip","Mummified Hand","Nunchaku","Shuriken","Vajra"],"potions_floor_usage":[10,10,16,33],"damage_taken":[{"damage":6,"enemies":"Cultist","floor":1,"turns":5},{"damage":7,"enemies":"Jaw Worm","floor":4,"turns":4},{"damage":6,"enemies":"2 Louse","floor":5,"turns":3},{"damage":37,"enemies":"Lagavulin","floor":6,"turns":7},{"damage":39,"enemies":"Gremlin Nob","floor":8,"turns":5},{"damage":24,"enemies":"Lagavulin","floor":10,"turns":8},{"damage":4,"enemies":"Blue Slaver","floor":11,"turns":4},{"damage":10,"enemies":"Large Slime","floor":13,"turns":5},{"damage":29,"enemies":"Gremlin Nob","floor":14,"turns":4},{"damage":12,"enemies":"Slime Boss","floor":16,"turns":8},{"damage":3,"enemies":"Chosen","floor":18,"turns":4},{"damage":16,"enemies":"Shell Parasite","floor":21,"turns":6},{"damage":49,"enemies":"Masked Bandits","floor":22,"turns":5},{"damage":2,"enemies":"Gremlin Leader","floor":24,"turns":5},{"damage":41,"enemies":"Collector","floor":33,"turns":12},{"damage":9,"enemies":"Orb Walker","floor":35,"turns":4},{"damage":11,"enemies":"3 Darklings","floor":36,"turns":3},{"damage":1,"enemies":"Spire Growth","floor":38,"turns":4},{"damage":0,"enemies":"Maw","floor":39,"turns":9},{"damage":14,"enemies":"2 Orb Walkers","floor":41,"turns":5},{"damage":8,"enemies":"Writhing Mass","floor":42,"turns":7},{"damage":19,"enemies":"Jaw Worm Horde","floor":44,"turns":5},{"damage":48,"enemies":"Nemesis","floor":46,"turns":11},{"damage":3,"enemies":"Sphere and 2 Shapes","floor":47,"turns":9},{"damage":3,"enemies":"Writhing Mass","floor":48,"turns":7},{"damage":62,"enemies":"Awakened One","floor":50,"turns":22},{"damage":14,"enemies":"Shield and Spear","floor":54,"turns":5},{"damage":134,"enemies":"The Heart","floor":55,"turns":11}],"seed_played":"1054362475683153381","potions_obtained":[{"floor":1,"key":"BloodPotion"},{"floor":6,"key":"EssenceOfSteel"},{"floor":10,"key":"Strength Potion"},{"floor":11,"key":"Weak Potion"}],"is_trial":false,"path_per_floor":["M","?","T","M","M","E","$","E","T","E","M","R","M","E","R","B",null,"M","?","?","M","?","R","E","R","T","T","T","R","?","$","R","B",null,"M","M","?","M","M","R","?","M","T","M","$","E","M","M","R","B",null,"R","$","E","B"],"character_chosen":"IRONCLAD","items_purchased":["Shrug It Off","Twin Strike","Feel No Pain","Turnip","Mummified Hand","Corruption"],"campfire_rested":0,"item_purchase_floors":[7,7,7,45,45,53],"current_hp_per_floor":[68,68,68,67,67,48,48,27,27,28,42,42,53,42,42,51,74,77,77,54,59,34,34,50,50,50,50,50,50,50,50,50,30,81,81,76,76,81,97,97,92,93,93,95,95,76,86,89,89,59,110,110,110,112,0],"gold":63,"neow_bonus":"REMOVE_CARD","is_prod":false,"is_daily":false,"chose_seed":false,"campfire_upgraded":7,"win_rate":0,"timestamp":1546564455,"path_taken":["M","?","?","M","?","E","$","E","T","E","M","R","M","E","R","BOSS","M","?","?","M","?","R","E","R","T","?","?","R","?","$","R","BOSS","M","M","?","M","M","R","?","M","T","M","$","E","M","M","R","BOSS","R","$","E","BOSS"],"build_version":"2019-01-02","purchased_purges":2,"victory":false,"max_hp_per_floor":[75,75,75,75,75,75,75,75,75,75,75,75,78,78,78,81,81,81,81,86,89,95,95,95,95,95,95,95,95,95,95,95,98,98,101,101,101,101,104,104,107,110,110,116,116,120,127,127,127,127,127,127,127,130,130],"card_choices":[{"not_picked":["True Grit","Perfected Strike"],"picked":"Shockwave","floor":1},{"not_picked":["Heavy Blade","Evolve"],"picked":"Perfected Strike","floor":4},{"not_picked":["Body Slam","Armaments"],"picked":"Iron Wave","floor":5},{"not_picked":["Wild Strike","Hemokinesis"],"picked":"Anger","floor":6},{"not_picked":["Sword Boomerang","Twin Strike"],"picked":"Immolate","floor":8},{"not_picked":["Infernal Blade","Iron Wave"],"picked":"Clothesline","floor":10},{"not_picked":["Shrug It Off","Burning Pact"],"picked":"Feed","floor":11},{"not_picked":["Hemokinesis","Anger"],"picked":"True Grit","floor":11},{"not_picked":["Perfected Strike","Anger"],"picked":"Whirlwind","floor":13},{"not_picked":["Warcry","Dropkick","Combust"],"picked":"SKIP","floor":13},{"not_picked":["Evolve","Searing Blow","Hemokinesis"],"picked":"SKIP","floor":14},{"not_picked":["Fiend Fire","Bludgeon"],"picked":"Feed","floor":16},{"not_picked":["True Grit","Twin Strike"],"picked":"Headbutt+1","floor":18},{"not_picked":["Body Slam+1","Anger","Corruption"],"picked":"SKIP","floor":18},{"not_picked":["Flex+1","Body Slam"],"picked":"Corruption","floor":21},{"not_picked":["Combust","Thunderclap"],"picked":"Shrug It Off","floor":21},{"not_picked":["Perfected Strike","Inflame"],"picked":"Shrug It Off","floor":22},{"not_picked":["Wild Strike","Immolate"],"picked":"Shrug It Off","floor":24},{"not_picked":["Brutality","Feed"],"picked":"Impervious","floor":33},{"not_picked":["Searing Blow+1","Sword Boomerang","Cleave"],"picked":"SKIP","floor":35},{"not_picked":["Wild Strike","Rupture","Warcry"],"picked":"SKIP","floor":35},{"not_picked":["Rampage","Headbutt"],"picked":"Reaper","floor":36},{"not_picked":["Heavy Blade","Warcry","Cleave"],"picked":"SKIP","floor":36},{"not_picked":["Blood for Blood+1","Havoc"],"picked":"Disarm","floor":38},{"not_picked":["Rampage","Heavy Blade+1","Sword Boomerang+1"],"picked":"SKIP","floor":38},{"not_picked":["Rampage","Heavy Blade+1","Sword Boomerang+1"],"picked":"SKIP","floor":38},{"not_picked":["Second Wind+1","Ghostly Armor","Rage"],"picked":"SKIP","floor":39},{"not_picked":["Flex","Headbutt","Clothesline"],"picked":"SKIP","floor":39},{"not_picked":["Clothesline","Feed"],"picked":"Shrug It Off","floor":42},{"not_picked":["Clothesline","Fire Breathing","Armaments"],"picked":"SKIP","floor":42},{"not_picked":["Twin Strike+1","Seeing Red+1"],"picked":"Armaments+1","floor":44},{"not_picked":["Havoc+1","Warcry+1"],"picked":"Shrug It Off+1","floor":44},{"not_picked":["Burning Pact","Pommel Strike","Flex"],"picked":"SKIP","floor":46},{"not_picked":["Dual Wield+1","Twin Strike","Pommel Strike"],"picked":"SKIP","floor":47},{"not_picked":["Flex","Double Tap","Sword Boomerang"],"picked":"SKIP","floor":47},{"not_picked":["Cleave","Body Slam"],"picked":"Disarm","floor":48},{"not_picked":["Sword Boomerang+1","Metallicize"],"picked":"Body Slam","floor":48},{"not_picked":["Carnage","Flex"],"picked":"Shockwave+1","floor":54}],"player_experience":1814486,"relics_obtained":[{"floor":3,"key":"Meat on the Bone"},{"floor":6,"key":"Prayer Wheel"},{"floor":8,"key":"Gremlin Horn"},{"floor":9,"key":"Paper Frog"},{"floor":10,"key":"Pen Nib"},{"floor":14,"key":"Dodecahedron"},{"floor":22,"key":"Red Mask"},{"floor":24,"key":"Letter Opener"},{"floor":26,"key":"Omamori"},{"floor":28,"key":"Bag of Marbles"},{"floor":41,"key":"Shovel"},{"floor":43,"key":"Ancient Tea Set"},{"floor":46,"key":"Nunchaku"},{"floor":52,"key":"Shuriken"},{"floor":54,"key":"Vajra"}],"event_choices":[{"damage_healed":0,"gold_gain":0,"player_choice":"Grow","damage_taken":0,"max_hp_gain":0,"max_hp_loss":0,"event_name":"Living Wall","floor":2,"gold_loss":0,"cards_upgraded":["Bash"]},{"damage_healed":0,"gold_gain":0,"player_choice":"Ignored","damage_taken":0,"max_hp_gain":0,"max_hp_loss":0,"event_name":"The Mausoleum","floor":19,"gold_loss":0},{"damage_healed":0,"gold_gain":0,"player_choice":"Shed Blood","damage_taken":28,"max_hp_gain":5,"max_hp_loss":0,"event_name":"Forgotten Altar","floor":20,"gold_loss":0},{"damage_healed":0,"gold_gain":0,"player_choice":"Fought Bandits","damage_taken":0,"max_hp_gain":0,"max_hp_loss":0,"event_name":"Masked Bandits","floor":22,"gold_loss":0},{"damage_healed":0,"gold_gain":0,"player_choice":"Read","damage_taken":0,"max_hp_gain":0,"max_hp_loss":0,"event_name":"The Library","floor":30,"gold_loss":0,"cards_obtained":["Battle Trance"]},{"damage_healed":0,"gold_gain":222,"player_choice":"Wore Mask","damage_taken":0,"max_hp_gain":0,"max_hp_loss":0,"event_name":"Tomb of Lord Red Mask","floor":37,"gold_loss":0},{"damage_healed":0,"gold_gain":0,"player_choice":"Fight","damage_taken":0,"max_hp_gain":0,"max_hp_loss":0,"event_name":"Mysterious Sphere","floor":41,"gold_loss":0}],"is_beta":true,"boss_relics":[{"not_picked":["Lizard Tail","Velvet Choker"],"picked":"Sozu"},{"not_picked":["White Beast Statue","Runic Dome"],"picked":"Empty Cage"}],"items_purged_floors":[31,45],"is_endless":false,"potions_floor_spawned":[1,6,10,11,13,18,38,39,41,42,44],"killed_by":"The Heart","ascension_level":15}