{"gold_per_floor":[113,45,65,65,30,30,45,45,45,56,56,70,100,114,114,213,213,225,235,235,235,235,263,263,276,355,355,355,375,375],"floor_reached":30,"playtime":1573,"items_purged":[],"score":277,"play_id":"3c9e11d2-132a-4f61-b357-27be1aa11030","local_time":"20190314121359","is_ascension_mode":false,"campfire_choices":[{"data":"Capacitor","floor":6,"key":"SMITH"},{"data":"Genetic Algorithm","floor":8,"key":"SMITH"},{"floor":15,"key":"REST"},{"floor":24,"key":"REST"},{"floor":28,"key":"REST"}],"neow_cost":"PERCENT_DAMAGE","seed_source_timestamp":61245630833169,"circlet_count":0,"master_deck":["Strike_B","Strike_B","Strike_B","Strike_B","Defend_B","Defend_B","Defend_B","Zap","Dualcast","Cold Snap","Capacitor+1","Go for the Eyes","Genetic Algorithm+1","Ball Lightning+1","Barrage+1","Stack","FTL+1","Meteor Strike+1","Melter+1","Beam Cell+1","Loop","Rebound+1","Double Energy"],"relics":["Cracked Core","Nunchaku","Mummified Hand","Molten Egg 2","Letter Opener","Dodecahedron","Black Star","Pantograph","Du-Vu Doll","Bottled Lightning"],"potions_floor_usage":[13,13,18,22,30],"damage_taken":[{"damage":1,"enemies":"Cultist","floor":1,"turns":3},{"damage":5,"enemies":"2 Louse","floor":3,"turns":2},{"damage":6,"enemies":"Jaw Worm","floor":7,"turns":3},{"damage":1,"enemies":"Blue Slaver","floor":10,"turns":4},{"damage":15,"enemies":"Lots of Slimes","floor":12,"turns":3},{"damage":0,"enemies":"3 Sentries","floor":13,"turns":4},{"damage":0,"enemies":"Large Slime","floor":14,"turns":5},{"damage":25,"enemies":"Slime Boss","floor":16,"turns":7},{"damage":3,"enemies":"Spheric Guardian","floor":18,"turns":3},{"damage":20,"enemies":"2 Thieves","floor":19,"turns":4},{"damage":0,"enemies":"Snecko","floor":22,"turns":3},{"damage":29,"enemies":"Book of Stabbing","floor":23,"turns":5},{"damage":43,"enemies":"3 Cultists","floor":25,"turns":5},{"damage":14,"enemies":"Cultist and Chosen","floor":29,"turns":6},{"damage":10,"enemies":"Colosseum Slavers","floor":30,"turns":1}],"seed_played":"5248801984192721005","potions_obtained":[{"floor":7,"key":"SkillPotion"},{"floor":12,"key":"FocusPotion"},{"floor":14,"key":"SmokeBomb"},{"floor":16,"key":"Fire Potion"},{"floor":23,"key":"FocusPotion"}],"is_trial":false,"path_per_floor":["M","$","M","?","?","R","M","R","T","M","T","M","E","M","R","B",null,"M","M","?","?","M","E","R","M","T","?","R","M","?"],"character_chosen":"DEFECT","items_purchased":["Capacitor"],"campfire_rested":3,"item_purchase_floors":[2],"current_hp_per_floor":[53,53,48,41,59,59,53,53,53,52,52,37,37,37,59,34,75,72,52,52,52,52,23,45,2,2,2,24,10,0],"gold":375,"neow_bonus":"ONE_RARE_RELIC","is_prod":false,"is_daily":false,"chose_seed":false,"campfire_upgraded":2,"win_rate":0.0,"timestamp":1552590839,"path_taken":["M","$","?","?","?","R","M","R","T","M","?","M","E","?","R","BOSS","M","M","?","?","?","E","R","M","T","?","R","M","?"],"build_version":"2019-01-23","purchased_purges":0,"victory":false,"max_hp_per_floor":[75,75,75,75,75,75,75,75,75,75,75,75,75,75,75,75,75,75,75,75,75,75,75,75,75,75,75,75,75,75],"card_choices":[{"not_picked":["Stack","Hologram"],"picked":"Cold Snap","floor":1},{"not_picked":["Turbo","Streamline"],"picked":"Go for the Eyes","floor":3},{"not_picked":["Ball Lightning","Sweeping Beam"],"picked":"Genetic Algorithm","floor":7},{"not_picked":["Gash+1","Cold Snap+1"],"picked":"Ball Lightning+1","floor":10},{"not_picked":["Seek","Rebound+1"],"picked":"Barrage+1","floor":12},{"not_picked":["Gash+1","Leap"],"picked":"Stack","floor":13},{"not_picked":["Steam Power","Force Field"],"picked":"FTL+1","floor":14},{"not_picked":["Core Surge+1","Fission"],"picked":"Meteor Strike+1","floor":16},{"not_picked":["Hologram","Genetic Algorithm+1"],"picked":"Melter+1","floor":18},{"not_picked":["Sweeping Beam+1","Hologram"],"picked":"Beam Cell+1","floor":19},{"not_picked":["Storm","Auto Shields+1"],"picked":"Loop","floor":23},{"not_picked":["Reprogram+1","Barrage+1"],"picked":"Rebound+1","floor":25},{"not_picked":["Fusion+1","Conserve Battery"],"picked":"Double Energy","floor":29}],"player_experience":72125,"relics_obtained":[{"floor":9,"key":"Molten Egg 2"},{"floor":11,"key":"Letter Opener"},{"floor":13,"key":"Dodecahedron"},{"floor":23,"key":"Pantograph"},{"floor":23,"key":"Du-Vu Doll"},{"floor":26,"key":"Bottled Lightning"}],"event_choices":[{"damage_healed":0,"gold_gain":0,"player_choice":"Success","damage_taken":7,"relics_obtained":["Mummified Hand"],"max_hp_gain":0,"max_hp_loss":0,"event_name":"Scrap Ooze","floor":4,"gold_loss":0},{"damage_healed":18,"gold_gain":0,"player_choice":"Healed","damage_taken":0,"max_hp_gain":0,"max_hp_loss":0,"event_name":"The Cleric","floor":5,"gold_loss":35},{"damage_healed":0,"gold_gain":0,"player_choice":"Ignored","damage_taken":0,"max_hp_gain":0,"max_hp_loss":0,"event_name":"Ghosts","floor":20,"gold_loss":0},{"cards_removed":["Defend_B"],"damage_healed":0,"gold_gain":0,"player_choice":"Purged","damage_taken":0,"max_hp_gain":0,"max_hp_loss":0,"event_name":"Purifier","floor":21,"gold_loss":0},{"damage_healed":0,"gold_gain":0,"player_choice":"Ignored","damage_taken":0,"max_hp_gain":0,"max_hp_loss":0,"event_name":"Beggar","floor":27,"gold_loss":0},{"damage_healed":0,"gold_gain":0,"player_choice":"Fight","damage_taken":0,"max_hp_gain":0,"max_hp_loss":0,"event_name":"Colosseum","floor":30,"gold_loss":0}],"is_beta":false,"boss_relics":[{"not_picked":["Velvet Choker","Coffee Dripper"],"picked":"Black Star"}],"items_purged_floors":[],"is_endless":false,"potions_floor_spawned":[7,12,14,16,22,23],"killed_by":"Colosseum Slavers","ascension_level":0}