{"gold_per_floor":[20,20,95,109,120,137,168,168,168,168,186,186,196,223,223,295,295,313,34,52,52,62,62,96,96,123,123,136,61,74,74,74,151,151,170,170,181,281,281,281,312,324,350,350,201,201,235,0,0,0,0,0,0,33,33],"floor_reached":56,"playtime":2272,"items_purged":["Strike_G","Regret"],"score":1933,"play_id":"8b3b5018-095f-4eca-b280-17afcd345401","local_time":"20190125224645","is_ascension_mode":true,"campfire_choices":[{"data":"Quick Slash","floor":8,"key":"SMITH"},{"data":"Malaise","floor":10,"key":"SMITH"},{"floor":12,"key":"REST"},{"data":"Corpse Explosion","floor":15,"key":"SMITH"},{"data":"Catalyst","floor":23,"key":"SMITH"},{"floor":25,"key":"REST"},{"data":"Well Laid Plans","floor":27,"key":"SMITH"},{"floor":32,"key":"REST"},{"floor":40,"key":"REST"},{"floor":44,"key":"REST"},{"floor":49,"key":"RECALL"},{"data":"Noxious Fumes","floor":52,"key":"SMITH"}],"neow_cost":"NO_GOLD","seed_source_timestamp":1429703978287794,"circlet_count":0,"master_deck":["AscendersBane","Defend_G","Defend_G","Defend_G","Defend_G","Strike_G","Survivor","Neutralize+1","Well Laid Plans+1","Quick Slash+1","Malaise+1","Backflip","Quick Slash+1","Catalyst+1","Corpse Explosion+1","Poisoned Stab+1","Cloak And Dagger","Dodge and Roll","Leg Sweep","Writhe","PiercingWail+1","Flying Knee+1","Die Die Die+1","Burst","Apotheosis+1","Prepared+1","Footwork","PiercingWail","Blur+1","Noxious Fumes+1","Footwork"],"relics":["Ring of the Snake","Letter Opener","Molten Egg 2","Vajra","Empty Cage","Lee\u0027s Waffle","Bottled Lightning","Anchor","Cursed Key","StoneCalendar","Unceasing Top","Potion Belt","DollysMirror","Oddly Smooth Stone"],"potions_floor_usage":[7,7,16,24,38,55,55],"damage_taken":[{"damage":0,"enemies":"Small Slimes","floor":1,"turns":4},{"damage":0,"enemies":"2 Louse","floor":4,"turns":4},{"damage":0,"enemies":"Cultist","floor":5,"turns":4},{"damage":1,"enemies":"Blue Slaver","floor":6,"turns":5},{"damage":5,"enemies":"Gremlin Nob","floor":7,"turns":3},{"damage":9,"enemies":"Large Slime","floor":11,"turns":5},{"damage":0,"enemies":"Looter","floor":13,"turns":3},{"damage":7,"enemies":"Lagavulin","floor":14,"turns":8},{"damage":22,"enemies":"Slime Boss","floor":16,"turns":9},{"damage":3,"enemies":"Shell Parasite","floor":18,"turns":6},{"damage":14,"enemies":"Spheric Guardian","floor":20,"turns":5},{"damage":7,"enemies":"Shelled Parasite and Fungi","floor":22,"turns":5},{"damage":30,"enemies":"Slavers","floor":24,"turns":2},{"damage":7,"enemies":"Snecko","floor":28,"turns":8},{"damage":0,"enemies":"Snake Plant","floor":30,"turns":5},{"damage":46,"enemies":"Collector","floor":33,"turns":13},{"damage":0,"enemies":"3 Darklings","floor":35,"turns":3},{"damage":0,"enemies":"3 Shapes","floor":37,"turns":4},{"damage":3,"enemies":"Mind Bloom Boss Battle","floor":38,"turns":7},{"damage":39,"enemies":"Giant Head","floor":41,"turns":6},{"damage":0,"enemies":"Spire Growth","floor":42,"turns":7},{"damage":11,"enemies":"Reptomancer","floor":47,"turns":8},{"damage":3,"enemies":"Time Eater","floor":50,"turns":10},{"damage":2,"enemies":"Shield and Spear","floor":54,"turns":8},{"damage":52,"enemies":"The Heart","floor":55,"turns":9}],"seed_played":"-7944617602492739242","potions_obtained":[{"floor":1,"key":"FearPotion"},{"floor":6,"key":"Poison Potion"},{"floor":11,"key":"SkillPotion"},{"floor":13,"key":"SpeedPotion"},{"floor":14,"key":"PowerPotion"},{"floor":22,"key":"GamblersBrew"},{"floor":24,"key":"Swift Potion"},{"floor":30,"key":"Fire Potion"},{"floor":38,"key":"Fire Potion"}],"is_trial":false,"path_per_floor":["M","?","?","M","M","M","E","R","T","R","M","R","M","E","R","B",null,"M","$","M","?","M","R","E","R","T","R","M","$","M","?","R","B",null,"M","?","M","?","?","R","E","M","T","R","$","?","E","$","R","B",null,"R","$","E","B",null],"character_chosen":"THE_SILENT","items_purchased":["Lee\u0027s Waffle","Cloak And Dagger","Dodge and Roll","PiercingWail","Noxious Fumes","DollysMirror"],"campfire_rested":5,"item_purchase_floors":[19,19,19,45,48,48],"current_hp_per_floor":[59,59,48,48,48,47,42,42,42,42,33,52,52,45,45,23,55,52,73,59,59,52,52,22,43,43,43,36,36,36,36,57,11,58,58,48,48,45,45,66,27,27,27,48,48,48,37,37,37,34,60,60,60,58,6],"gold":33,"neow_bonus":"REMOVE_TWO","is_prod":false,"is_daily":false,"chose_seed":false,"campfire_upgraded":6,"win_rate":0,"timestamp":1548474405,"path_taken":["M","?","?","M","M","M","E","R","T","R","M","R","M","E","R","BOSS","M","$","M","?","M","R","E","R","T","R","M","?","M","?","R","BOSS","M","?","M","?","?","R","E","?","T","R","$","?","E","?","R","BOSS","R","$","E","BOSS"],"build_version":"2019-01-23","purchased_purges":2,"victory":true,"max_hp_per_floor":[66,66,66,66,66,66,66,66,66,66,66,66,66,66,66,66,66,66,73,73,73,73,73,73,73,73,73,73,73,73,73,73,73,73,73,73,73,73,73,73,73,73,73,73,73,69,69,69,69,69,69,69,69,69,69],"card_choices":[{"not_picked":["Quick Slash","Cloak And Dagger"],"picked":"Well Laid Plans","floor":1},{"not_picked":["Infinite Blades","Slice","Blade Dance"],"picked":"SKIP","floor":4},{"not_picked":["All Out Attack","Choke"],"picked":"Quick Slash","floor":5},{"not_picked":["Sucker Punch","Expertise"],"picked":"Malaise","floor":6},{"not_picked":["Finisher","Quick Slash"],"picked":"Backflip","floor":7},{"not_picked":["Outmaneuver","Slice+1"],"picked":"Quick Slash+1","floor":11},{"not_picked":["Expertise","Escape Plan"],"picked":"Catalyst","floor":13},{"not_picked":["Deflect","Accuracy"],"picked":"Corpse Explosion","floor":14},{"not_picked":["Blade Dance","Well Laid Plans"],"picked":"Poisoned Stab+1","floor":18},{"not_picked":["All Out Attack+1","Outmaneuver"],"picked":"Leg Sweep","floor":20},{"not_picked":["Riddle With Holes+1","Leg Sweep"],"picked":"PiercingWail+1","floor":22},{"not_picked":["Quick Slash+1","Flechettes+1","Dagger Throw+1"],"picked":"SKIP","floor":24},{"not_picked":["Backflip","Dodge and Roll"],"picked":"Flying Knee+1","floor":28},{"not_picked":["Acrobatics","Bouncing Flask"],"picked":"Die Die Die+1","floor":30},{"not_picked":["Venomology","Bullet Time"],"picked":"Burst","floor":33},{"not_picked":["Accuracy","Underhanded Strike+1","Poisoned Stab+1"],"picked":"SKIP","floor":35},{"not_picked":["Finesse","Blind"],"picked":"Apotheosis","floor":36},{"not_picked":["Blade Dance","Predator+1","Backflip"],"picked":"SKIP","floor":37},{"not_picked":["Masterful Stab+1","Tactician"],"picked":"Prepared+1","floor":41},{"not_picked":["Caltrops","Slice+1"],"picked":"Footwork","floor":42},{"not_picked":["Escape Plan","Unload+1"],"picked":"Blur+1","floor":47},{"not_picked":["All Out Attack+1","Accuracy","Unload+1"],"picked":"SKIP","floor":54}],"player_experience":1883472,"relics_obtained":[{"floor":7,"key":"Letter Opener"},{"floor":9,"key":"Molten Egg 2"},{"floor":14,"key":"Vajra"},{"floor":24,"key":"Bottled Lightning"},{"floor":26,"key":"Anchor"},{"floor":38,"key":"StoneCalendar"},{"floor":41,"key":"Unceasing Top"},{"floor":47,"key":"Potion Belt"},{"floor":54,"key":"Oddly Smooth Stone"}],"event_choices":[{"damage_healed":0,"gold_gain":0,"player_choice":"Grow","damage_taken":0,"max_hp_gain":0,"max_hp_loss":0,"event_name":"Living Wall","floor":2,"gold_loss":0,"cards_upgraded":["Neutralize"]},{"damage_healed":0,"gold_gain":75,"player_choice":"Gather Gold","damage_taken":11,"max_hp_gain":0,"max_hp_loss":0,"event_name":"World of Goop","floor":3,"gold_loss":0},{"damage_healed":0,"gold_gain":0,"player_choice":"1 cards matched","damage_taken":0,"max_hp_gain":0,"max_hp_loss":0,"event_name":"Match and Keep!","floor":21,"gold_loss":0,"cards_obtained":["Writhe"]},{"damage_healed":0,"gold_gain":0,"player_choice":"Ignored","damage_taken":0,"max_hp_gain":0,"max_hp_loss":0,"event_name":"Beggar","floor":31,"gold_loss":0},{"damage_healed":0,"gold_gain":0,"player_choice":"Memory 3","damage_taken":10,"max_hp_gain":0,"max_hp_loss":0,"event_name":"SensoryStone","floor":36,"gold_loss":0},{"damage_healed":0,"gold_gain":0,"player_choice":"Fight","damage_taken":0,"max_hp_gain":0,"max_hp_loss":0,"event_name":"MindBloom","floor":38,"gold_loss":0},{"damage_healed":0,"gold_gain":0,"player_choice":"Forge","damage_taken":0,"max_hp_gain":0,"max_hp_loss":0,"event_name":"Accursed Blacksmith","floor":39,"gold_loss":0,"cards_upgraded":["Apotheosis"]},{"damage_healed":0,"gold_gain":0,"player_choice":"Max HP","damage_taken":0,"max_hp_gain":0,"max_hp_loss":4,"event_name":"Winding Halls","floor":46,"gold_loss":0}],"is_beta":true,"boss_relics":[{"not_picked":["Busted Crown","Calling Bell"],"picked":"Empty Cage"},{"not_picked":["White Beast Statue","Pandora\u0027s Box"],"picked":"Cursed Key"}],"items_purged_floors":[29,45],"is_endless":false,"potions_floor_spawned":[1,6,11,13,14,22,24,30,37,38,41],"ascension_level":15}