{"gold_per_floor":[118,134,134,13,27,60,60,60,138,86,115,115,115,127,127,230,230,245,264,179,179,194,194,223,223,246,271,271,271,291,321,321,321],"floor_reached":33,"playtime":2094,"items_purged":[],"score":336,"play_id":"d1b9bf4e-508a-4856-92a2-99731a90cef9","local_time":"20190311203101","is_ascension_mode":false,"campfire_choices":[{"data":"Heavy Blade","floor":8,"key":"SMITH"},{"data":"Shrug It Off","floor":13,"key":"SMITH"},{"data":"Dual Wield","floor":15,"key":"SMITH"},{"data":"Infernal Blade","floor":23,"key":"SMITH"},{"floor":25,"key":"REST"},{"floor":28,"key":"REST"},{"floor":32,"key":"REST"}],"neow_cost":"NONE","seed_source_timestamp":107630974293333,"circlet_count":0,"master_deck":["Strike_R","Strike_R","Strike_R","Strike_R","Defend_R","Defend_R","Defend_R","Defend_R","Bash","Thunderclap+1","Clash","Fire Breathing+1","Good Instincts","Heavy Blade+1","Metallicize","Headbutt","Shrug It Off+1","Dual Wield+1","Feed","Heavy Blade","Uppercut","Infernal Blade+1","Blood for Blood+1","Heavy Blade+1","PanicButton","Good Instincts","Dramatic Entrance","Discovery","Spot Weakness","Clash"],"relics":["Burning Blood","Vajra","PreservedInsect","Dodecahedron","Paper Frog","Kunai","Mango","Omamori","Boot","Mercury Hourglass"],"potions_floor_usage":[31,31,33,33],"damage_taken":[{"damage":10,"enemies":"Small Slimes","floor":1,"turns":3},{"damage":6,"enemies":"Cultist","floor":2,"turns":3},{"damage":6,"enemies":"Jaw Worm","floor":5,"turns":2},{"damage":20,"enemies":"3 Sentries","floor":6,"turns":7},{"damage":36,"enemies":"Lagavulin","floor":11,"turns":4},{"damage":6,"enemies":"Large Slime","floor":14,"turns":4},{"damage":48,"enemies":"Hexaghost","floor":16,"turns":9},{"damage":2,"enemies":"Spheric Guardian","floor":18,"turns":3},{"damage":10,"enemies":"2 Thieves","floor":19,"turns":3},{"damage":44,"enemies":"Shelled Parasite and Fungi","floor":22,"turns":6},{"damage":17,"enemies":"Gremlin Leader","floor":24,"turns":5},{"damage":29,"enemies":"Slavers","floor":27,"turns":3},{"damage":13,"enemies":"Chosen and Byrds","floor":30,"turns":4},{"damage":27,"enemies":"Gremlin Leader","floor":31,"turns":5},{"damage":41,"enemies":"Automaton","floor":33,"turns":8}],"seed_played":"-2970159291815604704","potions_obtained":[{"floor":1,"key":"Explosive Potion"},{"floor":6,"key":"Energy Potion"},{"floor":11,"key":"Swift Potion"},{"floor":16,"key":"Block Potion"},{"floor":19,"key":"SteroidPotion"},{"floor":31,"key":"PowerPotion"}],"is_trial":false,"path_per_floor":["M","M","?","$","M","E","?","R","T","$","E","?","R","M","R","B",null,"M","M","?","?","M","R","E","R","T","E","R","?","M","E","R","B"],"character_chosen":"IRONCLAD","items_purchased":["Fire Breathing","Good Instincts","Headbutt"],"campfire_rested":3,"item_purchase_floors":[4,4,10],"current_hp_per_floor":[76,76,76,76,76,62,62,62,62,62,32,80,80,80,80,38,80,83,82,82,82,44,44,47,77,77,57,87,37,30,9,39,0],"gold":321,"neow_bonus":"RANDOM_COMMON_RELIC","is_prod":false,"is_daily":false,"chose_seed":false,"campfire_upgraded":4,"win_rate":0.0,"timestamp":1552361461,"path_taken":["M","M","?","?","M","E","?","R","T","?","E","?","R","?","R","BOSS","M","M","?","?","M","R","E","R","T","E","R","?","?","E","R","BOSS"],"build_version":"2019-01-23","purchased_purges":0,"victory":false,"max_hp_per_floor":[80,80,80,80,80,80,80,80,80,80,80,80,80,80,80,80,80,83,86,86,86,86,86,100,100,100,103,103,103,103,103,103,103],"card_choices":[{"not_picked":["Metallicize","Pommel Strike"],"picked":"Thunderclap","floor":1},{"not_picked":["Bloodletting","Sword Boomerang"],"picked":"Clash","floor":2},{"not_picked":["Body Slam","Sword Boomerang"],"picked":"Heavy Blade","floor":5},{"not_picked":["Sever Soul","Entrench"],"picked":"Metallicize","floor":6},{"not_picked":["Clothesline","Impervious"],"picked":"Shrug It Off","floor":11},{"not_picked":["True Grit","Pommel Strike"],"picked":"Dual Wield","floor":14},{"not_picked":["Exhume","Reaper"],"picked":"Feed","floor":16},{"not_picked":["Thunderclap+1","Dropkick"],"picked":"Heavy Blade","floor":18},{"not_picked":["Pommel Strike","Headbutt"],"picked":"Uppercut","floor":19},{"not_picked":["Shockwave","Havoc"],"picked":"Infernal Blade","floor":22},{"not_picked":["Dark Embrace","True Grit+1"],"picked":"Blood for Blood+1","floor":24},{"not_picked":["Whirlwind","Wild Strike+1"],"picked":"Heavy Blade+1","floor":27},{"not_picked":["Heavy Blade","Perfected Strike+1"],"picked":"Spot Weakness","floor":30},{"not_picked":["Sword Boomerang","Bloodletting"],"picked":"Clash","floor":31}],"player_experience":20730,"relics_obtained":[{"floor":6,"key":"PreservedInsect"},{"floor":9,"key":"Dodecahedron"},{"floor":11,"key":"Paper Frog"},{"floor":24,"key":"Mango"},{"floor":26,"key":"Omamori"},{"floor":27,"key":"Boot"},{"floor":31,"key":"Mercury Hourglass"}],"event_choices":[{"damage_healed":0,"gold_gain":0,"player_choice":"Upgraded","damage_taken":0,"max_hp_gain":0,"max_hp_loss":0,"event_name":"Upgrade Shrine","floor":3,"gold_loss":0,"cards_upgraded":["Thunderclap"]},{"damage_healed":0,"gold_gain":0,"player_choice":"Grow","damage_taken":0,"max_hp_gain":0,"max_hp_loss":0,"event_name":"Living Wall","floor":7,"gold_loss":0,"cards_upgraded":["Fire Breathing"]},{"damage_healed":48,"gold_gain":0,"player_choice":"Full Heal","damage_taken":0,"max_hp_gain":0,"max_hp_loss":0,"event_name":"Wheel of Change","floor":12,"gold_loss":0},{"damage_healed":0,"gold_gain":0,"player_choice":"Obtained Relic","damage_taken":0,"relics_obtained":["Kunai"],"max_hp_gain":0,"max_hp_loss":0,"event_name":"Addict","floor":20,"gold_loss":85},{"cards_removed":["Strike_R"],"damage_healed":0,"gold_gain":0,"player_choice":"Elegance","damage_taken":0,"max_hp_gain":0,"max_hp_loss":0,"event_name":"Back to Basics","floor":21,"gold_loss":0},{"damage_healed":0,"gold_gain":0,"player_choice":"CARD CARD CARD CARD ","damage_taken":50,"max_hp_gain":0,"max_hp_loss":0,"event_name":"Knowing Skull","floor":29,"potions_obtained":[],"gold_loss":0,"cards_obtained":["PanicButton","Good Instincts","Dramatic Entrance","Discovery"]}],"is_beta":false,"boss_relics":[{"not_picked":["Velvet Choker","Sozu","Snecko Eye"]}],"items_purged_floors":[],"is_endless":false,"potions_floor_spawned":[1,6,11,16,19,24,27,31],"killed_by":"Automaton","ascension_level":0}