{"gold_per_floor":[219,219,235,59,118,164,164,196,196,226,226,261,298,317,317,317],"floor_reached":16,"playtime":715,"items_purged":[],"score":106,"play_id":"0b140d17-0151-46b9-bb66-423f394d8518","local_time":"20190310010038","is_ascension_mode":false,"campfire_choices":[{"floor":7,"key":"REST"},{"data":"Limit Break","floor":11,"key":"SMITH"},{"floor":15,"key":"RECALL"}],"neow_cost":"NONE","seed_source_timestamp":765394074483712,"circlet_count":0,"master_deck":["Strike_R","Strike_R","Strike_R","Strike_R","Defend_R","Defend_R","Defend_R","Defend_R","Bash","Heavy Blade","Heavy Blade","HandOfGreed","Inflame","Limit Break+1","Shrug It Off","True Grit"],"relics":["Burning Blood","Ancient Tea Set"],"potions_floor_usage":[6,16,16],"damage_taken":[{"damage":5,"enemies":"2 Louse","floor":1,"turns":2},{"damage":6,"enemies":"Cultist","floor":3,"turns":3},{"damage":15,"enemies":"Small Slimes","floor":5,"turns":6},{"damage":54,"enemies":"Lagavulin","floor":6,"turns":6},{"damage":9,"enemies":"Blue Slaver","floor":8,"turns":5},{"damage":2,"enemies":"2 Fungi Beasts","floor":10,"turns":3},{"damage":1,"enemies":"3 Louse","floor":12,"turns":3},{"damage":4,"enemies":"Blue Slaver","floor":13,"turns":4},{"damage":11,"enemies":"Large Slime","floor":14,"turns":5},{"damage":53,"enemies":"Hexaghost","floor":16,"turns":9}],"seed_played":"4621300786034902199","potions_obtained":[{"floor":1,"key":"PowerPotion"},{"floor":10,"key":"Poison Potion"},{"floor":12,"key":"Ancient Potion"},{"floor":14,"key":"LiquidBronze"}],"is_trial":false,"path_per_floor":["M","?","M","$","M","E","R","M","T","M","R","M","M","M","R","B"],"character_chosen":"IRONCLAD","items_purchased":["HandOfGreed"],"campfire_rested":1,"item_purchase_floors":[4],"current_hp_per_floor":[80,80,80,80,71,23,47,44,44,48,48,53,55,50,50,0],"gold":317,"neow_bonus":"HUNDRED_GOLD","is_prod":false,"is_daily":false,"chose_seed":false,"campfire_upgraded":1,"win_rate":0,"timestamp":1552197638,"path_taken":["M","?","M","$","M","E","R","M","T","M","R","M","M","?","R","BOSS"],"build_version":"2019-01-23","purchased_purges":0,"victory":false,"max_hp_per_floor":[80,80,80,80,80,80,80,80,80,80,80,80,80,80,80,80],"card_choices":[{"not_picked":["Sever Soul","Havoc"],"picked":"Heavy Blade","floor":1},{"not_picked":["Wild Strike","Cleave"],"picked":"Heavy Blade","floor":3},{"not_picked":["Body Slam","Cleave","Havoc"],"picked":"SKIP","floor":5},{"not_picked":["Sentinel","Rupture"],"picked":"Inflame","floor":6},{"not_picked":["Fire Breathing","Pommel Strike"],"picked":"Limit Break","floor":8},{"not_picked":["Rampage","Flex"],"picked":"Shrug It Off","floor":10},{"not_picked":["Combust","Warcry","Bloodletting"],"picked":"SKIP","floor":12},{"not_picked":["Thunderclap","Body Slam"],"picked":"True Grit","floor":13},{"not_picked":["Seeing Red","Perfected Strike","Anger"],"picked":"SKIP","floor":14}],"player_experience":1180074,"relics_obtained":[{"floor":6,"key":"Ancient Tea Set"}],"event_choices":[{"cards_removed":["Strike_R"],"damage_healed":0,"gold_gain":0,"player_choice":"Purged","damage_taken":0,"max_hp_gain":0,"max_hp_loss":0,"event_name":"Purifier","floor":2,"gold_loss":0}],"is_beta":false,"boss_relics":[],"items_purged_floors":[],"is_endless":false,"potions_floor_spawned":[1,10,12,14],"killed_by":"Hexaghost","ascension_level":0}