{"gold_per_floor":[117,192,192,206,230,269,269,324,376,376,415,385,426,439,439,537,537,558,551,196,196,216,216,250,250,300,200,244,259,303,322,322,413,413,432,307,322,655,669,696,711,711,711,723,748,748,776,227,227,227,227,227,84,115,115],"floor_reached":56,"playtime":3087,"items_purged":["Strike_G","Strike_G","Strike_G","Defend_G"],"score":2117,"play_id":"71880ac2-4f9d-4e46-bdae-4c38c842ea98","local_time":"20190306152242","is_ascension_mode":true,"campfire_choices":[{"data":"Neutralize","floor":7,"key":"SMITH"},{"floor":10,"key":"REST"},{"data":"Noxious Fumes","floor":15,"key":"SMITH"},{"data":"Corpse Explosion","floor":23,"key":"SMITH"},{"data":"Doppelganger","floor":25,"key":"SMITH"},{"data":"Crippling Poison","floor":32,"key":"SMITH"},{"floor":42,"key":"RECALL"},{"data":"After Image","floor":49,"key":"SMITH"},{"data":"Well Laid Plans","floor":52,"key":"SMITH"}],"neow_cost":"NONE","seed_source_timestamp":1474904475055789,"circlet_count":0,"master_deck":["AscendersBane","Defend_G","Defend_G","Defend_G","Defend_G","Survivor","Neutralize+1","Bouncing Flask","Cloak And Dagger","Blur","Noxious Fumes+1","Backflip","Dash","After Image+1","Cloak And Dagger","Crippling Poison+1","Footwork","After Image","Corpse Explosion+1","Doppelganger+1","PiercingWail+1","Footwork","PiercingWail+1","Cloak And Dagger+1","Deadly Poison+1","Well Laid Plans+1","The Bomb+1","Acrobatics+1","PiercingWail+1"],"relics":["Ring of the Snake","PreservedInsect","Bag of Preparation","Tiny Chest","Happy Flower","Pen Nib","Meat on the Bone","Sozu","DollysMirror","Blood Vial","Toxic Egg 2","Centennial Puzzle","Eternal Feather","Matryoshka","Bronze Scales","Orichalcum","Medical Kit","Lantern","Anchor","FossilizedHelix"],"potions_floor_usage":[6,16,24],"damage_taken":[{"damage":1,"enemies":"Small Slimes","floor":1,"turns":5},{"damage":2,"enemies":"Jaw Worm","floor":4,"turns":4},{"damage":0,"enemies":"2 Louse","floor":5,"turns":2},{"damage":15,"enemies":"Gremlin Nob","floor":6,"turns":4},{"damage":9,"enemies":"Lagavulin","floor":11,"turns":7},{"damage":0,"enemies":"Looter","floor":12,"turns":4},{"damage":19,"enemies":"Gremlin Nob","floor":13,"turns":4},{"damage":1,"enemies":"Blue Slaver","floor":14,"turns":4},{"damage":4,"enemies":"The Guardian","floor":16,"turns":10},{"damage":0,"enemies":"Chosen","floor":18,"turns":5},{"damage":4,"enemies":"2 Thieves","floor":19,"turns":4},{"damage":1,"enemies":"Sentry and Sphere","floor":22,"turns":7},{"damage":10,"enemies":"Slavers","floor":24,"turns":3},{"damage":14,"enemies":"Book of Stabbing","floor":28,"turns":5},{"damage":0,"enemies":"Snake Plant","floor":29,"turns":5},{"damage":5,"enemies":"Gremlin Leader","floor":30,"turns":7},{"damage":0,"enemies":"Centurion and Healer","floor":31,"turns":5},{"damage":5,"enemies":"Collector","floor":33,"turns":9},{"damage":0,"enemies":"3 Shapes","floor":35,"turns":4},{"damage":0,"enemies":"Orb Walker","floor":37,"turns":6},{"damage":10,"enemies":"Spire Growth","floor":39,"turns":8},{"damage":3,"enemies":"Giant Head","floor":40,"turns":9},{"damage":4,"enemies":"Sphere and 2 Shapes","floor":41,"turns":5},{"damage":0,"enemies":"Writhing Mass","floor":44,"turns":7},{"damage":19,"enemies":"Reptomancer","floor":45,"turns":8},{"damage":0,"enemies":"Nemesis","floor":47,"turns":9},{"damage":35,"enemies":"Awakened One","floor":50,"turns":19},{"damage":26,"enemies":"Shield and Spear","floor":54,"turns":6},{"damage":23,"enemies":"The Heart","floor":55,"turns":12}],"seed_played":"-2575170524521302821","potions_obtained":[{"floor":5,"key":"Fire Potion"},{"floor":6,"key":"SpeedPotion"},{"floor":13,"key":"SpeedPotion"}],"is_trial":false,"path_per_floor":["M","?","?","M","M","E","R","T","T","R","E","M","E","M","R","B",null,"M","M","$","?","M","R","E","R","T","$","E","M","E","M","R","B",null,"M","$","M","?","M","E","M","R","T","M","E","?","E","$","R","B",null,"R","$","E","B",null],"character_chosen":"THE_SILENT","items_purchased":["Footwork","DollysMirror","Medical Kit","Acrobatics+1","Lantern","Anchor"],"campfire_rested":1,"item_purchase_floors":[20,20,48,48,48,53],"current_hp_per_floor":[58,47,47,45,45,30,30,30,30,48,39,39,20,31,31,39,55,55,51,51,51,50,50,40,40,40,40,40,42,39,41,41,38,55,57,57,59,59,50,49,47,60,60,60,41,36,38,38,53,32,53,60,60,34,25],"gold":115,"neow_bonus":"RANDOM_COMMON_RELIC","is_prod":false,"is_daily":false,"chose_seed":false,"campfire_upgraded":7,"win_rate":0,"timestamp":1551903762,"path_taken":["M","?","?","M","M","E","R","?","T","R","E","M","E","M","R","BOSS","M","M","$","?","M","R","E","R","T","$","E","M","E","M","R","BOSS","M","$","M","?","M","E","M","R","T","M","E","?","E","$","R","BOSS","R","$","E","BOSS"],"build_version":"2019-02-06","purchased_purges":4,"victory":true,"max_hp_per_floor":[66,66,60,60,60,60,60,60,60,60,60,60,60,60,60,60,60,60,60,60,60,60,60,60,60,60,60,60,60,60,60,60,60,60,60,60,60,60,60,60,60,60,60,60,60,60,60,60,60,60,60,60,60,60,60],"card_choices":[{"not_picked":["Sucker Punch","Backflip"],"picked":"Bouncing Flask","floor":1},{"not_picked":["Deflect","Slice"],"picked":"Cloak And Dagger","floor":4},{"not_picked":["Bouncing Flask","Outmaneuver"],"picked":"Blur","floor":5},{"not_picked":["Terror","Choke","Cloak And Dagger"],"picked":"SKIP","floor":6},{"not_picked":["Slice","Backflip"],"picked":"Noxious Fumes","floor":11},{"not_picked":["Slice","Finisher"],"picked":"Backflip","floor":12},{"not_picked":["Flechettes","Acrobatics"],"picked":"Dash","floor":13},{"not_picked":["All Out Attack","Underhanded Strike","Dash"],"picked":"SKIP","floor":14},{"not_picked":["Doppelganger","Burst"],"picked":"After Image","floor":16},{"not_picked":["Poisoned Stab","Reflex"],"picked":"Cloak And Dagger","floor":18},{"not_picked":["Expertise+1","PiercingWail"],"picked":"Crippling Poison","floor":19},{"not_picked":["Bouncing Flask","Backflip","Underhanded Strike"],"picked":"SKIP","floor":22},{"not_picked":["Slice+1","Tools of the Trade","Blade Dance"],"picked":"SKIP","floor":24},{"not_picked":["Slice","Underhanded Strike+1"],"picked":"PiercingWail","floor":28},{"not_picked":["Flying Knee","Masterful Stab"],"picked":"Footwork","floor":29},{"not_picked":["Blade Dance+1","Riddle With Holes","Tactician+1"],"picked":"SKIP","floor":30},{"not_picked":["Footwork","Deflect+1"],"picked":"PiercingWail+1","floor":31},{"not_picked":["Riddle With Holes+1","Distraction+1","Deadly Poison+1"],"picked":"SKIP","floor":35},{"not_picked":["Blade Dance+1","Dagger Throw"],"picked":"Cloak And Dagger+1","floor":37},{"not_picked":["Quick Slash","Cloak And Dagger+1"],"picked":"Deadly Poison+1","floor":39},{"not_picked":["Distraction+1","Choke","Endless Agony"],"picked":"SKIP","floor":40},{"not_picked":["Prepared+1","Sucker Punch+1","Backflip+1"],"picked":"SKIP","floor":41},{"not_picked":["Deadly Poison+1","Slice","Flechettes"],"picked":"SKIP","floor":44},{"not_picked":["PiercingWail+1","Cloak And Dagger+1"],"picked":"Well Laid Plans","floor":45},{"not_picked":["Trip+1","Bandage Up+1"],"picked":"The Bomb+1","floor":46},{"not_picked":["Slice","Endless Agony","Cloak And Dagger+1"],"picked":"SKIP","floor":47},{"not_picked":["Dagger Spray","Tools of the Trade"],"picked":"PiercingWail+1","floor":54}],"player_experience":2099003,"relics_obtained":[{"floor":6,"key":"Bag of Preparation"},{"floor":8,"key":"Tiny Chest"},{"floor":9,"key":"Happy Flower"},{"floor":11,"key":"Pen Nib"},{"floor":13,"key":"Meat on the Bone"},{"floor":26,"key":"Blood Vial"},{"floor":28,"key":"Toxic Egg 2"},{"floor":30,"key":"Centennial Puzzle"},{"floor":40,"key":"Matryoshka"},{"floor":43,"key":"Bronze Scales"},{"floor":47,"key":"Orichalcum"},{"floor":54,"key":"FossilizedHelix"}],"event_choices":[{"damage_healed":0,"gold_gain":75,"player_choice":"Gather Gold","damage_taken":11,"max_hp_gain":0,"max_hp_loss":0,"event_name":"World of Goop","floor":2,"gold_loss":0},{"damage_healed":0,"gold_gain":0,"player_choice":"Lose Max HP","damage_taken":0,"relics_obtained":["Golden Idol"],"max_hp_gain":0,"max_hp_loss":6,"event_name":"Golden Idol","floor":3,"gold_loss":0},{"damage_healed":0,"gold_gain":0,"cards_transformed":["Strike_G","Strike_G"],"player_choice":"Became Test Subject","damage_taken":0,"max_hp_gain":0,"max_hp_loss":0,"event_name":"Drug Dealer","floor":21,"gold_loss":0,"cards_obtained":["Corpse Explosion","Doppelganger"]},{"damage_healed":0,"gold_gain":333,"player_choice":"Gave Idol","damage_taken":0,"max_hp_gain":0,"max_hp_loss":0,"event_name":"The Moai Head","floor":38,"relics_lost":["Golden Idol"],"gold_loss":0},{"damage_healed":0,"gold_gain":0,"player_choice":"Memory 2","damage_taken":5,"max_hp_gain":0,"max_hp_loss":0,"event_name":"SensoryStone","floor":46,"gold_loss":0}],"is_beta":true,"boss_relics":[{"not_picked":["Ring of the Serpent","Runic Pyramid"],"picked":"Sozu"},{"not_picked":["HoveringKite","Coffee Dripper"],"picked":"Eternal Feather"}],"items_purged_floors":[20,27,36,48],"is_endless":false,"potions_floor_spawned":[5,6,13,19,28,33,37,39,41,45,47],"ascension_level":15}