{"gold_per_floor":[109,109,123,2,18,50,68,87,112,112,131,131,144,155,155,260,260,276,276,50,63,76,76,92,92,119,129,129],"floor_reached":28,"playtime":1966,"items_purged":["Writhe"],"score":226,"play_id":"6772d628-19da-4443-a6e9-d8442adbf521","local_time":"20190312222620","is_ascension_mode":false,"campfire_choices":[{"floor":12,"key":"REST"},{"floor":15,"key":"REST"},{"floor":23,"key":"REST"}],"neow_cost":"NONE","seed_source_timestamp":201079163983111,"circlet_count":0,"master_deck":["Strike_R","Strike_R","Strike_R","Strike_R","Defend_R","Defend_R","Defend_R","Defend_R","Bash","Limit Break","Sword Boomerang","Thunderclap","Flex","Inflame","Clash","Shrug It Off","Cleave","Infernal Blade","Uppercut","Headbutt","Thunderclap","Heavy Blade","Limit Break","Iron Wave","Flex","Anger","Finesse","Armaments","Clothesline+1","Armaments+1","Necronomicurse","Heavy Blade"],"relics":["Burning Blood","NlothsMask","Champion Belt","Runic Cube","MawBank","Necronomicon","PreservedInsect"],"potions_floor_usage":[16,16,16,27],"damage_taken":[{"damage":17,"enemies":"Small Slimes","floor":1,"turns":3},{"damage":6,"enemies":"Cultist","floor":3,"turns":3},{"damage":5,"enemies":"2 Louse","floor":5,"turns":2},{"damage":49,"enemies":"3 Sentries","floor":6,"turns":7},{"damage":8,"enemies":"Lots of Slimes","floor":7,"turns":3},{"damage":9,"enemies":"Red Slaver","floor":8,"turns":2},{"damage":2,"enemies":"Blue Slaver","floor":11,"turns":2},{"damage":0,"enemies":"Large Slime","floor":13,"turns":2},{"damage":17,"enemies":"Looter","floor":14,"turns":3},{"damage":29,"enemies":"Hexaghost","floor":16,"turns":7},{"damage":25,"enemies":"Spheric Guardian","floor":18,"turns":4},{"damage":7,"enemies":"3 Byrds","floor":21,"turns":5},{"damage":36,"enemies":"Centurion and Healer","floor":22,"turns":4},{"damage":36,"enemies":"3 Cultists","floor":24,"turns":5},{"damage":0,"enemies":"Chosen and Byrds","floor":27,"turns":5},{"damage":17,"enemies":"Centurion and Healer","floor":28,"turns":1}],"seed_played":"-7315671727284291855","potions_obtained":[{"floor":5,"key":"PowerPotion"},{"floor":6,"key":"Poison Potion"},{"floor":8,"key":"SkillPotion"},{"floor":13,"key":"BloodPotion"},{"floor":22,"key":"Block Potion"},{"floor":27,"key":"SpeedPotion"}],"is_trial":false,"path_per_floor":["M","?","M","$","M","E","M","M","T","?","M","R","M","M","R","B",null,"M","?","$","M","M","R","M","?","T","M","M"],"character_chosen":"IRONCLAD","items_purchased":["Flex","Inflame","Flex","Anger","Finesse"],"campfire_rested":3,"item_purchase_floors":[4,4,20,20,20],"current_hp_per_floor":[69,69,69,69,70,27,25,22,22,22,26,50,56,45,69,54,80,61,61,61,60,30,54,24,8,8,14,0],"gold":129,"neow_bonus":"ONE_RANDOM_RARE_CARD","is_prod":false,"is_daily":false,"chose_seed":false,"campfire_upgraded":0,"win_rate":0.0,"timestamp":1552454780,"path_taken":["M","?","M","?","M","E","M","M","T","?","M","R","?","M","R","BOSS","M","?","$","M","M","R","M","?","T","M","M"],"build_version":"2019-01-23","purchased_purges":1,"victory":false,"max_hp_per_floor":[80,80,80,80,80,80,80,80,80,80,80,80,80,80,80,80,80,80,80,80,80,80,80,80,80,80,80,80],"card_choices":[{"not_picked":["Perfected Strike","Twin Strike"],"picked":"Sword Boomerang","floor":1},{"not_picked":["Whirlwind","Iron Wave"],"picked":"Thunderclap","floor":3},{"not_picked":["Wild Strike","Cleave"],"picked":"Clash","floor":5},{"not_picked":["Dropkick","Fiend Fire"],"picked":"Shrug It Off","floor":6},{"not_picked":["Wild Strike","Warcry"],"picked":"Cleave","floor":7},{"not_picked":["Clothesline","Cleave"],"picked":"Infernal Blade","floor":8},{"not_picked":["True Grit","Twin Strike"],"picked":"Headbutt","floor":11},{"not_picked":["True Grit","Shrug It Off"],"picked":"Thunderclap","floor":13},{"not_picked":["Clothesline","Impervious"],"picked":"Heavy Blade","floor":14},{"not_picked":["Bludgeon","Fiend Fire"],"picked":"Limit Break","floor":16},{"not_picked":["Burning Pact","Evolve"],"picked":"Iron Wave","floor":18},{"not_picked":["Havoc","Wild Strike+1"],"picked":"Armaments","floor":21},{"not_picked":["Metallicize","Heavy Blade"],"picked":"Clothesline+1","floor":22},{"not_picked":["Flex","Whirlwind"],"picked":"Armaments+1","floor":24},{"not_picked":["Dropkick","Clothesline"],"picked":"Heavy Blade","floor":27}],"player_experience":41611,"relics_obtained":[{"floor":6,"key":"Champion Belt"},{"floor":25,"key":"Necronomicon"},{"floor":26,"key":"PreservedInsect"}],"event_choices":[{"damage_healed":0,"gold_gain":0,"player_choice":"Trade","damage_taken":0,"relics_obtained":["NlothsMask"],"max_hp_gain":0,"max_hp_loss":0,"event_name":"FaceTrader","floor":2,"gold_loss":0},{"damage_healed":0,"gold_gain":0,"cards_transformed":["Strike_R"],"player_choice":"Transformed","damage_taken":0,"max_hp_gain":0,"max_hp_loss":0,"event_name":"Transmorgrifier","floor":10,"gold_loss":0,"cards_obtained":["Uppercut"]},{"damage_healed":0,"gold_gain":0,"player_choice":"Opened","damage_taken":0,"relics_obtained":["MawBank"],"max_hp_gain":0,"max_hp_loss":0,"event_name":"The Mausoleum","floor":19,"gold_loss":0,"cards_obtained":["Writhe"]},{"damage_healed":0,"gold_gain":0,"player_choice":"Obtained Book","damage_taken":16,"max_hp_gain":0,"max_hp_loss":0,"event_name":"Cursed Tome","floor":25,"gold_loss":0}],"is_beta":false,"boss_relics":[{"not_picked":["Runic Dome","Ectoplasm"],"picked":"Runic Cube"}],"items_purged_floors":[20],"is_endless":false,"potions_floor_spawned":[5,6,8,13,22,27],"killed_by":"Centurion and Healer","ascension_level":0}