{"path_per_floor":["M","?","?","M","$","E","R","E","T","R","M","M","M","?","R","B",null,"M","M","?","?","?","M","R","T","T","?","M","R","E","M","R","B",null,"M","?","?","M","M","R","E","?","T","M","R","M","M","$","R","B"],"character_chosen":"IRONCLAD","items_purchased":["Flame Barrier","Shuriken","Toolbox","Flash of Steel"],"gold_per_floor":[112,112,72,83,42,67,67,99,167,167,179,192,202,202,202,300,300,318,336,336,251,251,271,271,271,271,271,287,287,317,335,335,438,438,454,454,505,518,531,531,559,559,636,649,649,669,679,5,5,5],"floor_reached":51,"campfire_rested":0,"playtime":3851,"current_hp_per_floor":[75,68,68,73,73,39,39,49,49,49,51,54,56,56,56,47,80,75,80,80,80,80,78,80,80,80,64,79,83,83,77,83,34,83,76,76,66,64,56,66,15,80,80,57,67,46,66,66,76,46],"items_purged":["Defend_R"],"gold":5,"play_id":"ea25b913-37ac-4da9-b453-8c685d9a0377","is_prod":false,"is_daily":false,"is_ascension_mode":false,"campfire_upgraded":5,"path_taken":["M","?","?","M","?","E","R","E","T","R","?","?","?","?","R","BOSS","M","M","?","?","?","?","R","?","T","?","?","R","E","M","R","BOSS","M","?","?","M","M","R","E","?","T","M","R","M","M","$","R","BOSS"],"build_version":"2018-02-01-PROD3","purchased_purges":1,"victory":true,"master_deck":["Defend_R","Bash+1","Iron Wave","Shockwave+1","Flame Barrier+1","Thunderclap+1","Offering+1","Pommel Strike","Pommel Strike+1","Bite+1","Bite","Bite","Bite","Bite","Armaments+1","Necronomicurse","Warcry+1","Metallicize+1","Whirlwind+1","Reaper","Warcry+1","Flame Barrier","Warcry+1","Flash of Steel+1"],"max_hp_per_floor":[80,80,80,80,80,80,80,80,80,80,80,80,80,80,80,80,80,80,80,80,80,80,80,80,80,80,80,83,83,83,83,83,83,83,83,83,87,87,90,90,90,80,80,80,80,80,80,80,80,80],"relics":["Burning Blood","Ancient Tea Set","Centennial Puzzle","Champion Belt","Mercury Hourglass","Eternal Feather","Peace Pipe","Unceasing Top","Lantern","Necronomicon","Whetstone","Mark of Pain","Frozen Eye","Regal Pillow","Molten Egg 2","Shuriken","Toolbox"],"card_choices":[{"not_picked":["Cleave","Heavy Blade"],"picked":"Iron Wave"},{"not_picked":["Body Slam","Wild Strike"],"picked":"Shockwave"},{"not_picked":["Havoc","Feel No Pain"],"picked":"Thunderclap"},{"not_picked":["Double Tap","Searing Blow"],"picked":"Offering"},{"not_picked":["True Grit","Warcry"],"picked":"Pommel Strike"},{"not_picked":["Impervious","Limit Break"],"picked":"Feed"},{"not_picked":["Perfected Strike","Body Slam"],"picked":"Pommel Strike"},{"not_picked":["Power Through","Sword Boomerang"],"picked":"Armaments"},{"not_picked":["Twin Strike","Fire Breathing"],"picked":"Warcry"},{"not_picked":["Twin Strike","Thunderclap"],"picked":"Metallicize"},{"not_picked":["Heavy Blade","Disarm"],"picked":"Whirlwind"},{"not_picked":["Juggernaut","Barricade"],"picked":"Reaper"},{"not_picked":["Body Slam","Second Wind"],"picked":"Warcry"},{"not_picked":["Warcry","Iron Wave"],"picked":"Flame Barrier"},{"not_picked":["Combust","Searing Blow"],"picked":"Warcry"}],"player_experience":58749,"potions_floor_usage":[4,6,8,28,28,41,41,50],"damage_taken":[{"damage":11,"enemies":"Jaw Worm","floor":1,"turns":5},{"damage":1,"enemies":"2 Louse","floor":4,"turns":3},{"damage":40,"enemies":"Gremlin Nob","floor":6,"turns":6},{"damage":11,"enemies":"3 Sentries","floor":8,"turns":8},{"damage":4,"enemies":"Small Slimes","floor":11,"turns":2},{"damage":3,"enemies":"Gremlin Gang","floor":12,"turns":3},{"damage":4,"enemies":"Large Slime","floor":13,"turns":4},{"damage":15,"enemies":"Slime Boss","floor":16,"turns":8},{"damage":11,"enemies":"Shell Parasite","floor":18,"turns":5},{"damage":0,"enemies":"3 Byrds","floor":19,"turns":1},{"damage":14,"enemies":"Snake Plant","floor":23,"turns":4},{"damage":1,"enemies":"Snecko","floor":28,"turns":3},{"damage":10,"enemies":"Slavers","floor":30,"turns":4},{"damage":26,"enemies":"Centurion and Healer","floor":31,"turns":6},{"damage":67,"enemies":"Collector","floor":33,"turns":8},{"damage":13,"enemies":"3 Darklings","floor":35,"turns":3},{"damage":33,"enemies":"Mysterious Sphere","floor":37,"turns":3},{"damage":10,"enemies":"Orb Walker","floor":38,"turns":2},{"damage":55,"enemies":"Sphere and 2 Shapes","floor":39,"turns":5},{"damage":90,"enemies":"Giant Head","floor":41,"turns":9},{"damage":36,"enemies":"Maw","floor":44,"turns":7},{"damage":47,"enemies":"4 Shapes","floor":46,"turns":3},{"damage":20,"enemies":"3 Darklings","floor":47,"turns":4},{"damage":80,"enemies":"Awakened One","floor":50,"turns":11}],"event_choices":[{"event_name":"Golden Wing","player_choice":"Card Removal","floor":2,"damage_taken":0},{"event_name":"The Woman in Blue","player_choice":"Bought 3 Potions","floor":3,"damage_taken":0},{"event_name":"Upgrade Shrine","player_choice":"Upgraded","floor":14,"damage_taken":0},{"event_name":"Accursed Blacksmith","player_choice":"Rummage","floor":20,"damage_taken":0},{"event_name":"Addict","player_choice":"Obtained Relic","floor":21,"damage_taken":0},{"event_name":"Vampires","player_choice":"Became a vampire (Vial)","floor":22,"damage_taken":0},{"event_name":"Cursed Tome","player_choice":"Obtained Book","floor":27,"damage_taken":0},{"event_name":"Tomb of Lord Red Mask","player_choice":"Ignored","floor":36,"damage_taken":0},{"event_name":"Mysterious Sphere","player_choice":"Fight","floor":37,"damage_taken":0},{"event_name":"The Moai Head","player_choice":"Heal","floor":42,"damage_taken":0}],"boss_relics":[{"not_picked":["Velvet Choker","Ectoplasm"],"picked":"Eternal Feather"},{"not_picked":["White Beast Statue","Sozu"],"picked":"Mark of Pain"}],"potions_floor_spawned":[4,6,16,19,28,30,35,37,41,47],"seed_played":"-376647932243124661","ascension_level":0,"is_trial":false}