{"gold_per_floor":[216,291,291,56,56,56,76,101,126,144,41,6,6,16,16,115,115,127,127,143,143,143,177,177,57,81,100,119,138,138,183,183,287,287,305,265,284,30,30,59,59,75,75,88,88,88,107,127,127,127],"floor_reached":51,"playtime":4436,"items_purged":[],"score":810,"play_id":"1941968b-cb65-43be-9c67-2ab1e4bec755","local_time":"20190302202119","is_ascension_mode":true,"campfire_choices":[{"data":"Blade Dance","floor":6.0,"key":"SMITH"},{"data":"Blade Dance","floor":13,"key":"SMITH"},{"data":"Neutralize","floor":15,"key":"SMITH"},{"data":"RitualDagger","floor":24,"key":"SMITH"},{"floor":30,"key":"REST"},{"data":"Blade Dance","floor":32,"key":"SMITH"},{"data":"Cloak And Dagger","floor":41,"key":"SMITH"},{"floor":46,"key":"REST"},{"floor":49,"key":"REST"}],"neow_cost":"NONE","seed_source_timestamp":0,"circlet_count":0,"master_deck":["Defend_G+1","Defend_G+1","Defend_G+1","Defend_G+1","Defend_G+1","Strike_G+1","Strike_G+1","Strike_G+1","Strike_G+1","Strike_G+1","Survivor","Neutralize+1","Blur","Accuracy+1","Blade Dance+1","Blade Dance+1","Dagger Throw","Escape Plan","Outmaneuver","Die Die Die","Blur","RitualDagger+1","Calculated Gamble+1","Writhe","Dagger Throw+1","Blade Dance+1","Footwork","Escape Plan","Eviscerate","Malaise","Normality","Cloak And Dagger+1","Calculated Gamble","Predator+1","Prepared","Blade Dance"],"special_seed":0,"relics":["Ring of the Snake","Du-Vu Doll","Strawberry","Tough Bandages","Vajra","Lizard Tail","Blood Vial","Centennial Puzzle","Pen Nib","Omamori","Calling Bell","Smiling Mask","Ornamental Fan","FossilizedHelix","Pear","Anchor","Oddly Smooth Stone"],"potions_floor_usage":[8,16,33,37,40,40,50],"damage_taken":[{"damage":0.0,"enemies":"Jaw Worm","floor":1.0,"turns":7.0},{"damage":0.0,"enemies":"Small Slimes","floor":7.0,"turns":4.0},{"damage":10,"enemies":"Gremlin Nob","floor":8,"turns":3},{"damage":0,"enemies":"2 Louse","floor":10,"turns":2},{"damage":0,"enemies":"Blue Slaver","floor":14,"turns":2},{"damage":37,"enemies":"Hexaghost","floor":16,"turns":10},{"damage":0,"enemies":"3 Byrds","floor":18,"turns":5},{"damage":6,"enemies":"Spheric Guardian","floor":20,"turns":4},{"damage":13,"enemies":"Slavers","floor":23,"turns":5},{"damage":8,"enemies":"Centurion and Healer","floor":27,"turns":5},{"damage":7,"enemies":"3 Cultists","floor":28,"turns":3},{"damage":14,"enemies":"Snecko","floor":29,"turns":5},{"damage":42,"enemies":"Collector","floor":33,"turns":11},{"damage":3,"enemies":"3 Shapes","floor":35,"turns":4},{"damage":10,"enemies":"3 Darklings","floor":37,"turns":5},{"damage":23,"enemies":"Giant Head","floor":40,"turns":11},{"damage":0,"enemies":"Jaw Worm Horde","floor":42,"turns":5},{"damage":2,"enemies":"Sphere and 2 Shapes","floor":44,"turns":4},{"damage":29,"enemies":"Transient","floor":47,"turns":5},{"damage":0,"enemies":"Spire Growth","floor":48,"turns":4},{"damage":123,"enemies":"Awakened One","floor":50,"turns":21}],"seed_played":"3519380966788138536","potions_obtained":[{"floor":1.0,"key":"Fire Potion"},{"floor":7,"key":"SteroidPotion"},{"floor":16,"key":"Fire Potion"},{"floor":18,"key":"SpeedPotion"},{"floor":33,"key":"SkillPotion"},{"floor":37,"key":"FearPotion"},{"floor":48,"key":"Poison Potion"}],"is_trial":false,"path_per_floor":["M","?","?","$","?","R","M","E","T","M","$","?","R","M","R","B",null,"M","?","M","?","?","E","R","$","T","M","M","M","R","T","R","B",null,"M","?","M","$","$","E","R","M","T","M","?","R","M","M","R","B",null],"character_chosen":"THE_SILENT","items_purchased":["Strawberry","Accuracy","Blade Dance","FairyPotion","Blade Dance","Footwork","Pear"],"campfire_rested":3,"item_purchase_floors":[4,4,4,11,25,25,38],"current_hp_per_floor":[70,59,47,54,54,54,54,44,44,44,44,63,63,63,63,26,77,77,71,65,65,65,54,54,54,54,48,43,31,54,54,54,14,77,74,74,66,76,76,55,55,57,57,57,57,83,56,58,84,14],"gold":127,"neow_bonus":"HUNDRED_GOLD","is_prod":false,"is_daily":false,"chose_seed":false,"campfire_upgraded":6,"win_rate":0,"timestamp":1551554479,"path_taken":["M","?","?","$","?","R","M","E","T","M","?","?","R","?","R","BOSS","M","?","M","?","?","E","R","?","T","?","?","M","R","?","R","BOSS","M","?","?","?","$","E","R","?","T","M","?","R","?","M","R","BOSS"],"build_version":"2019-01-23","purchased_purges":0,"victory":true,"max_hp_per_floor":[70,70,70,77,77,77,77,77,77,77,77,77,77,77,77,77,77,77,77,77,77,77,77,77,77,77,77,77,77,77,77,77,77,77,77,77,77,87,87,87,87,87,87,87,87,87,87,87,87,87],"card_choices":[{"not_picked":["Riddle With Holes","Distraction"],"picked":"Blur","floor":1.0},{"not_picked":["Backstab","Deadly Poison"],"picked":"Blade Dance","floor":7},{"not_picked":["Slice","Caltrops"],"picked":"Dagger Throw","floor":8},{"not_picked":["Finisher","Flying Knee"],"picked":"Escape Plan","floor":10},{"not_picked":["Slice","Underhanded Strike"],"picked":"Outmaneuver","floor":14},{"not_picked":["Unload","Bullet Time"],"picked":"Die Die Die","floor":16},{"not_picked":["Catalyst","Finisher"],"picked":"Blur","floor":18},{"not_picked":["Backflip","Deflect+1"],"picked":"Calculated Gamble+1","floor":20},{"not_picked":["Eviscerate","Quick Slash"],"picked":"Dagger Throw+1","floor":23},{"not_picked":["Catalyst","Dodge and Roll"],"picked":"Escape Plan","floor":27},{"not_picked":["Concentrate","Bullet Time"],"picked":"Eviscerate","floor":28},{"not_picked":["Catalyst","All Out Attack","Sucker Punch"],"picked":"SKIP","floor":29},{"not_picked":["Burst","Glass Knife"],"picked":"Malaise","floor":33},{"not_picked":["Backstab+1","Backflip+1"],"picked":"Cloak And Dagger","floor":35},{"not_picked":["Predator","Dagger Throw"],"picked":"Calculated Gamble","floor":37},{"not_picked":["Deadly Poison+1","Deflect"],"picked":"Predator+1","floor":40},{"not_picked":["Deadly Poison","Poisoned Stab+1","Setup"],"picked":"SKIP","floor":42},{"not_picked":["Leg Sweep","PiercingWail+1","Dodge and Roll+1"],"picked":"SKIP","floor":44},{"not_picked":["Bullet Time","Backflip"],"picked":"Prepared","floor":47},{"not_picked":["Deadly Poison","Poisoned Stab+1"],"picked":"Blade Dance","floor":48}],"player_experience":193891,"relics_obtained":[{"floor":8,"key":"Tough Bandages"},{"floor":9,"key":"Vajra"},{"floor":23,"key":"Centennial Puzzle"},{"floor":26,"key":"Pen Nib"},{"floor":31,"key":"Omamori"},{"floor":34,"key":"Smiling Mask"},{"floor":34,"key":"Ornamental Fan"},{"floor":34,"key":"FossilizedHelix"},{"floor":40,"key":"Anchor"},{"floor":43,"key":"Oddly Smooth Stone"}],"event_choices":[{"damage_healed":0.0,"max_hp_gain":0.0,"max_hp_loss":0.0,"gold_gain":75.0,"event_name":"World of Goop","player_choice":"Gather Gold","floor":2.0,"gold_loss":0.0,"damage_taken":11.0},{"damage_healed":0.0,"max_hp_gain":0.0,"max_hp_loss":0.0,"gold_gain":0.0,"event_name":"Scrap Ooze","player_choice":"Success","floor":3.0,"gold_loss":0.0,"damage_taken":12.0,"relics_obtained":["Du-Vu Doll"]},{"damage_healed":0.0,"max_hp_gain":0.0,"max_hp_loss":0.0,"gold_gain":0.0,"event_name":"Living Wall","player_choice":"Grow","floor":5.0,"gold_loss":0.0,"damage_taken":0.0,"cards_upgraded":["Accuracy"]},{"damage_healed":19,"gold_gain":0,"player_choice":"Healed","damage_taken":0,"max_hp_gain":0,"max_hp_loss":0,"event_name":"The Cleric","floor":12,"gold_loss":35},{"damage_healed":0,"gold_gain":0,"player_choice":"Joined the Cult","damage_taken":6,"max_hp_gain":0,"max_hp_loss":0,"event_name":"Nest","floor":19,"gold_loss":0,"cards_obtained":["RitualDagger"]},{"damage_healed":0,"gold_gain":0,"player_choice":"Simplicity","damage_taken":0,"max_hp_gain":0,"max_hp_loss":0,"event_name":"Back to Basics","floor":21,"gold_loss":0,"cards_upgraded":["Defend_G","Defend_G","Defend_G","Defend_G","Defend_G","Strike_G","Strike_G","Strike_G","Strike_G","Strike_G"]},{"damage_healed":0,"gold_gain":0,"player_choice":"Opened","damage_taken":0,"relics_obtained":["Blood Vial"],"max_hp_gain":0,"max_hp_loss":0,"event_name":"The Mausoleum","floor":22,"gold_loss":0,"cards_obtained":["Writhe"]},{"damage_healed":0,"gold_gain":0,"player_choice":"Bought 3 Potions","damage_taken":0,"max_hp_gain":0,"max_hp_loss":0,"event_name":"The Woman in Blue","floor":36,"gold_loss":0},{"damage_healed":0,"gold_gain":0,"player_choice":"Ignored","damage_taken":0,"max_hp_gain":0,"max_hp_loss":0,"event_name":"Transmorgrifier","floor":45,"gold_loss":0}],"is_beta":false,"boss_relics":[{"not_picked":["Snecko Eye","Pandora\u0027s Box"],"picked":"Lizard Tail"},{"not_picked":["Black Star","White Beast Statue"],"picked":"Calling Bell"}],"items_purged_floors":[],"is_endless":false,"potions_floor_spawned":[1,7,16,18,23,27,28,33,37,48],"ascension_level":2}