{"gold_per_floor":[112,62,62,77,92,92,105,117,117,117,117,135,97,97,97,97],"floor_reached":16,"playtime":837,"items_purged":[],"score":92,"play_id":"f43e7e26-e46e-4458-b885-e95b2314daff","local_time":"20190314194520","is_ascension_mode":false,"campfire_choices":[{"data":"Bash","floor":6,"key":"SMITH"},{"data":"Metallicize","floor":10,"key":"SMITH"},{"floor":15,"key":"REST"}],"neow_cost":"NONE","seed_source_timestamp":11186657922666,"circlet_count":0,"master_deck":["Strike_R","Strike_R","Strike_R","Defend_R","Defend_R","Defend_R","Defend_R","Bash+1","Thunderclap+1","Dropkick","Burning Pact","Metallicize+1","Flex","Rage"],"relics":["Burning Blood","NeowsBlessing","Molten Egg 2"],"potions_floor_usage":[16,16,16],"damage_taken":[{"damage":0,"enemies":"Jaw Worm","floor":1,"turns":1},{"damage":0,"enemies":"Small Slimes","floor":4,"turns":1},{"damage":0,"enemies":"Cultist","floor":5,"turns":1},{"damage":7,"enemies":"Blue Slaver","floor":7,"turns":3},{"damage":10,"enemies":"Looter","floor":8,"turns":3},{"damage":26,"enemies":"Gremlin Gang","floor":12,"turns":5},{"damage":86,"enemies":"Slime Boss","floor":16,"turns":17}],"seed_played":"6291476942077814165","potions_obtained":[{"floor":1,"key":"SmokeBomb"},{"floor":4,"key":"EntropicBrew"}],"is_trial":false,"path_per_floor":["?","?","M","?","M","?","?"],"character_chosen":"IRONCLAD","items_purchased":[],"campfire_rested":1,"item_purchase_floors":[],"current_hp_per_floor":[80,80,80,80,80,80,79,75,75,75,75,55,55,55,79,0],"gold":97,"neow_bonus":"THREE_ENEMY_KILL","is_prod":false,"is_daily":false,"chose_seed":false,"campfire_upgraded":2,"win_rate":0.0,"timestamp":1552589120,"path_taken":["M","?","?","M","?","R","M","M","T","R","?","?","?","?","R","BOSS"],"build_version":"2019-01-23","purchased_purges":0,"victory":false,"max_hp_per_floor":[80,80,80,80,80,80,80,80,80,80,80,80,80,80,80,80],"card_choices":[{"not_picked":["Hemokinesis","Body Slam"],"picked":"Thunderclap","floor":1},{"not_picked":["Wild Strike","Clothesline","Reckless Charge"],"picked":"SKIP","floor":4},{"not_picked":["Thunderclap","Cleave"],"picked":"Dropkick","floor":5},{"not_picked":["Perfected Strike","Corruption"],"picked":"Burning Pact","floor":7},{"not_picked":["True Grit","Twin Strike"],"picked":"Metallicize","floor":8},{"not_picked":["Spot Weakness","Flex"],"picked":"Rage","floor":12}],"player_experience":79253,"relics_obtained":[{"floor":9,"key":"Molten Egg 2"}],"event_choices":[{"cards_removed":["Strike_R"],"damage_healed":0,"gold_gain":0,"player_choice":"Card Removal","damage_taken":0,"max_hp_gain":0,"max_hp_loss":0,"event_name":"The Cleric","floor":2,"gold_loss":50},{"damage_healed":0,"gold_gain":0,"player_choice":"Grow","damage_taken":0,"max_hp_gain":0,"max_hp_loss":0,"event_name":"Living Wall","floor":3,"gold_loss":0,"cards_upgraded":["Thunderclap"]},{"damage_healed":0,"gold_gain":0,"cards_transformed":["Strike_R"],"player_choice":"Transformed","damage_taken":0,"max_hp_gain":0,"max_hp_loss":0,"event_name":"Transmorgrifier","floor":11,"gold_loss":0,"cards_obtained":["Flex"]},{"damage_healed":0,"gold_gain":0,"player_choice":"Left Gold","damage_taken":0,"max_hp_gain":0,"max_hp_loss":0,"event_name":"World of Goop","floor":13,"gold_loss":38},{"damage_healed":0,"gold_gain":0,"player_choice":"Leave","damage_taken":0,"max_hp_gain":0,"max_hp_loss":0,"event_name":"FaceTrader","floor":14,"gold_loss":0}],"is_beta":false,"boss_relics":[],"items_purged_floors":[],"is_endless":false,"potions_floor_spawned":[1,4],"killed_by":"Slime Boss","ascension_level":0}