{"gold_per_floor":[212,487,505,521,521,521,696,32,32,32,32,32,46,69,69,192,192,132,150,52,68,68],"floor_reached":22,"playtime":1254,"items_purged":["Regret"],"score":226,"play_id":"350097cd-e321-461b-a630-fe620c17519e","local_time":"20190306073050","is_ascension_mode":true,"campfire_choices":[{"floor":6,"key":"REST"},{"data":"Footwork","floor":12,"key":"SMITH"},{"data":"Terror","floor":15,"key":"SMITH"}],"neow_cost":"NONE","seed_source_timestamp":331717898501077,"circlet_count":0,"master_deck":["Defend_G","Defend_G","Defend_G","Defend_G","Defend_G","Strike_G","Strike_G","Strike_G","Strike_G","Strike_G","Survivor","Neutralize","Dodge and Roll","Dodge and Roll","Heel Hook","Footwork","Cloak And Dagger","Footwork+1","Terror+1","After Image","Noxious Fumes","Catalyst+1","Accuracy","Blade Dance","A Thousand Cuts"],"relics":["Ring of the Snake","Golden Idol","DollysMirror","Tingsha","Ornamental Fan","Lizard Tail"],"potions_floor_usage":[14,21,22,22],"damage_taken":[{"damage":3,"enemies":"Small Slimes","floor":1,"turns":4},{"damage":7,"enemies":"Cultist","floor":3,"turns":5},{"damage":2,"enemies":"2 Louse","floor":4,"turns":5},{"damage":1,"enemies":"Large Slime","floor":13,"turns":11},{"damage":0,"enemies":"Looter","floor":14,"turns":5},{"damage":12,"enemies":"The Guardian","floor":16,"turns":22},{"damage":14,"enemies":"2 Thieves","floor":18,"turns":4},{"damage":4,"enemies":"Spheric Guardian","floor":19,"turns":9},{"damage":70,"enemies":"3 Cultists","floor":21,"turns":8},{"damage":15,"enemies":"Snake Plant","floor":22,"turns":4}],"seed_played":"-8763633190757314398","potions_obtained":[{"floor":1,"key":"SteroidPotion"},{"floor":4,"key":"Block Potion"},{"floor":19,"key":"SteroidPotion"},{"floor":21,"key":"AttackPotion"}],"is_trial":false,"path_per_floor":["M","?","M","M","?","R","?","$","T","$","?","R","M","M","R","B",null,"M","M","$","M","M"],"character_chosen":"THE_SILENT","items_purchased":["Footwork","Cloak And Dagger","DollysMirror","Tingsha","Accuracy","Blade Dance"],"campfire_rested":1,"item_purchase_floors":[8,8,8,8,20,20],"current_hp_per_floor":[60,60,53,51,34,55,55,55,55,55,48,48,47,47,47,35,61,47,43,43,15,0],"gold":68,"neow_bonus":"HUNDRED_GOLD","is_prod":false,"is_daily":false,"chose_seed":false,"campfire_upgraded":2,"win_rate":0,"timestamp":1551853850,"path_taken":["M","?","?","?","?","R","?","$","T","$","?","R","?","M","R","BOSS","M","M","$","M","M"],"build_version":"2019-01-23","purchased_purges":1,"victory":false,"max_hp_per_floor":[70,70,70,70,70,70,70,70,70,70,70,70,70,70,70,70,70,70,70,70,70,70],"card_choices":[{"not_picked":["Distraction","Poisoned Stab"],"picked":"Dodge and Roll","floor":1},{"not_picked":["Expertise","Dagger Throw"],"picked":"Dodge and Roll","floor":3},{"not_picked":["Dagger Spray","Deflect"],"picked":"Heel Hook","floor":4},{"not_picked":["Outmaneuver","Predator","Eviscerate"],"picked":"SKIP","floor":13},{"not_picked":["Dagger Spray","Expertise"],"picked":"Terror","floor":14},{"not_picked":["Bullet Time","Burst"],"picked":"After Image","floor":16},{"not_picked":["Dash","Underhanded Strike+1"],"picked":"Noxious Fumes","floor":18},{"not_picked":["Backflip","PiercingWail"],"picked":"Catalyst+1","floor":19},{"not_picked":["Dagger Spray+1","Outmaneuver"],"picked":"A Thousand Cuts","floor":21}],"player_experience":224859,"relics_obtained":[{"floor":9,"key":"Ornamental Fan"}],"event_choices":[{"damage_healed":0,"gold_gain":275,"player_choice":"Desecrate","damage_taken":0,"max_hp_gain":0,"max_hp_loss":0,"event_name":"Golden Shrine","floor":2,"gold_loss":0,"cards_obtained":["Regret"]},{"damage_healed":0,"gold_gain":0,"player_choice":"Take Damage","damage_taken":17,"relics_obtained":["Golden Idol"],"max_hp_gain":0,"max_hp_loss":0,"event_name":"Golden Idol","floor":5,"gold_loss":0},{"damage_healed":0,"gold_gain":175,"player_choice":"AGREE","damage_taken":0,"max_hp_gain":0,"max_hp_loss":0,"event_name":"Liars Game","floor":7,"gold_loss":0,"cards_obtained":["Doubt"]},{"cards_removed":["Doubt"],"damage_healed":0,"gold_gain":0,"player_choice":"Card Removal","damage_taken":7,"max_hp_gain":0,"max_hp_loss":0,"event_name":"Golden Wing","floor":11,"gold_loss":0}],"is_beta":false,"boss_relics":[{"not_picked":["Black Star","Velvet Choker"],"picked":"Lizard Tail"}],"items_purged_floors":[8],"is_endless":false,"potions_floor_spawned":[1,4,19,21],"killed_by":"Snake Plant","ascension_level":6}