{"gold_per_floor":[113,127,302,322,247,276,276,291,291,291,145,67,67,42,42,139,139,152,165,165,165,15,15,48,60,87,39,39,39,55,68,68,164,464,481,481,59,69,82,82,82,101,127,127,144,144,154,95,95,95],"floor_reached":51,"playtime":2100,"items_purged":["Doubt","Defend_R","Normality"],"score":740,"play_id":"f870438c-9723-4906-bcc7-6843128a6938","local_time":"20190312234744","is_ascension_mode":false,"campfire_choices":[{"data":"Body Slam","floor":7.0,"key":"SMITH"},{"data":"Perfected Strike","floor":10.0,"key":"SMITH"},{"data":"Bash","floor":15.0,"key":"SMITH"},{"data":"Bash","floor":23.0,"key":"SMITH"},{"data":"Armaments","floor":28.0,"key":"SMITH"},{"floor":32.0,"key":"REST"},{"data":"Flex","floor":40.0,"key":"SMITH"},{"data":"Madness","floor":49.0,"key":"SMITH"}],"neow_cost":"NONE","seed_source_timestamp":0,"circlet_count":0,"master_deck":["Strike_R","Strike_R","Strike_R","Strike_R","Strike_R","Defend_R","Defend_R","Defend_R","Bash+1","Thunderclap","Iron Wave","Twin Strike","Body Slam+1","Perfected Strike+1","Flex+1","Pommel Strike+1","Twin Strike","Bash+1","Wild Strike","Ghostly","Ghostly","Ghostly","Ghostly","Ghostly","Wild Strike","Armaments+1","Pommel Strike","Wild Strike+1","Havoc+1","Regret","Pain","Pommel Strike","Madness+1","Madness"],"special_seed":0,"relics":["Burning Blood","NeowsBlessing","Gremlin Horn","Champion Belt","Orichalcum","Busted Crown","Du-Vu Doll","Bag of Preparation","Calling Bell","Pen Nib","Singing Bowl","Old Coin","Ginger","Omamori","PreservedInsect"],"potions_floor_usage":[50,50,50,50,50,50],"damage_taken":[{"damage":0.0,"enemies":"Jaw Worm","floor":1.0,"turns":1.0},{"damage":0.0,"enemies":"Small Slimes","floor":2.0,"turns":1.0},{"damage":0.0,"enemies":"Cultist","floor":4.0,"turns":1.0},{"damage":16.0,"enemies":"3 Sentries","floor":6.0,"turns":5.0},{"damage":14.0,"enemies":"Blue Slaver","floor":8.0,"turns":3.0},{"damage":10.0,"enemies":"Slime Boss","floor":16.0,"turns":5.0},{"damage":4.0,"enemies":"3 Byrds","floor":18.0,"turns":4.0},{"damage":4.0,"enemies":"Spheric Guardian","floor":19.0,"turns":3.0},{"damage":26.0,"enemies":"Gremlin Leader","floor":24.0,"turns":6.0},{"damage":1.0,"enemies":"Chosen and Byrds","floor":25.0,"turns":4.0},{"damage":0.0,"enemies":"Snecko","floor":30.0,"turns":2.0},{"damage":12.0,"enemies":"Centurion and Healer","floor":31.0,"turns":4.0},{"damage":13.0,"enemies":"Automaton","floor":33.0,"turns":12.0},{"damage":6.0,"enemies":"3 Shapes","floor":35.0,"turns":3.0},{"damage":6.0,"enemies":"3 Darklings","floor":38.0,"turns":4.0},{"damage":5.0,"enemies":"Transient","floor":39.0,"turns":5.0},{"damage":13.0,"enemies":"4 Shapes","floor":42.0,"turns":4.0},{"damage":5.0,"enemies":"Sphere and 2 Shapes","floor":45.0,"turns":5.0},{"damage":3.0,"enemies":"Spire Growth","floor":47.0,"turns":4.0},{"damage":29,"enemies":"Awakened One","floor":50,"turns":8}],"seed_played":"6210553616345725499","potions_obtained":[{"floor":1.0,"key":"PowerPotion"},{"floor":2.0,"key":"SteroidPotion"},{"floor":8.0,"key":"PowerPotion"},{"floor":24.0,"key":"Swift Potion"},{"floor":42.0,"key":"Regen Potion"},{"floor":47.0,"key":"EntropicBrew"}],"is_trial":false,"path_per_floor":["M","M","?","M","$","E","R","M","T","R","$","$","?","$","R","B",null,"M","M","?","?","$","R","E","M","T","$","R","?","M","M","R","B",null,"M","?","$","M","M","R","$","M","T","?","M","?","M","?","R","B",null],"character_chosen":"IRONCLAD","items_purchased":["Orichalcum","Flex","Pommel Strike","Wild Strike","Wild Strike","Armaments","Ginger"],"campfire_rested":1,"item_purchase_floors":[11,12,12,14,22,27,37],"current_hp_per_floor":[80,80,80,80,80,70,70,62,62,62,62,62,62,62,62,58,80,80,80,65,42,42,42,22,27,27,27,27,27,33,27,39,32,42,44,44,44,46,48,48,48,43,43,43,44,38,43,43,43,35],"gold":95,"neow_bonus":"THREE_ENEMY_KILL","is_prod":false,"is_daily":false,"chose_seed":false,"campfire_upgraded":7,"win_rate":0,"timestamp":1552402064,"path_taken":["M","M","?","M","$","E","R","M","T","R","?","$","?","$","R","BOSS","M","?","?","?","$","R","E","M","T","?","R","?","M","?","R","BOSS","M","?","$","M","M","R","$","M","T","?","?","?","M","?","R","BOSS"],"build_version":"2019-01-23","purchased_purges":3,"victory":true,"max_hp_per_floor":[80,80,80,80,80,80,80,80,80,80,80,80,80,80,80,80,80,80,80,85,42,42,42,42,42,42,42,42,42,42,42,42,42,42,44,44,44,46,48,48,48,50,50,50,50,50,52,52,52,52],"card_choices":[{"not_picked":["Seeing Red","Anger"],"picked":"Thunderclap","floor":1.0},{"not_picked":["True Grit","Metallicize"],"picked":"Iron Wave","floor":2.0},{"not_picked":["Ghostly Armor","Iron Wave"],"picked":"Twin Strike","floor":4.0},{"not_picked":["Thunderclap","Infernal Blade"],"picked":"Body Slam","floor":6.0},{"not_picked":["Sword Boomerang","Hemokinesis"],"picked":"Perfected Strike","floor":8.0},{"not_picked":["Power Through"],"picked":"SKIP","floor":18.0},{"not_picked":["Reckless Charge"],"picked":"SKIP","floor":19.0},{"not_picked":["Anger"],"picked":"SKIP","floor":24.0},{"not_picked":["Infernal Blade"],"picked":"SKIP","floor":25.0},{"not_picked":[],"picked":"Wild Strike+1","floor":30.0},{"not_picked":[],"picked":"Havoc+1","floor":31.0},{"not_picked":["Anger"],"picked":"Singing Bowl","floor":35.0},{"not_picked":["Armaments"],"picked":"Singing Bowl","floor":38.0},{"not_picked":["True Grit+1"],"picked":"Singing Bowl","floor":39.0},{"not_picked":["True Grit"],"picked":"Singing Bowl","floor":42.0},{"not_picked":[],"picked":"Pommel Strike","floor":45.0},{"not_picked":["Shockwave"],"picked":"Singing Bowl","floor":47.0}],"player_experience":334462,"relics_obtained":[{"floor":6.0,"key":"Gremlin Horn"},{"floor":9.0,"key":"Champion Belt"},{"floor":24.0,"key":"Du-Vu Doll"},{"floor":26.0,"key":"Bag of Preparation"},{"floor":34.0,"key":"Pen Nib"},{"floor":34.0,"key":"Singing Bowl"},{"floor":34.0,"key":"Old Coin"},{"floor":43.0,"key":"Omamori"}],"event_choices":[{"damage_healed":0.0,"max_hp_gain":0.0,"max_hp_loss":0.0,"gold_gain":175.0,"event_name":"Liars Game","player_choice":"AGREE","floor":3.0,"gold_loss":0.0,"damage_taken":0.0,"cards_obtained":["Doubt"]},{"damage_healed":0.0,"max_hp_gain":0.0,"max_hp_loss":0.0,"gold_gain":0.0,"event_name":"Match and Keep!","player_choice":"2 cards matched","floor":13.0,"gold_loss":0.0,"damage_taken":0.0,"cards_obtained":["Twin Strike","Bash"]},{"damage_healed":0.0,"max_hp_gain":5.0,"max_hp_loss":0.0,"gold_gain":0.0,"event_name":"Forgotten Altar","player_choice":"Shed Blood","floor":20.0,"gold_loss":0.0,"damage_taken":20.0},{"damage_healed":0.0,"max_hp_gain":0.0,"max_hp_loss":43.0,"gold_gain":0.0,"event_name":"Ghosts","player_choice":"Became a Ghost","floor":21.0,"gold_loss":0.0,"damage_taken":0.0,"cards_obtained":["Ghostly","Ghostly","Ghostly","Ghostly","Ghostly"]},{"damage_healed":0.0,"max_hp_gain":0.0,"max_hp_loss":0.0,"gold_gain":0.0,"event_name":"Match and Keep!","player_choice":"1 cards matched","floor":29.0,"gold_loss":0.0,"damage_taken":0.0,"cards_obtained":["Pommel Strike"]},{"damage_healed":0.0,"max_hp_gain":0.0,"max_hp_loss":0.0,"gold_gain":0.0,"event_name":"Tomb of Lord Red Mask","player_choice":"Ignored","floor":36.0,"gold_loss":0.0,"damage_taken":0.0},{"damage_healed":0.0,"max_hp_gain":0.0,"max_hp_loss":0.0,"gold_gain":0.0,"event_name":"Upgrade Shrine","player_choice":"Upgraded","floor":44.0,"gold_loss":0.0,"damage_taken":0.0,"cards_upgraded":["Pommel Strike"]},{"damage_healed":0.0,"max_hp_gain":0.0,"max_hp_loss":0.0,"gold_gain":0.0,"event_name":"Winding Halls","player_choice":"Embrace Madness","floor":46.0,"gold_loss":0.0,"damage_taken":6.0,"cards_obtained":["Madness","Madness"]},{"damage_healed":0.0,"max_hp_gain":0.0,"max_hp_loss":0.0,"gold_gain":0.0,"event_name":"WeMeetAgain","player_choice":"Paid Gold","floor":48.0,"gold_loss":59.0,"damage_taken":0.0,"relics_obtained":["PreservedInsect"]}],"is_beta":false,"boss_relics":[{"not_picked":["White Beast Statue","Runic Pyramid"],"picked":"Busted Crown"},{"not_picked":["Philosopher\u0027s Stone","Empty Cage"],"picked":"Calling Bell"}],"items_purged_floors":[5,22,37],"is_endless":false,"potions_floor_spawned":[1,2,8,24,30,31,42,47],"ascension_level":0}