{"gold_per_floor":[109,128,128,128,144,144,154,154,154,168,195,213,241,260,260,337,337,347,376,376,376,390,390,422,422,422,8,21,37,55,55],"floor_reached":31,"playtime":1086,"items_purged":["Shame"],"score":471,"play_id":"44be3fc8-8cf3-4413-8303-95e892f5eadf","local_time":"20190202103115","is_ascension_mode":true,"campfire_choices":[{"data":"Bash","floor":6.0,"key":"SMITH"},{"data":"Twin Strike","floor":8.0,"key":"SMITH"},{"data":"Armaments","floor":15.0,"key":"SMITH"},{"data":"Corruption","floor":23,"key":"SMITH"},{"data":"Feel No Pain","floor":25,"key":"SMITH"}],"neow_cost":"NONE","seed_source_timestamp":0,"circlet_count":0,"master_deck":["AscendersBane","Strike_R","Strike_R","Strike_R","Strike_R","Defend_R","Defend_R","Defend_R","Defend_R","Bash+1","Twin Strike+1","Pommel Strike","Armaments+1","Impervious","Corruption+1","Feel No Pain+1","Demon Form","Reckless Charge+1","Sword Boomerang","Offering","Body Slam","Flame Barrier","Limit Break"],"special_seed":0,"relics":["Burning Blood","Orichalcum","Ginger","Sundial","Torii","Strawberry","Cursed Key","Red Mask","MutagenicStrength","Anchor","Calipers","Omamori"],"potions_floor_usage":[24,24],"damage_taken":[{"damage":6.0,"enemies":"2 Louse","floor":1.0,"turns":2.0},{"damage":3.0,"enemies":"Jaw Worm","floor":2.0,"turns":3.0},{"damage":4.0,"enemies":"Small Slimes","floor":5.0,"turns":4.0},{"damage":4.0,"enemies":"3 Louse","floor":7.0,"turns":4.0},{"damage":1.0,"enemies":"Looter","floor":10.0,"turns":3.0},{"damage":10.0,"enemies":"Lagavulin","floor":11.0,"turns":6.0},{"damage":0.0,"enemies":"Exordium Wildlife","floor":12.0,"turns":4.0},{"damage":19.0,"enemies":"Gremlin Nob","floor":13.0,"turns":4.0},{"damage":0.0,"enemies":"Large Slime","floor":14.0,"turns":4.0},{"damage":39.0,"enemies":"Hexaghost","floor":16.0,"turns":10.0},{"damage":7.0,"enemies":"Chosen","floor":18.0,"turns":4.0},{"damage":24.0,"enemies":"Masked Bandits","floor":19.0,"turns":6.0},{"damage":34,"enemies":"Colosseum Slavers","floor":20,"turns":5},{"damage":1,"enemies":"Spheric Guardian","floor":22,"turns":5},{"damage":12,"enemies":"Book of Stabbing","floor":24,"turns":5},{"damage":18,"enemies":"3 Cultists","floor":28,"turns":5},{"damage":6,"enemies":"Cultist and Chosen","floor":29,"turns":6},{"damage":6,"enemies":"Shelled Parasite and Fungi","floor":30,"turns":3},{"damage":9,"enemies":"Centurion and Healer","floor":31,"turns":3}],"seed_played":"6170525737547133831","potions_obtained":[{"floor":1.0,"key":"EssenceOfSteel"},{"floor":2.0,"key":"Explosive Potion"},{"floor":12.0,"key":"SteroidPotion"},{"floor":19.0,"key":"Weak Potion"},{"floor":22,"key":"Strength Potion"},{"floor":29,"key":"Strength Potion"}],"is_trial":false,"path_per_floor":["M","M","?","?","M","R","M","R","T","M","E","M","E","M","R","B",null,"M","?","?","?","M","R","E","R","T","$","M","M","M","M"],"character_chosen":"IRONCLAD","items_purchased":["Omamori","Offering","Body Slam"],"campfire_rested":0,"item_purchase_floors":[27,27,27],"current_hp_per_floor":[68,71,60,53,55,55,57,57,57,62,58,64,58,64,64,31,69,68,50,22,22,27,27,21,21,21,21,9,9,9,0],"gold":55,"neow_bonus":"RANDOM_COMMON_RELIC","is_prod":false,"is_daily":false,"chose_seed":false,"campfire_upgraded":5,"win_rate":0,"timestamp":1549121475,"path_taken":["M","M","?","?","M","R","M","R","T","M","E","M","E","M","R","BOSS","M","?","?","?","M","R","E","R","T","$","M","M","M","M"],"build_version":"2019-01-23","purchased_purges":1,"victory":false,"max_hp_per_floor":[75,75,75,75,75,75,75,75,75,75,75,75,82,82,82,82,82,82,82,82,82,82,82,82,82,82,82,82,82,82,82],"card_choices":[{"not_picked":["Sever Soul","Second Wind"],"picked":"Twin Strike","floor":1.0},{"not_picked":["Ghostly Armor","Twin Strike"],"picked":"Pommel Strike","floor":2.0},{"not_picked":["Cleave","Armaments","Combust"],"picked":"SKIP","floor":5.0},{"not_picked":["Thunderclap","Blood for Blood"],"picked":"Armaments","floor":7.0},{"not_picked":["Infernal Blade","Body Slam"],"picked":"Impervious","floor":10.0},{"not_picked":["Evolve","Seeing Red"],"picked":"Corruption","floor":11.0},{"not_picked":["Blood for Blood","Iron Wave","True Grit"],"picked":"SKIP","floor":12.0},{"not_picked":["Shockwave","Offering"],"picked":"Feel No Pain","floor":13.0},{"not_picked":["Fire Breathing","Dropkick","Cleave"],"picked":"SKIP","floor":14.0},{"not_picked":["Bludgeon","Berserk"],"picked":"Demon Form","floor":16.0},{"not_picked":["True Grit","Cleave"],"picked":"Reckless Charge+1","floor":18.0},{"not_picked":["Corruption","Dual Wield"],"picked":"Sword Boomerang","floor":19.0},{"not_picked":["Clothesline","Combust","Twin Strike"],"picked":"SKIP","floor":22},{"not_picked":["Perfected Strike","Corruption","Anger"],"picked":"SKIP","floor":24},{"not_picked":["Clash","Warcry","Anger"],"picked":"SKIP","floor":28},{"not_picked":["Wild Strike","Headbutt"],"picked":"Flame Barrier","floor":29},{"not_picked":["Iron Wave","Heavy Blade"],"picked":"Limit Break","floor":30}],"player_experience":1927440,"relics_obtained":[{"floor":9.0,"key":"Sundial"},{"floor":11.0,"key":"Torii"},{"floor":13.0,"key":"Strawberry"},{"floor":19.0,"key":"Red Mask"},{"floor":24,"key":"Anchor"},{"floor":26,"key":"Calipers"}],"event_choices":[{"damage_healed":0.0,"max_hp_gain":0.0,"max_hp_loss":0.0,"gold_gain":0.0,"event_name":"Scrap Ooze","player_choice":"Success","floor":3.0,"gold_loss":0.0,"damage_taken":11.0,"relics_obtained":["Ginger"]},{"cards_removed":["Strike_R"],"damage_healed":0.0,"max_hp_gain":0.0,"max_hp_loss":0.0,"gold_gain":0.0,"event_name":"Golden Wing","player_choice":"Card Removal","floor":4.0,"gold_loss":0.0,"damage_taken":7.0},{"damage_healed":0.0,"max_hp_gain":0.0,"max_hp_loss":0.0,"gold_gain":0.0,"event_name":"Masked Bandits","player_choice":"Fought Bandits","floor":19.0,"gold_loss":0.0,"damage_taken":0.0},{"damage_healed":0,"gold_gain":0,"player_choice":"Fight","damage_taken":0,"max_hp_gain":0,"max_hp_loss":0,"event_name":"Colosseum","floor":20,"gold_loss":0},{"damage_healed":0,"gold_gain":0,"player_choice":"Fled From Nobs","damage_taken":0,"max_hp_gain":0,"max_hp_loss":0,"event_name":"Colosseum","floor":20,"gold_loss":0},{"damage_healed":0,"gold_gain":0,"player_choice":"Inject Mutagens","damage_taken":0,"relics_obtained":["MutagenicStrength"],"max_hp_gain":0,"max_hp_loss":0,"event_name":"Drug Dealer","floor":21,"gold_loss":0}],"is_beta":true,"boss_relics":[{"not_picked":["Astrolabe","Sozu"],"picked":"Cursed Key"}],"items_purged_floors":[27],"is_endless":false,"potions_floor_spawned":[1,2,12,13,14,19,20,22,29],"killed_by":"Centurion and Healer","ascension_level":15}