{"gold_per_floor":[115,40,90,102,118,144,144,155,155,155,167,127,138,163,163,239,239,249,249,249,269,284,284,295,330,330,330,361,373,408,446,458,548,560,589,107,127,127,142,169,169,186,186,216,231,231,244,273,273,273,273,273,17,51,51],"floor_reached":55,"playtime":3080,"items_purged":["Strike_B+1","Dualcast"],"score":1647,"play_id":"d96ff482-7b54-421b-85f3-abed8b164e0c","local_time":"20190112201253","is_ascension_mode":true,"campfire_choices":[{"data":"Zap","floor":7.0,"key":"SMITH"},{"data":"Conserve Battery","floor":10.0,"key":"SMITH"},{"floor":15.0,"key":"REST"},{"floor":23.0,"key":"REST"},{"floor":27.0,"key":"REST"},{"floor":29.0,"key":"REST"},{"floor":32.0,"key":"REST"},{"floor":41,"key":"REST"},{"floor":46,"key":"RECALL"},{"floor":49,"key":"REST"},{"floor":52,"key":"REST"}],"neow_cost":"NONE","seed_source_timestamp":0,"circlet_count":0,"master_deck":["AscendersBane","Strike_B+1","Strike_B+1","Defend_B+1","Defend_B+1","Defend_B+1","Zap+1","Conserve Battery+1","Ball Lightning","Ball Lightning","All For One","Hologram","FTL","Go for the Eyes","Seek","Hologram","Coolheaded","Coolheaded+1","Glacier+1","Skim","Cold Snap","All For One","Echo Form","Buffer","Electrodynamics","Stack+1","Undo","Apotheosis","Seek","Steam","Beam Cell","Coolheaded","Lockon+1","Recycle+1","Force Field+1"],"special_seed":0,"relics":["Cracked Core","Incense Burner","Ginger","Prayer Wheel","Fusion Hammer","Nilry\u0027s Codex","PreservedInsect","MawBank","Anchor","Bottled Tornado","Inserter","Mummified Hand","Question Card","War Paint","Letter Opener","DataDisk","Pen Nib"],"potions_floor_usage":[55],"damage_taken":[{"damage":0.0,"enemies":"Small Slimes","floor":1.0,"turns":3.0},{"damage":0.0,"enemies":"2 Louse","floor":4.0,"turns":2.0},{"damage":0.0,"enemies":"Cultist","floor":5.0,"turns":3.0},{"damage":25.0,"enemies":"Lagavulin","floor":6.0,"turns":7.0},{"damage":6.0,"enemies":"Looter","floor":8.0,"turns":3.0},{"damage":3.0,"enemies":"Blue Slaver","floor":11.0,"turns":3.0},{"damage":6.0,"enemies":"Exordium Thugs","floor":13.0,"turns":3.0},{"damage":1.0,"enemies":"3 Sentries","floor":14.0,"turns":6.0},{"damage":0.0,"enemies":"Slime Boss","floor":16.0,"turns":4.0},{"damage":0.0,"enemies":"Chosen","floor":18.0,"turns":3.0},{"damage":0.0,"enemies":"Spheric Guardian","floor":21.0,"turns":3.0},{"damage":6.0,"enemies":"Centurion and Healer","floor":22.0,"turns":5.0},{"damage":2.0,"enemies":"Shelled Parasite and Fungi","floor":24.0,"turns":6.0},{"damage":36.0,"enemies":"Book of Stabbing","floor":25.0,"turns":6.0},{"damage":24.0,"enemies":"Slavers","floor":28.0,"turns":6.0},{"damage":3.0,"enemies":"Book of Stabbing","floor":31.0,"turns":5.0},{"damage":0.0,"enemies":"Champ","floor":33.0,"turns":13.0},{"damage":5.0,"enemies":"Orb Walker","floor":35.0,"turns":4.0},{"damage":1.0,"enemies":"3 Darklings","floor":37.0,"turns":4.0},{"damage":0,"enemies":"Maw","floor":39,"turns":6},{"damage":1,"enemies":"Nemesis","floor":40,"turns":5},{"damage":0,"enemies":"Sphere and 2 Shapes","floor":42,"turns":6},{"damage":0,"enemies":"Giant Head","floor":44,"turns":6},{"damage":0,"enemies":"4 Shapes","floor":45,"turns":3},{"damage":0,"enemies":"Writhing Mass","floor":47,"turns":7},{"damage":0,"enemies":"Nemesis","floor":48,"turns":5},{"damage":10,"enemies":"Time Eater","floor":50,"turns":13},{"damage":7,"enemies":"Shield and Spear","floor":54,"turns":6},{"damage":66,"enemies":"The Heart","floor":55,"turns":5}],"seed_played":"-6738555862592727180","potions_obtained":[{"floor":1.0,"key":"FearPotion"},{"floor":4.0,"key":"SteroidPotion"},{"floor":11.0,"key":"Swift Potion"},{"floor":16.0,"key":"GamblersBrew"},{"floor":18.0,"key":"SteroidPotion"}],"is_trial":false,"path_per_floor":["M","?","?","M","M","E","R","M","T","R","M","$","M","E","R","B",null,"M","?","?","M","M","R","M","E","T","R","E","R","T","E","R","B",null,"M","$","M","?","M","E","R","M","T","E","M","R","M","E","R","B",null,"R","$","E","B"],"character_chosen":"DEFECT","items_purchased":["FTL","Mummified Hand","Apotheosis","DataDisk"],"campfire_rested":8,"item_purchase_floors":[12,36,36,53],"current_hp_per_floor":[64,64,64,64,64,39,39,33,33,33,30,30,24,23,44,44,64,64,64,43,43,37,58,56,20,20,41,17,38,38,35,56,56,67,62,62,61,61,61,60,71,71,71,71,71,71,71,71,71,61,69,71,71,64,0],"gold":51,"neow_bonus":"REMOVE_CARD","is_prod":false,"is_daily":false,"chose_seed":false,"campfire_upgraded":2,"win_rate":0,"timestamp":1547341973,"path_taken":["M","?","?","M","M","E","R","M","T","R","M","$","M","E","R","BOSS","M","?","?","M","M","R","M","E","T","R","E","R","?","E","R","BOSS","M","$","M","?","M","E","R","M","T","E","M","R","M","E","R","BOSS","R","$","E","BOSS"],"build_version":"2019-01-10","purchased_purges":2,"victory":false,"max_hp_per_floor":[71,71,71,71,71,71,71,71,71,71,71,71,71,71,71,71,71,71,71,71,71,71,71,71,71,71,71,71,71,71,71,71,71,71,71,71,71,71,71,71,71,71,71,71,71,71,71,71,71,71,71,71,71,71,71],"card_choices":[{"not_picked":["Storm","Hello World"],"picked":"Conserve Battery","floor":1.0},{"not_picked":["Redo","Genetic Algorithm"],"picked":"Ball Lightning","floor":4.0},{"not_picked":["Coolheaded","Redo"],"picked":"Ball Lightning","floor":5.0},{"not_picked":["Turbo","Compile Driver","Heatsinks"],"picked":"SKIP","floor":6.0},{"not_picked":["Gash","Compile Driver"],"picked":"All For One","floor":8.0},{"not_picked":["Reprogram","Coolheaded"],"picked":"Hologram","floor":11.0},{"not_picked":["Amplify","Steam Power"],"picked":"Go for the Eyes","floor":13.0},{"not_picked":["Redo","Sunder","Turbo"],"picked":"SKIP","floor":14.0},{"not_picked":["All For One","Machine Learning"],"picked":"Seek","floor":16.0},{"not_picked":["Go for the Eyes","Sweeping Beam"],"picked":"Hologram","floor":18.0},{"not_picked":["Melter+1","Leap","Conserve Battery"],"picked":"SKIP","floor":18.0},{"not_picked":["Hologram","Beam Cell"],"picked":"Coolheaded","floor":21.0},{"not_picked":["Compile Driver","Doom and Gloom"],"picked":"Coolheaded","floor":21.0},{"not_picked":["Turbo+1","Fission"],"picked":"Glacier","floor":22.0},{"not_picked":["Streamline","Double Energy"],"picked":"Skim","floor":22.0},{"not_picked":["Turbo+1","Stack"],"picked":"Cold Snap","floor":24.0},{"not_picked":["Rebound","Leap","Cold Snap"],"picked":"SKIP","floor":24.0},{"not_picked":["Sunder","Steam"],"picked":"All For One","floor":25.0},{"not_picked":["Static Discharge","Stack"],"picked":"Echo Form","floor":28.0},{"not_picked":["Rip and Tear","Turbo"],"picked":"Buffer","floor":31.0},{"not_picked":["Core Surge","Rainbow"],"picked":"Electrodynamics","floor":33.0},{"not_picked":["Double Energy","Barrage"],"picked":"Stack+1","floor":35.0},{"not_picked":["Compile Driver","Ball Lightning"],"picked":"Undo","floor":35.0},{"not_picked":["Beam Cell","Redo","Self Repair"],"picked":"SKIP","floor":37},{"not_picked":["Ball Lightning","Melter+1","Scrape+1"],"picked":"SKIP","floor":37},{"not_picked":["Conserve Battery+1","Chaos+1"],"picked":"Seek","floor":39},{"not_picked":["Scrape","Aggregate+1"],"picked":"Steam","floor":39},{"not_picked":["Redo","Reprogram","Heatsinks"],"picked":"SKIP","floor":40},{"not_picked":["Recycle","Lockon","Gash","Rebound"],"picked":"SKIP","floor":42},{"not_picked":["Hello World","Rainbow","Cold Snap","Conserve Battery"],"picked":"SKIP","floor":42},{"not_picked":["Cold Snap","Auto Shields","Melter"],"picked":"Beam Cell","floor":44},{"not_picked":["Stack+1","Auto Shields","Darkness"],"picked":"Coolheaded","floor":45},{"not_picked":["Steam","Barrage","Go for the Eyes","Beam Cell"],"picked":"SKIP","floor":45},{"not_picked":["Conserve Battery","Beam Cell","Barrage+1"],"picked":"Lockon+1","floor":47},{"not_picked":["Chaos+1","Go for the Eyes+1","Steam"],"picked":"Recycle+1","floor":47},{"not_picked":["Barrage","Reinforced Body","Rebound+1"],"picked":"Force Field+1","floor":48},{"not_picked":["Electrodynamics","Turbo","Barrage","Compile Driver"],"picked":"SKIP","floor":54}],"player_experience":1830252,"relics_obtained":[{"floor":6.0,"key":"Incense Burner"},{"floor":9.0,"key":"Ginger"},{"floor":14.0,"key":"Prayer Wheel"},{"floor":20.0,"key":"Nilry\u0027s Codex"},{"floor":25.0,"key":"PreservedInsect"},{"floor":28.0,"key":"MawBank"},{"floor":30.0,"key":"Anchor"},{"floor":31.0,"key":"Bottled Tornado"},{"floor":40,"key":"Question Card"},{"floor":44,"key":"War Paint"},{"floor":48,"key":"Letter Opener"},{"floor":54,"key":"Pen Nib"}],"event_choices":[{"cards_removed":["Defend_B"],"damage_healed":0.0,"max_hp_gain":0.0,"max_hp_loss":0.0,"gold_gain":0.0,"event_name":"The Cleric","player_choice":"Card Removal","floor":2.0,"gold_loss":75.0,"damage_taken":0.0},{"damage_healed":0.0,"max_hp_gain":0.0,"max_hp_loss":0.0,"gold_gain":50.0,"event_name":"Golden Shrine","player_choice":"Pray","floor":3.0,"gold_loss":0.0,"damage_taken":0.0},{"damage_healed":0.0,"max_hp_gain":0.0,"max_hp_loss":0.0,"gold_gain":0.0,"event_name":"Back to Basics","player_choice":"Simplicity","floor":19.0,"gold_loss":0.0,"damage_taken":0.0,"cards_upgraded":["Strike_B","Strike_B","Strike_B","Defend_B","Defend_B","Defend_B"]},{"damage_healed":0.0,"max_hp_gain":0.0,"max_hp_loss":0.0,"gold_gain":0.0,"event_name":"Cursed Tome","player_choice":"Obtained Book","floor":20.0,"gold_loss":0.0,"damage_taken":21.0},{"damage_healed":0,"gold_gain":0,"player_choice":"Ignored","damage_taken":0,"max_hp_gain":0,"max_hp_loss":0,"event_name":"Mysterious Sphere","floor":38,"gold_loss":0}],"is_beta":true,"boss_relics":[{"not_picked":["Orrery","Calling Bell"],"picked":"Fusion Hammer"},{"not_picked":["Runic Dome","Lizard Tail"],"picked":"Inserter"}],"items_purged_floors":[36,53],"is_endless":false,"potions_floor_spawned":[1,4,11,16,18,24,25,37,40,42,45],"killed_by":"The Heart","ascension_level":15}