{"path_per_floor":["M","?","?","M","M","R","M","E","T","$","E","?","$","E","R","B",null,"M","?","M","?","$","E","M","R","T","M","R","M","?","E","R","B",null,"M","?","M","?","M","R","M","$","T","M","R","M","$","E","R","B"],"character_chosen":"IRONCLAD","items_purchased":["Happy Flower","Ghostly Armor","Block Potion","Bottled Lightning","Vajra"],"gold_per_floor":[365,365,365,375,387,387,401,435,460,154,188,188,88,117,117,216,216,226,226,242,242,192,217,232,232,232,244,244,260,260,285,285,382,382,393,393,405,405,424,424,443,154,181,196,196,211,4,29,29,29],"floor_reached":51,"campfire_rested":3,"playtime":3323,"current_hp_per_floor":[68,54,54,59,65,65,66,41,41,41,43,43,43,46,46,21,62,54,54,54,38,38,41,13,50,50,53,53,56,56,54,54,40,66,57,57,51,70,62,62,60,60,60,44,75,75,75,39,75,7],"items_purged":["Strike_R","Defend_R","Strike_R","Writhe","Writhe"],"gold":29,"score":815,"play_id":"6c1f625d-5453-4bd9-9731-7727590ebe8f","is_prod":false,"is_daily":false,"is_ascension_mode":true,"campfire_upgraded":5,"path_taken":["M","?","?","?","M","R","M","E","T","$","E","?","$","E","R","BOSS","M","?","?","?","?","E","M","R","T","M","R","?","?","E","R","BOSS","M","?","M","?","M","R","M","$","T","M","R","M","$","E","R","BOSS"],"build_version":"2018-02-08-PROD1","purchased_purges":6,"victory":true,"master_deck":["Strike_R+1","Defend_R+1","Defend_R+1","Bash","Infernal Blade+1","Whirlwind+1","Bloodletting+1","Ghostly Armor","Berserk+1","Impervious+1","Double Tap+1","Second Wind+1","Searing Blow+1","Iron Wave+1","Shrug It Off+1","Necronomicurse","Warcry","Demon Form+1","Limit Break","Rupture","Corruption+1","Armaments","Warcry","Mind Blast","Warcry+1","Shockwave+1","Burning Pact+1"],"max_hp_per_floor":[72,72,72,72,72,72,72,72,72,72,75,75,75,75,75,75,75,75,75,75,75,75,75,75,75,75,75,75,75,75,75,75,75,75,75,75,75,75,75,75,75,75,75,75,75,75,75,75,75,75],"relics":["Burning Blood","Orichalcum","Anchor","Happy Flower","Smiling Mask","Blue Candle","Astrolabe","Necronomicon","Regal Pillow","Bronze Scales","War Paint","Gremlin Horn","Orrery","Bottled Lightning","Blood Vial","Vajra","Bird Faced Urn"],"card_choices":[{"not_picked":["Reckless Charge","Iron Wave"],"picked":"Infernal Blade"},{"not_picked":["Cleave","Infernal Blade"],"picked":"Whirlwind"},{"not_picked":["Havoc","Body Slam"],"picked":"Bloodletting"},{"not_picked":["Wild Strike","Carnage"],"picked":"Berserk"},{"not_picked":["Barricade","Fiend Fire"],"picked":"Impervious"},{"not_picked":["Cleave","Thunderclap"],"picked":"Iron Wave"},{"not_picked":["Pommel Strike","Clothesline"],"picked":"Shrug It Off"},{"not_picked":["Cleave","Perfected Strike"],"picked":"Warcry"},{"not_picked":["Feel No Pain","Anger"],"picked":"Demon Form"},{"not_picked":["Immolate","Demon Form"],"picked":"Limit Break"},{"not_picked":["Armaments","Pommel Strike"],"picked":"Rupture"},{"not_picked":["Bloodletting","Sword Boomerang"],"picked":"Corruption"},{"not_picked":["Perfected Strike","Headbutt"],"picked":"Armaments"},{"not_picked":["Wild Strike","Clothesline"],"picked":"Warcry"},{"not_picked":["Limit Break","Iron Wave"],"picked":"Warcry"},{"not_picked":["Inflame","Iron Wave"],"picked":"Shockwave"},{"not_picked":["Immolate","Bloodletting"],"picked":"Burning Pact"}],"player_experience":136734,"potions_floor_usage":[8,11,11,23,23,50,50,50],"damage_taken":[{"damage":10,"enemies":"Jaw Worm","floor":1,"turns":6},{"damage":1,"enemies":"2 Louse","floor":4,"turns":2},{"damage":0,"enemies":"Cultist","floor":5,"turns":2},{"damage":5,"enemies":"Red Slaver","floor":7,"turns":3},{"damage":43,"enemies":"Lagavulin","floor":8,"turns":6},{"damage":7,"enemies":"Gremlin Nob","floor":11,"turns":3},{"damage":3,"enemies":"3 Sentries","floor":14,"turns":3},{"damage":31,"enemies":"Slime Boss","floor":16,"turns":9},{"damage":14,"enemies":"Spheric Guardian","floor":18,"turns":5},{"damage":6,"enemies":"Chosen","floor":20,"turns":3},{"damage":3,"enemies":"Book of Stabbing","floor":23,"turns":5},{"damage":34,"enemies":"Snake Plant","floor":24,"turns":3},{"damage":3,"enemies":"Snecko","floor":27,"turns":2},{"damage":3,"enemies":"3 Cultists","floor":29,"turns":2},{"damage":8,"enemies":"Slavers","floor":31,"turns":2},{"damage":20,"enemies":"Collector","floor":33,"turns":6},{"damage":15,"enemies":"3 Darklings","floor":35,"turns":4},{"damage":12,"enemies":"3 Shapes","floor":37,"turns":1},{"damage":14,"enemies":"3 Darklings","floor":39,"turns":3},{"damage":8,"enemies":"4 Shapes","floor":41,"turns":3},{"damage":24,"enemies":"Sphere and 2 Shapes","floor":44,"turns":5},{"damage":4,"enemies":"3 Darklings","floor":46,"turns":3},{"damage":42,"enemies":"Nemesis","floor":48,"turns":4},{"damage":78,"enemies":"Awakened One","floor":50,"turns":6}],"event_choices":[{"event_name":"Shining Light","player_choice":"Entered Light","floor":2,"damage_taken":0},{"event_name":"The Lab","player_choice":"Got Potions","floor":3,"damage_taken":0},{"event_name":"Upgrade Shrine","player_choice":"Upgraded","floor":12,"damage_taken":0},{"event_name":"Vampires","player_choice":"Ignored","floor":19,"damage_taken":0},{"event_name":"Cursed Tome","player_choice":"Obtained Book","floor":21,"damage_taken":0},{"event_name":"The Mausoleum","player_choice":"Yes","floor":30,"damage_taken":0},{"event_name":"Match and Keep!","player_choice":"1 cards matched","floor":36,"damage_taken":0},{"event_name":"Winding Halls","player_choice":"Writhe","floor":38,"damage_taken":0}],"boss_relics":[{"not_picked":["Tiny House","Runic Cube"],"picked":"Astrolabe"},{"not_picked":["Sozu","Question Card"],"picked":"Orrery"}],"potions_floor_spawned":[1,8,11,14,20,24,31,35,37,41],"seed_played":"-6973561474092964146","ascension_level":7,"is_trial":false}