{"gold_per_floor":[114,64,84,84,84,60,75,75,121,151,162,172,197,216,216,314,314,328,278,298,308,325,325,340,351,351,141,160,60,73,73,73,171,171,181,181,181,181,198,230,230,248,248,44,64,64],"floor_reached":46,"playtime":3171,"items_purged":["Shame","Strike_R","Regret"],"score":506,"play_id":"2fa9f09c-9aee-45ff-91e9-5b7ff573fb39","local_time":"20190312004216","is_ascension_mode":false,"campfire_choices":[{"floor":15,"key":"REST"},{"floor":23,"key":"RECALL"},{"floor":32,"key":"REST"},{"floor":41,"key":"REST"}],"neow_cost":"NONE","seed_source_timestamp":931030248232448,"circlet_count":0,"master_deck":["Strike_R","Strike_R+1","Defend_R","Defend_R","Defend_R","Defend_R+1","Bash","Dropkick","Shrug It Off","Shrug It Off","Burning Pact","Dropkick","Brutality","Thunderclap","Sever Soul+1","Impatience","True Grit","Offering","Madness","Madness","Burning Pact","Corruption"],"relics":["Burning Blood","NeowsBlessing","Mercury Hourglass","Bag of Preparation","Singing Bowl","Odd Mushroom","Cursed Key","Bottled Flame","White Beast Statue","Orichalcum"],"potions_floor_usage":[10,13,16,30,33,33,40,45,45,46,46],"damage_taken":[{"damage":0,"enemies":"Small Slimes","floor":1,"turns":1},{"damage":0,"enemies":"Jaw Worm","floor":3,"turns":1},{"damage":0,"enemies":"Cultist","floor":7,"turns":1},{"damage":36,"enemies":"Lagavulin","floor":10,"turns":6},{"damage":1,"enemies":"3 Louse","floor":11,"turns":3},{"damage":10,"enemies":"Looter","floor":12,"turns":2},{"damage":9,"enemies":"The Mushroom Lair","floor":13,"turns":4},{"damage":8,"enemies":"Lots of Slimes","floor":14,"turns":3},{"damage":24,"enemies":"The Guardian","floor":16,"turns":11},{"damage":6,"enemies":"Chosen","floor":18,"turns":4},{"damage":12,"enemies":"Shell Parasite","floor":20,"turns":6},{"damage":16,"enemies":"Centurion and Healer","floor":21,"turns":5},{"damage":11,"enemies":"Shelled Parasite and Fungi","floor":22,"turns":7},{"damage":4,"enemies":"Snecko","floor":24,"turns":3},{"damage":27,"enemies":"Cultist and Chosen","floor":25,"turns":5},{"damage":35,"enemies":"Centurion and Healer","floor":28,"turns":5},{"damage":21,"enemies":"Chosen and Byrds","floor":30,"turns":6},{"damage":22,"enemies":"Champ","floor":33,"turns":5},{"damage":13,"enemies":"Orb Walker","floor":35,"turns":3},{"damage":23,"enemies":"3 Shapes","floor":39,"turns":6},{"damage":44,"enemies":"Nemesis","floor":40,"turns":9},{"damage":44,"enemies":"Writhing Mass","floor":42,"turns":6},{"damage":20,"enemies":"Jaw Worm Horde","floor":45,"turns":3},{"damage":17,"enemies":"3 Darklings","floor":46,"turns":2}],"seed_played":"8644247977533975137","potions_obtained":[{"floor":1,"key":"SpeedPotion"},{"floor":7,"key":"Block Potion"},{"floor":10,"key":"SpeedPotion"},{"floor":12,"key":"Poison Potion"},{"floor":20,"key":"Regen Potion"},{"floor":24,"key":"Energy Potion"},{"floor":30,"key":"Weak Potion"},{"floor":35,"key":"SpeedPotion"},{"floor":39,"key":"GamblersBrew"},{"floor":40,"key":"AttackPotion"},{"floor":45,"key":"SkillPotion"}],"is_trial":false,"path_per_floor":["M","?","M","?","T","$","M","?","T","E","M","M","?","M","R","B",null,"M","?","M","M","M","R","M","M","T","$","M","$","M","$","R","B",null,"M","?","?","?","M","E","R","M","T","$","M","M"],"character_chosen":"IRONCLAD","items_purchased":["Shrug It Off","Impatience","True Grit","Corruption"],"campfire_rested":3,"item_purchase_floors":[6,27,27,44],"current_hp_per_floor":[80,80,80,80,80,80,80,64,64,34,41,39,36,36,61,43,86,88,88,84,74,71,71,73,54,54,54,27,27,23,23,52,36,98,93,95,95,82,67,29,60,24,24,24,12,0],"gold":64,"neow_bonus":"THREE_ENEMY_KILL","is_prod":false,"is_daily":false,"chose_seed":false,"campfire_upgraded":0,"win_rate":0,"timestamp":1552365736,"path_taken":["M","?","M","?","?","$","?","?","T","E","M","M","?","M","R","BOSS","M","?","M","M","M","R","?","M","T","$","M","?","M","$","R","BOSS","M","?","?","?","M","E","R","M","T","$","?","M"],"build_version":"2019-01-23","purchased_purges":3,"victory":false,"max_hp_per_floor":[80,80,80,80,80,80,80,80,80,80,82,84,84,86,86,86,86,88,88,90,90,92,92,92,94,94,94,96,96,98,98,98,98,98,100,102,102,102,104,104,104,106,106,106,108,108],"card_choices":[{"not_picked":["Cleave","Flex"],"picked":"Dropkick","floor":1},{"not_picked":["Flex","Iron Wave"],"picked":"Shrug It Off","floor":3},{"not_picked":["Power Through","Pummel","Perfected Strike"],"picked":"SKIP","floor":7},{"not_picked":["Flame Barrier","Clash"],"picked":"Burning Pact","floor":10},{"not_picked":["Shockwave","Iron Wave","Hemokinesis"],"picked":"Singing Bowl","floor":11},{"not_picked":["Wild Strike","Bloodletting","Clash"],"picked":"Singing Bowl","floor":12},{"not_picked":["Dark Embrace","Bloodletting"],"picked":"Dropkick","floor":13},{"not_picked":["Anger","True Grit","Spot Weakness"],"picked":"Singing Bowl","floor":14},{"not_picked":["Immolate","Reaper"],"picked":"Brutality","floor":16},{"not_picked":["Wild Strike","Intimidate+1","Twin Strike"],"picked":"Singing Bowl","floor":18},{"not_picked":["Warcry+1","Twin Strike","Clash+1"],"picked":"Singing Bowl","floor":20},{"not_picked":["Heavy Blade","Havoc"],"picked":"Thunderclap","floor":21},{"not_picked":["Rage","Pommel Strike","Clash"],"picked":"Singing Bowl","floor":22},{"not_picked":["Shrug It Off+1","Heavy Blade+1"],"picked":"Sever Soul+1","floor":24},{"not_picked":["Entrench","Feel No Pain","Heavy Blade"],"picked":"Singing Bowl","floor":25},{"not_picked":["True Grit+1","Cleave+1","Reaper"],"picked":"Singing Bowl","floor":28},{"not_picked":["Heavy Blade","Clash","Thunderclap"],"picked":"Singing Bowl","floor":30},{"not_picked":["Impervious","Juggernaut"],"picked":"Offering","floor":33},{"not_picked":["Perfected Strike","Reckless Charge","Rage"],"picked":"Singing Bowl","floor":35},{"not_picked":["Enlightenment","Deep Breath","Jack Of All Trades"],"picked":"Singing Bowl","floor":36},{"not_picked":["Clothesline","Wild Strike","Havoc+1"],"picked":"Singing Bowl","floor":39},{"not_picked":["Anger+1","Reaper"],"picked":"Burning Pact","floor":40},{"not_picked":["Wild Strike","Battle Trance","Armaments+1"],"picked":"Singing Bowl","floor":42},{"not_picked":["Clothesline+1","Shrug It Off","Sword Boomerang+1"],"picked":"Singing Bowl","floor":45}],"player_experience":1215112,"relics_obtained":[{"floor":5,"key":"Mercury Hourglass"},{"floor":9,"key":"Bag of Preparation"},{"floor":10,"key":"Singing Bowl"},{"floor":13,"key":"Odd Mushroom"},{"floor":26,"key":"Bottled Flame"},{"floor":40,"key":"Orichalcum"}],"event_choices":[{"cards_removed":["Strike_R"],"damage_healed":0,"gold_gain":0,"player_choice":"Card Removal","damage_taken":0,"max_hp_gain":0,"max_hp_loss":0,"event_name":"The Cleric","floor":2,"gold_loss":50},{"cards_removed":["Strike_R"],"damage_healed":0,"gold_gain":0,"player_choice":"Forget","damage_taken":0,"max_hp_gain":0,"max_hp_loss":0,"event_name":"Living Wall","floor":4,"gold_loss":0},{"damage_healed":0,"gold_gain":0,"player_choice":"Entered Light","damage_taken":16,"max_hp_gain":0,"max_hp_loss":0,"event_name":"Shining Light","floor":8,"gold_loss":0,"cards_upgraded":["Strike_R","Defend_R"]},{"damage_healed":0,"gold_gain":0,"player_choice":"Fought Mushrooms","damage_taken":0,"max_hp_gain":0,"max_hp_loss":0,"event_name":"Mushrooms","floor":13,"gold_loss":0},{"damage_healed":0,"gold_gain":0,"player_choice":"Bet on Owner","damage_taken":0,"max_hp_gain":0,"max_hp_loss":0,"event_name":"The Joust","floor":19,"gold_loss":50},{"damage_healed":0,"gold_gain":0,"player_choice":"Memory 1","damage_taken":0,"max_hp_gain":0,"max_hp_loss":0,"event_name":"SensoryStone","floor":36,"gold_loss":0},{"damage_healed":0,"gold_gain":0,"player_choice":"Ignored","damage_taken":0,"max_hp_gain":0,"max_hp_loss":0,"event_name":"Tomb of Lord Red Mask","floor":37,"gold_loss":0},{"damage_healed":0,"gold_gain":0,"player_choice":"Embrace Madness","damage_taken":13,"max_hp_gain":0,"max_hp_loss":0,"event_name":"Winding Halls","floor":38,"gold_loss":0,"cards_obtained":["Madness","Madness"]}],"is_beta":false,"boss_relics":[{"not_picked":["Mark of Pain","Lizard Tail"],"picked":"Cursed Key"},{"not_picked":["Pandora\u0027s Box","Runic Dome"],"picked":"White Beast Statue"}],"items_purged_floors":[27,29,44],"is_endless":false,"potions_floor_spawned":[1,7,10,12,20,24,30,35,39,40,42,45],"killed_by":"3 Darklings","ascension_level":0}