{"gold_per_floor":[115,127,48,59,59,59,59,59,59,69,79,92,108,29,29,129,179,199,199,8,8,27,57,70,70],"floor_reached":25,"playtime":1857,"items_purged":[],"score":215,"play_id":"d230caa3-5ed4-4920-ba15-d79504a22a83","local_time":"20190310191528","is_ascension_mode":false,"campfire_choices":[{"data":"Anger","floor":6,"key":"SMITH"},{"data":"Cleave","floor":8,"key":"SMITH"},{"floor":15,"key":"REST"}],"neow_cost":"","seed_source_timestamp":16933912284444,"circlet_count":0,"master_deck":["Strike_R","Strike_R","Strike_R","Strike_R","Strike_R","Defend_R","Defend_R","Defend_R","Defend_R","Bash","Fire Breathing","Thunderclap+1","Cleave+1","Anger+1","Blood for Blood","Clash","Rampage","Inflame","Pommel Strike","Cleave","Shrug It Off+1","Double Tap","Pommel Strike","Cleave","Metamorphosis","Hemokinesis+1","Shrug It Off+1","Sword Boomerang"],"relics":["Burning Blood","PreservedInsect","MutagenicStrength","Nloth\u0027s Gift","Strawberry"],"potions_floor_usage":[16,16,16,18],"damage_taken":[{"damage":8,"enemies":"2 Louse","floor":1,"turns":3},{"damage":8,"enemies":"Small Slimes","floor":2,"turns":4},{"damage":6,"enemies":"Cultist","floor":4,"turns":3},{"damage":14,"enemies":"Blue Slaver","floor":10,"turns":3},{"damage":29,"enemies":"Exordium Thugs","floor":11,"turns":4},{"damage":15,"enemies":"Looter","floor":12,"turns":3},{"damage":0,"enemies":"Exordium Wildlife","floor":13,"turns":2},{"damage":26,"enemies":"The Guardian","floor":16,"turns":7},{"damage":10,"enemies":"Chosen","floor":18,"turns":3},{"damage":10,"enemies":"Spheric Guardian","floor":22,"turns":3},{"damage":44,"enemies":"Slavers","floor":23,"turns":5},{"damage":43,"enemies":"Shelled Parasite and Fungi","floor":24,"turns":5},{"damage":12,"enemies":"Book of Stabbing","floor":25,"turns":3}],"seed_played":"5610632384012574291","potions_obtained":[{"floor":10,"key":"Dexterity Potion"},{"floor":11,"key":"Strength Potion"},{"floor":13,"key":"EssenceOfSteel"},{"floor":16,"key":"PowerPotion"},{"floor":17,"key":"LiquidBronze"},{"floor":22,"key":"SpeedPotion"}],"is_trial":false,"path_per_floor":["M","M","$","M","?","R","?","R","T","M","M","M","M","$","R","B",null,"M","?","$","?","M","E","M","E"],"character_chosen":"IRONCLAD","items_purchased":["Thunderclap","Cleave","Cleave","Shrug It Off","Metamorphosis"],"campfire_rested":1,"item_purchase_floors":[3,3,14,14,20],"current_hp_per_floor":[78,76,76,76,76,76,76,76,76,68,45,36,42,42,66,46,85,81,81,81,81,77,46,9,0],"gold":70,"neow_bonus":"","is_prod":false,"is_daily":false,"chose_seed":false,"campfire_upgraded":2,"win_rate":0.0,"timestamp":1552270528,"path_taken":["M","M","$","M","?","R","?","R","T","M","M","?","M","$","R","BOSS","M","?","$","?","?","E","M","E"],"build_version":"2019-01-23","purchased_purges":0,"victory":false,"max_hp_per_floor":[80,80,80,80,80,80,80,80,80,80,80,80,80,80,80,80,85,85,85,85,85,85,92,92,92],"card_choices":[{"not_picked":["Sword Boomerang","Clash"],"picked":"Power Through","floor":1},{"not_picked":["Ghostly Armor","Cleave"],"picked":"Fire Breathing","floor":2},{"not_picked":["Whirlwind","Metallicize"],"picked":"Anger","floor":4},{"not_picked":["Flex","Hemokinesis"],"picked":"Clash","floor":10},{"not_picked":["Sword Boomerang","Clothesline"],"picked":"Rampage","floor":11},{"not_picked":["Iron Wave","Brutality"],"picked":"Inflame","floor":12},{"not_picked":["Metallicize","Entrench"],"picked":"Pommel Strike","floor":13},{"not_picked":["Dark Embrace","Berserk"],"picked":"Double Tap","floor":16},{"not_picked":["Sword Boomerang","Bloodletting"],"picked":"Pommel Strike","floor":17},{"not_picked":["Burning Pact","Warcry"],"picked":"Cleave","floor":18},{"not_picked":["Feed","Headbutt"],"picked":"Hemokinesis+1","floor":22},{"not_picked":["Brutality","Headbutt"],"picked":"Shrug It Off+1","floor":23},{"not_picked":["True Grit+1","Warcry+1"],"picked":"Sword Boomerang","floor":24}],"player_experience":0,"relics_obtained":[{"floor":9,"key":"PreservedInsect"},{"floor":23,"key":"Strawberry"}],"event_choices":[{"damage_healed":0,"gold_gain":0,"player_choice":"Grow","damage_taken":0,"max_hp_gain":0,"max_hp_loss":0,"event_name":"Living Wall","floor":5,"gold_loss":0,"cards_upgraded":["Thunderclap"]},{"damage_healed":0,"gold_gain":0,"cards_transformed":["Power Through"],"player_choice":"Transformed","damage_taken":0,"max_hp_gain":0,"max_hp_loss":0,"event_name":"Transmorgrifier","floor":7,"gold_loss":0,"cards_obtained":["Blood for Blood"]},{"damage_healed":0,"gold_gain":0,"player_choice":"Inject Mutagens","damage_taken":0,"relics_obtained":["MutagenicStrength"],"max_hp_gain":0,"max_hp_loss":0,"event_name":"Drug Dealer","floor":19,"gold_loss":0},{"damage_healed":0,"gold_gain":0,"player_choice":"Traded Relic","damage_taken":0,"relics_obtained":["Nloth\u0027s Gift"],"max_hp_gain":0,"max_hp_loss":0,"event_name":"N\u0027loth","floor":21,"relics_lost":["Tiny House"],"gold_loss":0}],"is_beta":false,"boss_relics":[{"not_picked":["Lizard Tail","Black Star"],"picked":"Tiny House"}],"items_purged_floors":[],"is_endless":false,"potions_floor_spawned":[10,11,13,16,22],"killed_by":"Book of Stabbing","ascension_level":0}