{"path_per_floor":["M","?","M","M","$","E","R","T","T","?","R","M","M","$","R","B",null,"M","?","M","?","?"],"character_chosen":"IRONCLAD","items_purchased":["Inflame","Flex","Armaments"],"gold_per_floor":[117,117,127,144,109,137,137,137,162,162,162,180,190,115,115,219,219,236,236,246,496,496],"floor_reached":23,"campfire_rested":0,"playtime":979,"current_hp_per_floor":[75,75,80,80,80,58,58,58,58,58,58,60,44,44,44,16,64,36,36,25,25,25],"items_purged":[],"gold":496,"score":274,"play_id":"2d7267bf-010e-404c-bed7-3bb420055187","is_prod":false,"is_daily":false,"is_ascension_mode":true,"campfire_upgraded":3,"path_taken":["M","?","M","?","$","E","R","?","T","?","R","M","?","$","R","BOSS","M","?","M","?","?","E"],"build_version":"2018-02-15-PROD1","purchased_purges":0,"victory":false,"master_deck":["Strike_R","Strike_R","Strike_R","Strike_R","Defend_R+1","Defend_R+1","Defend_R","Defend_R","Bash","Heavy Blade","Warcry","Clothesline","Inflame+1","Berserk+1","Armaments","Battle Trance","Flex","Armaments+1","Infernal Blade","Thunderclap","Flex","Whirlwind","Seeing Red","Warcry","True Grit+1","Regret"],"max_hp_per_floor":[80,80,80,80,80,80,80,80,80,80,80,80,80,80,80,80,80,80,80,80,80,80],"relics":["Burning Blood","NeowsBlessing","Happy Flower","Sundial","Blood Vial","War Paint","Orrery"],"card_choices":[{"not_picked":["Twin Strike","Iron Wave"],"picked":"Heavy Blade"},{"not_picked":["Feel No Pain","Sentinel"],"picked":"Warcry"},{"not_picked":["Juggernaut","Combust"],"picked":"Clothesline"},{"not_picked":["Carnage","Power Through"],"picked":"Berserk"},{"not_picked":["Clothesline","Anger"],"picked":"Armaments"},{"not_picked":["Pummel","Pommel Strike"],"picked":"Battle Trance"},{"not_picked":["Headbutt","Fire Breathing"],"picked":"Infernal Blade"},{"not_picked":["Disarm","Warcry"],"picked":"Thunderclap"},{"not_picked":["Clothesline","Iron Wave"],"picked":"Flex"},{"not_picked":["Wild Strike","Sever Soul"],"picked":"Whirlwind"},{"not_picked":["Wild Strike","Havoc"],"picked":"Seeing Red"},{"not_picked":["Cleave","Rage"],"picked":"True Grit"}],"player_experience":169898,"potions_floor_usage":[6,23,23],"damage_taken":[{"damage":3,"enemies":"2 Louse","floor":1,"turns":2},{"damage":0,"enemies":"Cultist","floor":3,"turns":1},{"damage":0,"enemies":"Small Slimes","floor":4,"turns":1},{"damage":28,"enemies":"Gremlin Nob","floor":6,"turns":4},{"damage":6,"enemies":"Looter","floor":12,"turns":4},{"damage":24,"enemies":"Lots of Slimes","floor":13,"turns":5},{"damage":36,"enemies":"The Guardian","floor":16,"turns":8},{"damage":36,"enemies":"2 Thieves","floor":18,"turns":3},{"damage":19,"enemies":"Shell Parasite","floor":20,"turns":4},{"damage":35,"enemies":"Slavers","floor":23,"turns":2}],"event_choices":[{"event_name":"Bonfire Elementals","player_choice":"BASIC","floor":2,"damage_taken":0},{"event_name":"Big Fish","player_choice":"Box","floor":10,"damage_taken":0},{"event_name":"The Library","player_choice":"Read","floor":19,"damage_taken":0},{"event_name":"Golden Shrine","player_choice":"Desecrate","floor":21,"damage_taken":0},{"event_name":"Back to Basics","player_choice":"Elegance","floor":22,"damage_taken":0}],"boss_relics":[{"not_picked":["Ectoplasm","Astrolabe"],"picked":"Orrery"}],"potions_floor_spawned":[4,6,12],"seed_played":"-7406506140626784451","killed_by":"Slavers","ascension_level":9,"is_trial":false}