{"gold_per_floor":[116,116,116,130,141,141,151,151,222,222,241,259,278,18,18,92,92,108,123,123,123,48,48,62,81,81,81,95,114,114,144,144,219,219,231,231,241,20,20,20,33,33,60,60,60,60,112,26,26,26,26],"floor_reached":52,"playtime":3407,"items_purged":["Writhe","Distraction+1"],"score":1724,"play_id":"1c4c3deb-b0c8-43a0-9d63-a2c01f568732","local_time":"20190313154916","is_ascension_mode":true,"campfire_choices":[{"data":"Leg Sweep","floor":6.0,"key":"SMITH"},{"data":"Neutralize","floor":8.0,"key":"SMITH"},{"floor":10.0,"key":"REST"},{"data":"Sadistic Nature","floor":15.0,"key":"SMITH"},{"data":"Footwork","floor":23.0,"key":"SMITH"},{"floor":32.0,"key":"REST"},{"data":"Footwork","floor":40.0,"key":"SMITH"},{"data":"Well Laid Plans","floor":42.0,"key":"SMITH"},{"data":"Envenom","floor":44.0,"key":"SMITH"},{"data":"Survivor","floor":49,"key":"SMITH"}],"neow_cost":"NONE","seed_source_timestamp":85049193029800,"circlet_count":0,"master_deck":["AscendersBane","Survivor+1","Neutralize+1","Leg Sweep+1","Dodge and Roll+1","Die Die Die","Well Laid Plans+1","Blade Dance+1","Backflip+1","Sadistic Nature+1","Deflect+1","Envenom+1","Footwork+1","Catalyst+1","Corpse Explosion+1","Malaise+1","Malaise+1","Bullet Time+1","Doppelganger+1","Acrobatics+1","Backflip+1","Footwork+1","Backflip+1","Blade Dance+1","Crippling Poison+1","Footwork+1","Riddle With Holes+1","Dodge and Roll+1","Cloak And Dagger+1"],"special_seed":0,"relics":["Ring of the Snake","Bag of Marbles","Toxic Egg 2","Bottled Lightning","Pandora\u0027s Box","Mango","Tingsha","Boot","Busted Crown","Juzu Bracelet","Tough Bandages"],"potions_floor_usage":[50,50],"damage_taken":[{"damage":1.0,"enemies":"Small Slimes","floor":1.0,"turns":5.0},{"damage":0.0,"enemies":"Jaw Worm","floor":4.0,"turns":7.0},{"damage":0.0,"enemies":"Cultist","floor":5.0,"turns":5.0},{"damage":0.0,"enemies":"Large Slime","floor":7.0,"turns":10.0},{"damage":0.0,"enemies":"Exordium Thugs","floor":11.0,"turns":7.0},{"damage":6.0,"enemies":"Gremlin Gang","floor":12.0,"turns":6.0},{"damage":8.0,"enemies":"Large Slime","floor":13.0,"turns":8.0},{"damage":30.0,"enemies":"Hexaghost","floor":16.0,"turns":10.0},{"damage":0.0,"enemies":"Shell Parasite","floor":18.0,"turns":6.0},{"damage":17.0,"enemies":"3 Byrds","floor":19.0,"turns":4.0},{"damage":0.0,"enemies":"Colosseum Slavers","floor":20.0,"turns":3.0},{"damage":13.0,"enemies":"Snecko","floor":24.0,"turns":6.0},{"damage":17.0,"enemies":"Shelled Parasite and Fungi","floor":25.0,"turns":3.0},{"damage":1.0,"enemies":"Centurion and Healer","floor":28.0,"turns":3.0},{"damage":8.0,"enemies":"Snake Plant","floor":29.0,"turns":7.0},{"damage":2.0,"enemies":"Gremlin Leader","floor":31.0,"turns":7.0},{"damage":5.0,"enemies":"Champ","floor":33.0,"turns":12.0},{"damage":7.0,"enemies":"3 Shapes","floor":35.0,"turns":5.0},{"damage":10.0,"enemies":"Orb Walker","floor":37.0,"turns":3.0},{"damage":0.0,"enemies":"Writhing Mass","floor":41.0,"turns":8.0},{"damage":0,"enemies":"2 Orb Walkers","floor":47,"turns":2},{"damage":58,"enemies":"Awakened One","floor":50,"turns":14},{"damage":4,"enemies":"Donu and Deca","floor":51,"turns":6}],"seed_played":"-7919532352515697018","potions_obtained":[{"floor":1.0,"key":"Energy Potion"},{"floor":4.0,"key":"LiquidBronze"},{"floor":5.0,"key":"Poison Potion"},{"floor":13.0,"key":"LiquidBronze"},{"floor":16.0,"key":"SteroidPotion"},{"floor":18.0,"key":"Poison Potion"},{"floor":28.0,"key":"Weak Potion"},{"floor":37.0,"key":"SkillPotion"},{"floor":41.0,"key":"Dexterity Potion"}],"is_trial":false,"path_per_floor":["M","?","T","M","M","R","M","R","T","R","M","M","M","$","R","B",null,"M","M","?","?","$","R","M","M","T","?","M","M","$","E","R","B",null,"M","?","M","$","?","R","M","R","T","R","?","?","?","$","R","B","B",null],"character_chosen":"THE_SILENT","items_purchased":["Sadistic Nature","Deflect+1","Crippling Poison+1","Footwork","Dodge and Roll+1","Cloak And Dagger+1"],"campfire_rested":2,"item_purchase_floors":[14,14,38,38,48,48],"current_hp_per_floor":[64,38,38,38,38,38,38,38,38,59,59,53,45,45,45,15,58,58,41,41,55,55,55,42,25,25,25,24,16,16,14,39,34,73,66,66,56,56,96,96,96,96,96,96,91,91,91,91,91,33,29],"gold":26,"neow_bonus":"TEN_PERCENT_HP_BONUS","is_prod":false,"is_daily":false,"chose_seed":false,"campfire_upgraded":8,"win_rate":0,"timestamp":1552506556,"path_taken":["M","?","?","M","M","R","M","R","T","R","M","M","M","$","R","BOSS","M","M","?","?","?","R","?","M","T","?","M","M","?","E","R","BOSS","M","?","?","$","?","R","M","R","T","R","?","?","?","$","R","BOSS","BOSS"],"build_version":"2019-01-23","purchased_purges":2,"victory":true,"max_hp_per_floor":[72,72,72,72,72,72,72,72,72,72,72,72,72,72,72,72,72,72,72,72,86,86,86,86,86,86,86,86,86,86,86,86,86,86,86,86,86,86,96,96,96,96,96,96,91,91,91,91,91,91,91],"card_choices":[{"not_picked":["PiercingWail","Acrobatics"],"picked":"Leg Sweep","floor":1.0},{"not_picked":["Setup+1","Bane"],"picked":"Dodge and Roll+1","floor":4.0},{"not_picked":["All Out Attack","Acrobatics+1","Tactician+1"],"picked":"SKIP","floor":5.0},{"not_picked":["Expertise+1","PiercingWail+1"],"picked":"Die Die Die","floor":7.0},{"not_picked":["Acrobatics+1","Riddle With Holes"],"picked":"Well Laid Plans","floor":11.0},{"not_picked":["Slice","Outmaneuver+1"],"picked":"Blade Dance+1","floor":12.0},{"not_picked":["Deflect+1","Slice"],"picked":"Backflip+1","floor":13.0},{"not_picked":["Wraith Form v2","Storm of Steel+1"],"picked":"Envenom","floor":16.0},{"not_picked":["Prepared+1","Flying Knee"],"picked":"Acrobatics+1","floor":18.0},{"not_picked":["Prepared+1","Underhanded Strike"],"picked":"Backflip+1","floor":19.0},{"not_picked":["Prepared+1","Reflex+1","Sucker Punch"],"picked":"SKIP","floor":24.0},{"not_picked":["Cloak And Dagger+1","Deadly Poison+1"],"picked":"Footwork","floor":25.0},{"not_picked":["Sucker Punch","Outmaneuver+1","Bane"],"picked":"SKIP","floor":28.0},{"not_picked":["Sucker Punch","Quick Slash"],"picked":"Backflip+1","floor":29.0},{"not_picked":["Venomology+1","Outmaneuver+1","Phantasmal Killer+1"],"picked":"SKIP","floor":31.0},{"not_picked":[],"picked":"Blade Dance+1","floor":35.0},{"not_picked":["Choke"],"picked":"SKIP","floor":37.0},{"not_picked":[],"picked":"Riddle With Holes+1","floor":41.0}],"player_experience":1318251,"relics_obtained":[{"floor":3.0,"key":"Toxic Egg 2"},{"floor":9.0,"key":"Bottled Lightning"},{"floor":26.0,"key":"Tingsha"},{"floor":31.0,"key":"Boot"},{"floor":43.0,"key":"Juzu Bracelet"},{"floor":47,"key":"Tough Bandages"}],"event_choices":[{"damage_healed":0.0,"max_hp_gain":0.0,"max_hp_loss":0.0,"gold_gain":0.0,"event_name":"Scrap Ooze","player_choice":"Success","floor":2.0,"gold_loss":0.0,"damage_taken":26.0,"relics_obtained":["Bag of Marbles"]},{"damage_healed":0.0,"max_hp_gain":0.0,"max_hp_loss":0.0,"gold_gain":0.0,"event_name":"Colosseum","player_choice":"Fight","floor":20.0,"gold_loss":0.0,"damage_taken":0.0},{"damage_healed":0.0,"max_hp_gain":0.0,"max_hp_loss":0.0,"gold_gain":0.0,"event_name":"Colosseum","player_choice":"Fled From Nobs","floor":20.0,"gold_loss":0.0,"damage_taken":0.0},{"damage_healed":0.0,"max_hp_gain":0.0,"max_hp_loss":0.0,"gold_gain":0.0,"event_name":"The Mausoleum","player_choice":"Opened","floor":21.0,"gold_loss":0.0,"damage_taken":0.0,"relics_obtained":["Mango"],"cards_obtained":["Writhe"]},{"damage_healed":0.0,"max_hp_gain":0.0,"max_hp_loss":0.0,"gold_gain":0.0,"event_name":"FaceTrader","player_choice":"Leave","floor":27.0,"gold_loss":0.0,"damage_taken":0.0},{"damage_healed":0.0,"max_hp_gain":0.0,"max_hp_loss":0.0,"gold_gain":0.0,"event_name":"Upgrade Shrine","player_choice":"Upgraded","floor":36.0,"gold_loss":0.0,"damage_taken":0.0,"cards_upgraded":["Footwork"]},{"cards_removed":["Grand Finale"],"damage_healed":30.0,"max_hp_gain":10.0,"max_hp_loss":0.0,"gold_gain":0.0,"event_name":"Bonfire Elementals","player_choice":"Offered Rare","floor":39.0,"gold_loss":0.0,"damage_taken":0.0},{"damage_healed":0.0,"max_hp_gain":0.0,"max_hp_loss":5.0,"gold_gain":0.0,"event_name":"Winding Halls","player_choice":"Max HP","floor":45.0,"gold_loss":0.0,"damage_taken":0.0},{"cards_removed":["Heel Hook"],"damage_healed":0.0,"max_hp_gain":0.0,"max_hp_loss":0.0,"gold_gain":0.0,"event_name":"Falling","player_choice":"Removed Attack","floor":46.0,"gold_loss":0.0,"damage_taken":0.0},{"damage_healed":0,"gold_gain":0,"player_choice":"Fight","damage_taken":0,"max_hp_gain":0,"max_hp_loss":0,"event_name":"Mysterious Sphere","floor":47,"gold_loss":0}],"is_beta":false,"boss_relics":[{"not_picked":["Coffee Dripper","White Beast Statue"],"picked":"Pandora\u0027s Box"},{"not_picked":["Empty Cage","Philosopher\u0027s Stone"],"picked":"Busted Crown"}],"items_purged_floors":[22,38],"is_endless":false,"potions_floor_spawned":[1,4,5,13,16,18,28,37,41],"ascension_level":20}