{"gold_per_floor":[116,135,60,76,86,113,113,113,113,143,143,143,177,259,259,334,334,352,352,372,383,383,383,383,412,412,412,447,447,497,555,555,632,632,652,665,590,941,1041,1041,1041,1052,1077,265,282,282,309,329,329,329],"floor_reached":50,"playtime":2052,"items_purged":["Anger","Bash+1"],"score":1027,"play_id":"7ef550c2-236b-4af2-89fc-1b385b26f570","local_time":"20190302174801","is_ascension_mode":true,"campfire_choices":[{"data":"Armaments","floor":7,"key":"SMITH"},{"data":"Bash","floor":11,"key":"SMITH"},{"data":"True Grit","floor":15,"key":"SMITH"},{"floor":23,"key":"REST"},{"floor":27,"key":"RECALL"},{"floor":29,"key":"REST"},{"floor":32,"key":"REST"},{"floor":40,"key":"REST"},{"floor":46,"key":"REST"},{"floor":49,"key":"REST"}],"neow_cost":"NONE","seed_source_timestamp":1139052738271105,"circlet_count":0,"master_deck":["AscendersBane","Defend_R","Defend_R","Defend_R","Defend_R","Dropkick+1","Sword Boomerang+1","True Grit+1","Metallicize","Armaments+1","Flame Barrier+1","Impervious","Iron Wave+1","Carnage+1","Bite+1","Bite+1","Bite+1","Bite+1","Juggernaut","Rampage+1","Burning Pact","Feed+1","Corruption","Body Slam+1","Dark Shackles","Juggernaut"],"relics":["Astrolabe","Sundial","Singing Bowl","Regal Pillow","Bag of Preparation","Molten Egg 2","Fusion Hammer","Boot","Anchor","Thread and Needle","Tiny Chest","Runic Pyramid","Old Coin","Pocketwatch","Centennial Puzzle","Bag of Marbles","Medical Kit","Pen Nib"],"potions_floor_usage":[10,16,25,28,33,38,47],"damage_taken":[{"damage":4,"enemies":"Jaw Worm","floor":1,"turns":3},{"damage":1,"enemies":"Small Slimes","floor":2,"turns":2},{"damage":3,"enemies":"2 Louse","floor":4,"turns":3},{"damage":5,"enemies":"Looter","floor":5,"turns":4},{"damage":10,"enemies":"Lagavulin","floor":6,"turns":7},{"damage":12,"enemies":"Gremlin Nob","floor":10,"turns":4},{"damage":10,"enemies":"Lagavulin","floor":13,"turns":8},{"damage":15,"enemies":"The Guardian","floor":16,"turns":13},{"damage":13,"enemies":"Spheric Guardian","floor":18,"turns":6},{"damage":0,"enemies":"Chosen","floor":20,"turns":6},{"damage":21,"enemies":"Sentry and Sphere","floor":21,"turns":8},{"damage":24,"enemies":"Gremlin Leader","floor":25,"turns":9},{"damage":26,"enemies":"Book of Stabbing","floor":28,"turns":6},{"damage":28,"enemies":"Slavers","floor":31,"turns":6},{"damage":54,"enemies":"Automaton","floor":33,"turns":10},{"damage":7,"enemies":"3 Darklings","floor":35,"turns":5},{"damage":0,"enemies":"3 Shapes","floor":36,"turns":5},{"damage":30,"enemies":"2 Orb Walkers","floor":38,"turns":5},{"damage":2,"enemies":"Mind Bloom Boss Battle","floor":39,"turns":8},{"damage":25,"enemies":"Writhing Mass","floor":42,"turns":8},{"damage":0,"enemies":"Sphere and 2 Shapes","floor":45,"turns":5},{"damage":79,"enemies":"Nemesis","floor":47,"turns":9},{"damage":0,"enemies":"3 Darklings","floor":48,"turns":6},{"damage":131,"enemies":"Donu and Deca","floor":50,"turns":11}],"seed_played":"8553542901907965372","potions_obtained":[{"floor":1,"key":"Fire Potion"},{"floor":2,"key":"Weak Potion"},{"floor":16,"key":"Weak Potion"},{"floor":21,"key":"Swift Potion"},{"floor":25,"key":"PowerPotion"},{"floor":31,"key":"Strength Potion"},{"floor":33,"key":"PowerPotion"},{"floor":42,"key":"SmokeBomb"},{"floor":47,"key":"GamblersBrew"}],"is_trial":false,"path_per_floor":["M","M","?","M","M","E","R","?","T","E","R","?","E","T","R","B",null,"M","?","M","M","?","R","?","E","T","R","E","R","?","E","R","B",null,"M","M","$","?","?","R","?","M","T","$","M","R","E","M","R","B"],"character_chosen":"IRONCLAD","items_purchased":["Corruption","Centennial Puzzle","Bag of Marbles","Medical Kit","Body Slam+1","Dark Shackles"],"campfire_rested":6,"item_purchase_floors":[44,44,44,44,44,44],"current_hp_per_floor":[64,63,63,60,55,45,45,45,45,33,33,33,25,25,25,10,60,47,47,49,28,28,55,55,54,54,54,31,57,57,38,57,24,49,57,69,69,57,81,81,81,65,65,65,80,93,39,56,99,0],"gold":329,"neow_bonus":"BOSS_RELIC","is_prod":false,"is_daily":false,"chose_seed":false,"campfire_upgraded":3,"win_rate":0,"timestamp":1551566881,"path_taken":["M","M","?","M","M","E","R","?","T","E","R","?","E","?","R","BOSS","M","?","M","?","?","R","?","E","T","R","E","R","?","E","R","BOSS","M","?","$","?","?","R","?","M","T","$","M","R","E","?","R","BOSS"],"build_version":"2019-02-06","purchased_purges":2,"victory":false,"max_hp_per_floor":[75,75,75,75,75,75,75,75,75,75,75,75,77,77,77,77,77,77,77,79,79,55,55,55,57,57,57,57,57,57,57,57,57,57,63,69,69,75,81,81,81,87,87,87,93,93,97,99,99,99],"card_choices":[{"not_picked":["Dropkick","Blood for Blood"],"picked":"Anger","floor":1},{"not_picked":["Perfected Strike","Cleave"],"picked":"True Grit","floor":2},{"not_picked":["Perfected Strike","Corruption","Heavy Blade"],"picked":"SKIP","floor":4},{"not_picked":["Twin Strike","Sentinel"],"picked":"Metallicize","floor":5},{"not_picked":["Pommel Strike","True Grit"],"picked":"Armaments","floor":6},{"not_picked":["Dual Wield","Brutality"],"picked":"Flame Barrier","floor":10},{"not_picked":["Brutality","Clothesline","Sentinel"],"picked":"Singing Bowl","floor":13},{"not_picked":["Double Tap","Brutality"],"picked":"Impervious","floor":16},{"not_picked":["Entrench","Headbutt+1"],"picked":"Iron Wave+1","floor":18},{"not_picked":["Sever Soul+1","Sword Boomerang+1","Wild Strike+1"],"picked":"Singing Bowl","floor":20},{"not_picked":["Sword Boomerang+1","Wild Strike+1"],"picked":"Carnage+1","floor":21},{"not_picked":["Bloodletting","Sword Boomerang+1","Warcry"],"picked":"Singing Bowl","floor":25},{"not_picked":["Wild Strike+1","Fiend Fire+1"],"picked":"Rampage+1","floor":28},{"not_picked":["Clash+1","Body Slam+1"],"picked":"Burning Pact","floor":31},{"not_picked":["Bludgeon+1","Fiend Fire+1"],"picked":"Feed+1","floor":33},{"not_picked":["Clothesline+1","Pommel Strike+1","Dropkick+1"],"picked":"Singing Bowl","floor":35},{"not_picked":["Pommel Strike+1","Searing Blow+1","Hemokinesis+1"],"picked":"Singing Bowl","floor":36},{"not_picked":["Heavy Blade+1","Pummel+1","Flex+1"],"picked":"Singing Bowl","floor":38},{"not_picked":["Second Wind+1","Havoc","Dropkick+1"],"picked":"Singing Bowl","floor":39},{"not_picked":["Sever Soul+1","Armaments+1","Immolate+1"],"picked":"Singing Bowl","floor":42},{"not_picked":["Battle Trance","Dual Wield","Body Slam+1"],"picked":"Singing Bowl","floor":45},{"not_picked":["Spot Weakness","Body Slam+1"],"picked":"Juggernaut","floor":47},{"not_picked":["Iron Wave+1","Warcry+1","Corruption+1"],"picked":"Singing Bowl","floor":48}],"player_experience":2071887,"relics_obtained":[{"floor":6,"key":"Sundial"},{"floor":9,"key":"Singing Bowl"},{"floor":10,"key":"Regal Pillow"},{"floor":13,"key":"Bag of Preparation"},{"floor":14,"key":"Molten Egg 2"},{"floor":25,"key":"Boot"},{"floor":26,"key":"Anchor"},{"floor":28,"key":"Thread and Needle"},{"floor":31,"key":"Tiny Chest"},{"floor":38,"key":"Old Coin"},{"floor":39,"key":"Pocketwatch"},{"floor":47,"key":"Pen Nib"}],"event_choices":[{"cards_removed":["Brutality"],"damage_healed":0,"gold_gain":0,"player_choice":"Card Removal","damage_taken":0,"max_hp_gain":0,"max_hp_loss":0,"event_name":"The Cleric","floor":3,"gold_loss":75},{"damage_healed":0,"gold_gain":0,"player_choice":"Ignored","damage_taken":0,"max_hp_gain":0,"max_hp_loss":0,"event_name":"Liars Game","floor":8,"gold_loss":0},{"damage_healed":0,"gold_gain":0,"player_choice":"Ignored","damage_taken":0,"max_hp_gain":0,"max_hp_loss":0,"event_name":"Shining Light","floor":12,"gold_loss":0},{"damage_healed":0,"gold_gain":0,"player_choice":"Upgraded","damage_taken":0,"max_hp_gain":0,"max_hp_loss":0,"event_name":"Upgrade Shrine","floor":19,"gold_loss":0,"cards_upgraded":["Flame Barrier"]},{"damage_healed":0,"gold_gain":0,"player_choice":"Became a vampire","damage_taken":0,"max_hp_gain":0,"max_hp_loss":24,"event_name":"Vampires","floor":22,"gold_loss":0,"cards_obtained":["Bite","Bite","Bite","Bite","Bite"]},{"damage_healed":0,"gold_gain":0,"player_choice":"Read","damage_taken":0,"max_hp_gain":0,"max_hp_loss":0,"event_name":"The Library","floor":24,"gold_loss":0,"cards_obtained":["Juggernaut"]},{"damage_healed":0,"gold_gain":50,"player_choice":"Pray","damage_taken":0,"max_hp_gain":0,"max_hp_loss":0,"event_name":"Golden Shrine","floor":30,"gold_loss":0},{"damage_healed":0,"gold_gain":0,"player_choice":"Fight","damage_taken":0,"max_hp_gain":0,"max_hp_loss":0,"event_name":"Mysterious Sphere","floor":38,"gold_loss":0},{"damage_healed":0,"gold_gain":0,"player_choice":"Fight","damage_taken":0,"max_hp_gain":0,"max_hp_loss":0,"event_name":"MindBloom","floor":39,"gold_loss":0},{"cards_removed":["Bite"],"damage_healed":0,"gold_gain":0,"player_choice":"Removed Attack","damage_taken":0,"max_hp_gain":0,"max_hp_loss":0,"event_name":"Falling","floor":41,"gold_loss":0}],"is_beta":true,"boss_relics":[{"not_picked":["Cursed Key","Runic Dome"],"picked":"Fusion Hammer"},{"not_picked":["Orrery","Mark of Pain"],"picked":"Runic Pyramid"}],"items_purged_floors":[37,44],"is_endless":false,"potions_floor_spawned":[1,2,6,16,21,25,31,33,42,47,48],"killed_by":"Donu and Deca","ascension_level":15}