{"gold_per_floor":[112,112,112,59,59,92,92,123,123,162,180,203,13,13,13,108,108,121,121,136,61,77,116,116,129,129,167,167,167,238,282,282,372,372,397,421,221,235,84,84,105,105,156,190,215,258,258,276,276,276,276,276,20,56,56],"floor_reached":56,"playtime":2165,"items_purged":["Double Energy+1","Strike_B"],"score":2355,"play_id":"6b391ead-592e-4e45-bf8b-0f8ea32ec6da","local_time":"20190101223610","is_ascension_mode":true,"campfire_choices":[{"data":"Defragment","floor":7,"key":"SMITH"},{"floor":15,"key":"REST"},{"data":"Chill","floor":24,"key":"SMITH"},{"data":"Hologram","floor":28,"key":"SMITH"},{"floor":32,"key":"RECALL"},{"data":"Ghostly","floor":40,"key":"SMITH"},{"data":"Coolheaded","floor":42,"key":"SMITH"},{"data":"Ghostly","floor":47,"key":"SMITH"},{"data":"Ghostly","floor":49,"key":"SMITH"},{"data":"Coolheaded","floor":52,"key":"SMITH"}],"neow_cost":"NONE","seed_source_timestamp":642137254142579,"circlet_count":0,"master_deck":["AscendersBane","Defend_B","Defend_B+1","Defend_B","Defend_B","Zap+1","Dualcast","Hologram+1","Coolheaded","Defragment+1","Doom and Gloom","Echo Form+1","Defragment+1","Capacitor+1","Core Surge","Coolheaded+1","Ghostly+1","Ghostly+1","Ghostly+1","Chill+1","Self Repair+1","Compile Driver","Defragment+1","Cold Snap","Buffer+1","Biased Cognition+1","FTL+1","Tempest+1","Static Discharge+1","Glacier","Capacitor+1","Coolheaded+1","Defragment+1","Biased Cognition+1"],"relics":["Cracked Core","NeowsBlessing","Golden Idol","Art of War","Cables","Frozen Egg 2","Ginger","OrangePellets","Philosopher\u0027s Stone","Blood Vial","Question Card","SsserpentHead","Juzu Bracelet","Astrolabe","Anchor","Pen Nib","Smiling Mask","Letter Opener","Medical Kit","FossilizedHelix"],"potions_floor_usage":[11,14,23,27,55],"damage_taken":[{"damage":0,"enemies":"Jaw Worm","floor":1,"turns":1},{"damage":0,"enemies":"Lagavulin","floor":6,"turns":1},{"damage":0,"enemies":"3 Sentries","floor":8,"turns":2},{"damage":16,"enemies":"Lagavulin","floor":10,"turns":7},{"damage":8,"enemies":"2 Louse","floor":11,"turns":2},{"damage":10,"enemies":"Small Slimes","floor":12,"turns":2},{"damage":0,"enemies":"Blue Slaver","floor":14,"turns":1},{"damage":31,"enemies":"The Guardian","floor":16,"turns":9},{"damage":31,"enemies":"3 Byrds","floor":18,"turns":4},{"damage":0,"enemies":"Spheric Guardian","floor":20,"turns":4},{"damage":0,"enemies":"3 Cultists","floor":22,"turns":5},{"damage":3,"enemies":"Book of Stabbing","floor":23,"turns":6},{"damage":0,"enemies":"Snecko","floor":25,"turns":5},{"damage":16,"enemies":"Slavers","floor":27,"turns":5},{"damage":0,"enemies":"Cultist and Chosen","floor":30,"turns":6},{"damage":0,"enemies":"Book of Stabbing","floor":31,"turns":7},{"damage":0,"enemies":"Collector","floor":33,"turns":10},{"damage":20,"enemies":"3 Darklings","floor":35,"turns":6},{"damage":0,"enemies":"3 Shapes","floor":36,"turns":4},{"damage":0,"enemies":"Spire Growth","floor":38,"turns":8},{"damage":0,"enemies":"Writhing Mass","floor":41,"turns":6},{"damage":0,"enemies":"Giant Head","floor":44,"turns":11},{"damage":0,"enemies":"Maw","floor":45,"turns":7},{"damage":0,"enemies":"Reptomancer","floor":46,"turns":6},{"damage":0,"enemies":"Transient","floor":48,"turns":5},{"damage":10,"enemies":"Time Eater","floor":50,"turns":12},{"damage":0,"enemies":"Shield and Spear","floor":54,"turns":8},{"damage":23,"enemies":"The Heart","floor":55,"turns":7}],"seed_played":"-344306721059393532","potions_obtained":[{"floor":1,"key":"Swift Potion"},{"floor":6,"key":"FearPotion"},{"floor":12,"key":"SmokeBomb"},{"floor":18,"key":"LiquidBronze"},{"floor":20,"key":"Fire Potion"},{"floor":23,"key":"Regen Potion"},{"floor":27,"key":"PowerPotion"},{"floor":35,"key":"GamblersBrew"}],"is_trial":false,"path_per_floor":["M","?","?","$","?","E","R","E","T","E","M","M","$","M","R","B",null,"M","?","M","$","M","E","R","M","T","E","R","?","M","E","R","B",null,"M","M","$","M","$","R","M","R","T","E","M","E","R","M","R","B",null,"R","$","E","B",null],"character_chosen":"DEFECT","items_purchased":["Coolheaded","OrangePellets","Self Repair+1","Capacitor+1","Coolheaded","Anchor","Medical Kit"],"campfire_rested":1,"item_purchase_floors":[4,13,21,37,37,39,53],"current_hp_per_floor":[64,69,69,69,48,48,48,48,48,32,24,14,14,14,34,3,53,22,22,22,22,32,34,34,34,34,30,30,30,32,34,34,34,34,24,34,34,34,34,34,34,34,34,34,34,34,34,34,34,34,34,34,34,34,21],"gold":56,"neow_bonus":"THREE_ENEMY_KILL","is_prod":false,"is_daily":false,"chose_seed":false,"campfire_upgraded":8,"win_rate":0,"timestamp":1546400170,"path_taken":["M","?","?","$","?","E","R","E","T","E","M","M","?","M","R","BOSS","M","?","M","$","M","E","R","M","T","E","R","?","?","E","R","BOSS","M","M","$","M","$","R","M","R","T","E","M","E","R","M","R","BOSS","R","$","E","BOSS"],"build_version":"2019-01-01","purchased_purges":2,"victory":true,"max_hp_per_floor":[71,76,69,69,69,69,69,69,69,69,69,69,69,69,69,69,69,69,34,34,34,34,34,34,34,34,34,34,34,34,34,34,34,34,34,34,34,34,34,34,34,34,34,34,34,34,34,34,34,34,34,34,34,34,34],"card_choices":[{"not_picked":["Loop","Stack"],"picked":"Hologram","floor":1},{"not_picked":["Ball Lightning","Cold Snap"],"picked":"Defragment","floor":6},{"not_picked":["Leap","Streamline"],"picked":"Doom and Gloom","floor":8},{"not_picked":["All For One","Steam"],"picked":"Echo Form+1","floor":10},{"not_picked":["Auto Shields","Coolheaded"],"picked":"Defragment+1","floor":11},{"not_picked":["Force Field","Aggregate"],"picked":"Capacitor+1","floor":12},{"not_picked":["Reboot","Rainbow"],"picked":"Core Surge","floor":16},{"not_picked":["Steam","Streamline"],"picked":"Coolheaded","floor":18},{"not_picked":["Fusion","Steam"],"picked":"Chill","floor":20},{"not_picked":["Rip and Tear","Barrage","Stack"],"picked":"SKIP","floor":22},{"not_picked":["Double Energy","Steam"],"picked":"Compile Driver","floor":23},{"not_picked":["Lockon","Steam Power","Chill"],"picked":"SKIP","floor":25},{"not_picked":["Consume","Steam"],"picked":"Defragment+1","floor":27},{"not_picked":["Steam","Beam Cell","Melter"],"picked":"Cold Snap","floor":30},{"not_picked":["Chaos","Coolheaded","Lockon"],"picked":"Buffer+1","floor":31},{"not_picked":["Reboot","Core Surge","Amplify"],"picked":"Biased Cognition+1","floor":33},{"not_picked":["Streamline","Cold Snap","Compile Driver"],"picked":"Static Discharge+1","floor":35},{"not_picked":["Go for the Eyes","Cold Snap","Sweeping Beam"],"picked":"Glacier","floor":36},{"not_picked":["Leap","Chill","Cold Snap","Recycle"],"picked":"SKIP","floor":38},{"not_picked":["Capacitor+1","Go for the Eyes","Compile Driver","Double Energy+1"],"picked":"SKIP","floor":41},{"not_picked":["Double Energy","Streamline+1","White Noise+1","Heatsinks+1"],"picked":"SKIP","floor":44},{"not_picked":["Genetic Algorithm","Barrage","Hello World+1","Reprogram+1"],"picked":"SKIP","floor":45},{"not_picked":["Rip and Tear","Redo","Aggregate+1"],"picked":"Defragment+1","floor":46},{"not_picked":["Consume","Thunder Strike","Compile Driver","Stack+1"],"picked":"SKIP","floor":48},{"not_picked":["Rebound","Steam Power","Leap"],"picked":"Biased Cognition+1","floor":54}],"player_experience":1804262,"relics_obtained":[{"floor":6,"key":"Art of War"},{"floor":8,"key":"Cables"},{"floor":9,"key":"Frozen Egg 2"},{"floor":10,"key":"Ginger"},{"floor":23,"key":"Blood Vial"},{"floor":27,"key":"Question Card"},{"floor":31,"key":"Juzu Bracelet"},{"floor":43,"key":"Pen Nib"},{"floor":44,"key":"Smiling Mask"},{"floor":46,"key":"Letter Opener"},{"floor":54,"key":"FossilizedHelix"}],"event_choices":[{"damage_healed":0,"gold_gain":0,"player_choice":"Donut","damage_taken":0,"max_hp_gain":5,"max_hp_loss":0,"event_name":"Big Fish","floor":2,"gold_loss":0},{"damage_healed":0,"gold_gain":0,"player_choice":"Lose Max HP","damage_taken":0,"relics_obtained":["Golden Idol"],"max_hp_gain":0,"max_hp_loss":7,"event_name":"Golden Idol","floor":3,"gold_loss":0},{"damage_healed":0,"gold_gain":0,"player_choice":"Entered Light","damage_taken":21,"max_hp_gain":0,"max_hp_loss":0,"event_name":"Shining Light","floor":5,"gold_loss":0,"cards_upgraded":["Defend_B","Zap"]},{"damage_healed":0,"gold_gain":0,"player_choice":"Became a Ghost","damage_taken":0,"max_hp_gain":0,"max_hp_loss":35,"event_name":"Ghosts","floor":19,"gold_loss":0,"cards_obtained":["Ghostly","Ghostly","Ghostly"]},{"damage_healed":0,"gold_gain":0,"player_choice":"Trade","damage_taken":0,"relics_obtained":["SsserpentHead"],"max_hp_gain":0,"max_hp_loss":0,"event_name":"FaceTrader","floor":29,"gold_loss":0}],"is_beta":true,"boss_relics":[{"not_picked":["Empty Cage","Orrery"],"picked":"Philosopher\u0027s Stone"},{"not_picked":["Nuclear Battery","Velvet Choker"],"picked":"Astrolabe"}],"items_purged_floors":[37,53],"is_endless":false,"potions_floor_spawned":[1,6,12,18,20,23,27,31,35,36,41,48,54],"ascension_level":15}