{"gold_per_floor":[118,218,230,18,37,37,56,91,91,91,110,126,126,20,20,119,119,133,133,143,173,173,204,220,220,244,262,362,25,25],"floor_reached":30,"playtime":2771,"items_purged":[],"score":275,"play_id":"70100368-ee19-4a15-b603-ecad4c332082","local_time":"20190312231249","is_ascension_mode":false,"campfire_choices":[{"data":"Madness","floor":6,"key":"SMITH"},{"data":"Double Tap","floor":10,"key":"SMITH"},{"floor":15,"key":"REST"}],"neow_cost":"PERCENT_DAMAGE","seed_source_timestamp":203065973943111,"circlet_count":0,"master_deck":["Strike_R","Strike_R+1","Strike_R","Defend_R","Defend_R","Defend_R","Defend_R","Bash","Purity+1","Finesse","Twin Strike","Clash","Madness+1","Disarm","True Grit","Double Tap+1","Clothesline","Rage","Metallicize+1","Spot Weakness","Armaments","Cleave","Demon Form+1","Metallicize+1","Offering","Shockwave","Sword Boomerang","Heavy Blade+1","Feed","Armaments","Perfected Strike","Shrug It Off","Chrysalis","Fire Breathing+1","Discovery"],"relics":["Black Blood","Shuriken","Frozen Egg 2","Red Mask","Darkstone Periapt","Vajra","Gambling Chip","Self Forming Clay"],"potions_floor_usage":[8,8,16,23,27,27,28],"damage_taken":[{"damage":2,"enemies":"2 Louse","floor":1,"turns":3},{"damage":0,"enemies":"Cultist","floor":3,"turns":3},{"damage":11,"enemies":"Jaw Worm","floor":5,"turns":2},{"damage":0,"enemies":"Exordium Wildlife","floor":7,"turns":3},{"damage":28,"enemies":"3 Sentries","floor":8,"turns":9},{"damage":13,"enemies":"2 Fungi Beasts","floor":11,"turns":3},{"damage":10,"enemies":"Large Slime","floor":12,"turns":6},{"damage":42,"enemies":"The Guardian","floor":16,"turns":12},{"damage":16,"enemies":"Chosen","floor":18,"turns":5},{"damage":17,"enemies":"Shell Parasite","floor":20,"turns":5},{"damage":15,"enemies":"Masked Bandits","floor":21,"turns":4},{"damage":19,"enemies":"Book of Stabbing","floor":23,"turns":3},{"damage":9,"enemies":"Centurion and Healer","floor":24,"turns":5},{"damage":12,"enemies":"Chosen and Byrds","floor":27,"turns":8},{"damage":30,"enemies":"Colosseum Slavers","floor":28,"turns":4},{"damage":37,"enemies":"Colosseum Nobs","floor":28,"turns":5},{"damage":38,"enemies":"3 Cultists","floor":30,"turns":6}],"seed_played":"-6183186415490926955","potions_obtained":[{"floor":1,"key":"Block Potion"},{"floor":5,"key":"Fruit Juice"},{"floor":8,"key":"Block Potion"},{"floor":16,"key":"AttackPotion"},{"floor":21,"key":"SmokeBomb"},{"floor":23,"key":"BloodPotion"},{"floor":24,"key":"LiquidBronze"},{"floor":25,"key":"Regen Potion"},{"floor":25,"key":"PowerPotion"}],"is_trial":false,"path_per_floor":["M","?","M","$","M","R","M","E","T","R","M","M","?","$","R","B",null,"M","?","M","?","?","E","M","?","T","M","?","$","M"],"character_chosen":"IRONCLAD","items_purchased":["Madness","Disarm","True Grit","Armaments","Cleave","Chrysalis","Fire Breathing+1","Discovery"],"campfire_rested":1,"item_purchase_floors":[4,4,4,14,14,29,29,29],"current_hp_per_floor":[60,60,66,66,61,61,67,50,50,50,43,39,22,22,47,11,85,79,79,72,67,67,58,59,59,59,68,38,38,0],"gold":25,"neow_bonus":"RANDOM_COLORLESS_2","is_prod":false,"is_daily":false,"chose_seed":false,"campfire_upgraded":2,"win_rate":0.0,"timestamp":1552457569,"path_taken":["M","?","?","$","M","R","M","E","T","R","M","M","?","?","R","BOSS","M","?","M","?","?","E","M","?","T","?","?","$","M"],"build_version":"2019-01-23","purchased_purges":0,"victory":false,"max_hp_per_floor":[80,80,80,80,80,80,80,85,85,85,85,85,85,85,85,85,85,85,85,85,85,85,85,85,85,85,88,91,91,91],"card_choices":[{"not_picked":["Headbutt","Wild Strike"],"picked":"Twin Strike","floor":1},{"not_picked":["Power Through","Dropkick"],"picked":"Clash","floor":3},{"not_picked":["Clash","Sword Boomerang"],"picked":"Double Tap","floor":5},{"not_picked":["Havoc","Body Slam"],"picked":"Clothesline","floor":7},{"not_picked":["Clash","Rupture"],"picked":"Rage","floor":8},{"not_picked":["Intimidate","Wild Strike"],"picked":"Metallicize+1","floor":11},{"not_picked":["Body Slam","Shrug It Off"],"picked":"Spot Weakness","floor":12},{"not_picked":["Bludgeon","Impervious"],"picked":"Demon Form+1","floor":16},{"not_picked":["Shrug It Off","True Grit"],"picked":"Metallicize+1","floor":18},{"not_picked":["True Grit","Searing Blow"],"picked":"Sword Boomerang","floor":20},{"not_picked":["Headbutt","Hemokinesis"],"picked":"Heavy Blade+1","floor":21},{"not_picked":["Carnage","Sword Boomerang"],"picked":"Feed","floor":23},{"not_picked":["Clothesline","Corruption+1"],"picked":"Armaments","floor":24},{"not_picked":["Wild Strike","Disarm"],"picked":"Perfected Strike","floor":27},{"not_picked":["Armaments","Carnage"],"picked":"Shrug It Off","floor":28}],"player_experience":43577,"relics_obtained":[{"floor":8,"key":"Shuriken"},{"floor":9,"key":"Frozen Egg 2"},{"floor":21,"key":"Red Mask"},{"floor":23,"key":"Darkstone Periapt"},{"floor":26,"key":"Vajra"},{"floor":28,"key":"Gambling Chip"},{"floor":28,"key":"Self Forming Clay"}],"event_choices":[{"damage_healed":0,"gold_gain":100,"player_choice":"Pray","damage_taken":0,"max_hp_gain":0,"max_hp_loss":0,"event_name":"Golden Shrine","floor":2,"gold_loss":0},{"damage_healed":0,"gold_gain":0,"player_choice":"Entered Light","damage_taken":17,"max_hp_gain":0,"max_hp_loss":0,"event_name":"Shining Light","floor":13,"gold_loss":0,"cards_upgraded":["Strike_R","Purity"]},{"damage_healed":0,"gold_gain":0,"cards_transformed":["Strike_R","Strike_R"],"player_choice":"Became Test Subject","damage_taken":0,"max_hp_gain":0,"max_hp_loss":0,"event_name":"Drug Dealer","floor":19,"gold_loss":0,"cards_obtained":["Offering","Shockwave"]},{"damage_healed":0,"gold_gain":0,"player_choice":"Fought Bandits","damage_taken":0,"max_hp_gain":0,"max_hp_loss":0,"event_name":"Masked Bandits","floor":21,"gold_loss":0},{"damage_healed":0,"gold_gain":0,"player_choice":"Ignored","damage_taken":0,"max_hp_gain":0,"max_hp_loss":0,"event_name":"Ghosts","floor":22,"gold_loss":0},{"damage_healed":0,"gold_gain":0,"player_choice":"Got Potions","damage_taken":0,"max_hp_gain":0,"max_hp_loss":0,"event_name":"Lab","floor":25,"gold_loss":0},{"damage_healed":0,"gold_gain":0,"player_choice":"Fight","damage_taken":0,"max_hp_gain":0,"max_hp_loss":0,"event_name":"Colosseum","floor":28,"gold_loss":0},{"damage_healed":0,"gold_gain":0,"player_choice":"Fought Nobs","damage_taken":0,"max_hp_gain":0,"max_hp_loss":0,"event_name":"Colosseum","floor":28,"gold_loss":0}],"is_beta":false,"boss_relics":[{"not_picked":["Ectoplasm","Sozu"],"picked":"Black Blood"}],"items_purged_floors":[],"is_endless":false,"potions_floor_spawned":[1,5,8,16,21,23,24],"killed_by":"3 Cultists","ascension_level":0}