{"gold_per_floor":[116,116,116,132,132,132,166,184,209,225,241,274,274,289,289,360,360,377,261,261,261,67,92,92,126,151,168,180,205,216,248,248,319,319,337,391,391,79,79,104,133,155,167,205,73,0,0,31,31,31,31,31,31,60,60],"floor_reached":56,"playtime":1809,"items_purged":["Strike_R"],"score":2393,"play_id":"b4330740-0ce5-401c-8b32-6fb9ad5ae630","local_time":"20190227203908","is_ascension_mode":true,"campfire_choices":[{"floor":6.0,"key":"REST"},{"data":"Whirlwind","floor":13.0,"key":"SMITH"},{"data":"Armaments","floor":15.0,"key":"SMITH"},{"data":"Double Tap","floor":24.0,"key":"SMITH"},{"data":"Corruption","floor":32.0,"key":"SMITH"},{"floor":49.0,"key":"RECALL"},{"data":"Offering","floor":52.0,"key":"SMITH"}],"neow_cost":"PERCENT_DAMAGE","seed_source_timestamp":890275851161929,"circlet_count":0,"master_deck":["AscendersBane","Defend_R","Defend_R","Defend_R","Defend_R","Bash","Disarm","Whirlwind+1","Hemokinesis","Reaper","Sword Boomerang","Shrug It Off","Disarm","Armaments+1","Double Tap+1","Fiend Fire+1","Immolate+1","Impervious+1","True Grit+1","Corruption+1","Shrug It Off+1","Impervious","Pommel Strike","Offering+1","Limit Break","Spot Weakness","Shrug It Off","Battle Trance","Inflame+1","Whirlwind+1","Finesse","Evolve+1"],"special_seed":0,"relics":["Burning Blood","Peace Pipe","Centennial Puzzle","Vajra","Strawberry","Happy Flower","Astrolabe","MutagenicStrength","Chemical X","Juzu Bracelet","Self Forming Clay","Pen Nib","Gremlin Horn","Dead Branch","Orrery","Bird Faced Urn","Letter Opener","MawBank","Blood Vial","Potion Belt","Red Mask","Bag of Preparation","Bag of Marbles"],"potions_floor_usage":[55,55],"damage_taken":[{"damage":3.0,"enemies":"2 Louse","floor":1.0,"turns":4.0},{"damage":12.0,"enemies":"Small Slimes","floor":4.0,"turns":4.0},{"damage":40.0,"enemies":"Lagavulin","floor":7.0,"turns":8.0},{"damage":1.0,"enemies":"Cultist","floor":8.0,"turns":4.0},{"damage":7.0,"enemies":"2 Fungi Beasts","floor":10.0,"turns":5.0},{"damage":8.0,"enemies":"Looter","floor":11.0,"turns":3.0},{"damage":42.0,"enemies":"3 Sentries","floor":12.0,"turns":9.0},{"damage":2.0,"enemies":"3 Louse","floor":14.0,"turns":2.0},{"damage":5.0,"enemies":"Hexaghost","floor":16.0,"turns":11.0},{"damage":20.0,"enemies":"2 Thieves","floor":18.0,"turns":3.0},{"damage":8.0,"enemies":"Slavers","floor":23.0,"turns":3.0},{"damage":10.0,"enemies":"Book of Stabbing","floor":25.0,"turns":4.0},{"damage":0.0,"enemies":"Spheric Guardian","floor":27.0,"turns":2.0},{"damage":4.0,"enemies":"Shelled Parasite and Fungi","floor":28.0,"turns":5.0},{"damage":6.0,"enemies":"Gremlin Leader","floor":29.0,"turns":2.0},{"damage":5.0,"enemies":"3 Cultists","floor":30.0,"turns":3.0},{"damage":0.0,"enemies":"Slavers","floor":31.0,"turns":1.0},{"damage":0.0,"enemies":"Collector","floor":33.0,"turns":2.0},{"damage":6.0,"enemies":"3 Shapes","floor":35.0,"turns":1.0},{"damage":6.0,"enemies":"2 Orb Walkers","floor":36.0,"turns":1.0},{"damage":6.0,"enemies":"Reptomancer","floor":40.0,"turns":3.0},{"damage":11.0,"enemies":"Orb Walker","floor":41.0,"turns":2.0},{"damage":6.0,"enemies":"Writhing Mass","floor":42.0,"turns":3.0},{"damage":1.0,"enemies":"Giant Head","floor":44.0,"turns":4.0},{"damage":9.0,"enemies":"Nemesis","floor":48.0,"turns":3.0},{"damage":17.0,"enemies":"Donu and Deca","floor":50.0,"turns":4.0},{"damage":6.0,"enemies":"Shield and Spear","floor":54.0,"turns":1.0},{"damage":59,"enemies":"The Heart","floor":55,"turns":5}],"seed_played":"9027675411742397897","potions_obtained":[{"floor":8.0,"key":"Swift Potion"},{"floor":10.0,"key":"Energy Potion"},{"floor":14.0,"key":"Block Potion"},{"floor":18.0,"key":"SteroidPotion"},{"floor":30.0,"key":"Strength Potion"}],"is_trial":false,"path_per_floor":["M","?","?","M","?","R","E","M","T","M","M","E","R","M","R","B",null,"M","$","?","?","$","E","R","E","T","M","M","E","M","E","R","B",null,"M","?","?","$","?","E","M","M","T","E","$","?","?","E","R","B",null,"R","$","E","B",null],"character_chosen":"IRONCLAD","items_purchased":["Corruption","Chemical X","Battle Trance","Letter Opener","Potion Belt"],"campfire_rested":1,"item_purchase_floors":[19,22,38,38,45],"current_hp_per_floor":[53,53,27,21,21,43,9,19,26,32,35,14,14,33,33,34,70,66,66,66,66,66,64,64,60,60,66,77,77,82,82,82,82,82,82,82,78,78,78,78,75,78,78,78,78,78,68,73,73,72,77,77,77,78,53],"gold":60,"neow_bonus":"ONE_RARE_RELIC","is_prod":false,"is_daily":false,"chose_seed":false,"campfire_upgraded":5,"win_rate":0,"timestamp":1551317948,"path_taken":["M","?","?","M","?","R","E","M","T","M","M","E","R","?","R","BOSS","M","$","?","?","$","E","R","E","T","M","M","E","M","E","R","BOSS","M","?","?","?","?","E","M","M","T","E","$","?","?","E","R","BOSS","R","$","E","BOSS"],"build_version":"2019-02-06","purchased_purges":1,"victory":true,"max_hp_per_floor":[75,75,75,75,75,75,75,75,82,82,82,82,82,82,82,82,82,82,82,82,82,82,82,82,82,82,82,82,82,82,82,82,82,82,82,82,78,78,78,78,78,78,78,78,78,78,78,78,78,78,78,78,78,78,78],"card_choices":[{"not_picked":["Pommel Strike","Warcry"],"picked":"Disarm","floor":1.0},{"not_picked":["Cleave","Headbutt"],"picked":"Whirlwind","floor":4.0},{"not_picked":["Immolate","Battle Trance"],"picked":"Reaper","floor":7.0},{"not_picked":["Cleave","Heavy Blade","Seeing Red"],"picked":"SKIP","floor":8.0},{"not_picked":["Wild Strike","Anger"],"picked":"Sword Boomerang","floor":10.0},{"not_picked":["Wild Strike","Heavy Blade"],"picked":"Shrug It Off","floor":11.0},{"not_picked":["Combust","Infernal Blade"],"picked":"Disarm","floor":12.0},{"not_picked":["Sword Boomerang","Clash"],"picked":"Armaments","floor":14.0},{"not_picked":["Berserk","Dark Embrace"],"picked":"Double Tap","floor":16.0},{"not_picked":["Evolve","Iron Wave"],"picked":"True Grit","floor":18.0},{"not_picked":["Heavy Blade","Wild Strike"],"picked":"Shrug It Off+1","floor":23.0},{"not_picked":["Dropkick","Reckless Charge","Sentinel"],"picked":"SKIP","floor":25.0},{"not_picked":["Heavy Blade","Dual Wield","Intimidate"],"picked":"SKIP","floor":27.0},{"not_picked":["Body Slam","Armaments","Anger"],"picked":"SKIP","floor":28.0},{"not_picked":["Pummel","Ghostly Armor"],"picked":"Impervious","floor":29.0},{"not_picked":["True Grit","Twin Strike","Sword Boomerang"],"picked":"SKIP","floor":30.0},{"not_picked":["Clothesline","Clash"],"picked":"Pommel Strike","floor":31.0},{"not_picked":["Juggernaut","Exhume"],"picked":"Offering","floor":33.0},{"not_picked":["Shrug It Off","True Grit"],"picked":"Limit Break","floor":34.0},{"not_picked":["Warcry","Anger"],"picked":"Spot Weakness","floor":34.0},{"not_picked":["Heavy Blade","Combust"],"picked":"Shrug It Off","floor":35.0},{"not_picked":["Burning Pact","Flex+1","Double Tap"],"picked":"SKIP","floor":40.0},{"not_picked":["Clash","Warcry"],"picked":"Inflame+1","floor":41.0},{"not_picked":["Rage","Reckless Charge+1","Clash+1"],"picked":"SKIP","floor":42.0},{"not_picked":["Flex","Sword Boomerang"],"picked":"Whirlwind+1","floor":44.0},{"not_picked":["Swift Strike","Impatience"],"picked":"Finesse","floor":47.0},{"not_picked":["Iron Wave","Pommel Strike","Clothesline"],"picked":"SKIP","floor":48.0},{"not_picked":["Rage","Clothesline"],"picked":"Evolve+1","floor":54.0}],"player_experience":2053109,"relics_obtained":[{"floor":7.0,"key":"Vajra"},{"floor":9.0,"key":"Strawberry"},{"floor":12.0,"key":"Happy Flower"},{"floor":23.0,"key":"Juzu Bracelet"},{"floor":25.0,"key":"Self Forming Clay"},{"floor":26.0,"key":"Pen Nib"},{"floor":29.0,"key":"Gremlin Horn"},{"floor":31.0,"key":"Dead Branch"},{"floor":36.0,"key":"Bird Faced Urn"},{"floor":40.0,"key":"MawBank"},{"floor":44.0,"key":"Blood Vial"},{"floor":48.0,"key":"Bag of Preparation"},{"floor":54.0,"key":"Bag of Marbles"}],"event_choices":[{"damage_healed":0.0,"max_hp_gain":0.0,"max_hp_loss":0.0,"gold_gain":0.0,"event_name":"The Cleric","player_choice":"Leave","floor":2.0,"gold_loss":0.0,"damage_taken":0.0},{"damage_healed":0.0,"max_hp_gain":0.0,"max_hp_loss":0.0,"gold_gain":0.0,"event_name":"Scrap Ooze","player_choice":"Success","floor":3.0,"gold_loss":0.0,"damage_taken":26.0,"relics_obtained":["Centennial Puzzle"]},{"damage_healed":0.0,"max_hp_gain":0.0,"max_hp_loss":0.0,"gold_gain":0.0,"cards_transformed":["Strike_R"],"event_name":"Transmorgrifier","player_choice":"Transformed","floor":5.0,"gold_loss":0.0,"damage_taken":0.0,"cards_obtained":["Hemokinesis"]},{"damage_healed":0.0,"max_hp_gain":0.0,"max_hp_loss":0.0,"gold_gain":0.0,"event_name":"Drug Dealer","player_choice":"Inject Mutagens","floor":20.0,"gold_loss":0.0,"damage_taken":0.0,"relics_obtained":["MutagenicStrength"]},{"damage_healed":0.0,"max_hp_gain":0.0,"max_hp_loss":0.0,"gold_gain":0.0,"event_name":"Ghosts","player_choice":"Ignored","floor":21.0,"gold_loss":0.0,"damage_taken":0.0},{"damage_healed":0.0,"max_hp_gain":0.0,"max_hp_loss":0.0,"gold_gain":0.0,"event_name":"Mysterious Sphere","player_choice":"Fight","floor":36.0,"gold_loss":0.0,"damage_taken":0.0},{"damage_healed":0.0,"max_hp_gain":0.0,"max_hp_loss":4.0,"gold_gain":0.0,"event_name":"Winding Halls","player_choice":"Max HP","floor":37.0,"gold_loss":0.0,"damage_taken":0.0},{"damage_healed":0.0,"max_hp_gain":0.0,"max_hp_loss":0.0,"gold_gain":0.0,"event_name":"Accursed Blacksmith","player_choice":"Forge","floor":39.0,"gold_loss":0.0,"damage_taken":0.0,"cards_upgraded":["True Grit"]},{"damage_healed":0.0,"max_hp_gain":0.0,"max_hp_loss":0.0,"gold_gain":0.0,"event_name":"Tomb of Lord Red Mask","player_choice":"Paid","floor":46.0,"gold_loss":73.0,"damage_taken":0.0,"relics_obtained":["Red Mask"]},{"damage_healed":0.0,"max_hp_gain":0.0,"max_hp_loss":0.0,"gold_gain":0.0,"event_name":"SensoryStone","player_choice":"Memory 3","floor":47.0,"gold_loss":0.0,"damage_taken":10.0}],"is_beta":true,"boss_relics":[{"not_picked":["Busted Crown","Runic Dome"],"picked":"Astrolabe"},{"not_picked":["Runic Cube","Black Blood"],"picked":"Orrery"}],"items_purged_floors":[19],"is_endless":false,"potions_floor_spawned":[8,10,14,18,30,31,40,41],"ascension_level":15}