{"gold_per_floor":[110,110,130,55,74,74,90,90,143,178,178,189,202,215,215,215],"floor_reached":16,"playtime":363,"items_purged":[],"score":208,"play_id":"910cea32-a916-4369-8f0e-cc094ad4409c","local_time":"20190313142035","is_ascension_mode":true,"campfire_choices":[{"data":"Go for the Eyes","floor":6,"key":"SMITH"},{"data":"Zap","floor":8,"key":"SMITH"},{"floor":15,"key":"REST"}],"neow_cost":"NONE","seed_source_timestamp":82868688789000,"circlet_count":0,"master_deck":["AscendersBane","Strike_B","Strike_B","Defend_B","Defend_B","Defend_B","Defend_B","Zap+1","Dualcast","Ball Lightning","Coolheaded","Go for the Eyes+1","Blizzard","Biased Cognition","All For One","Leap","Conserve Battery"],"relics":["Cracked Core","Bag of Marbles","Strawberry"],"potions_floor_usage":[10,16],"damage_taken":[{"damage":7,"enemies":"Jaw Worm","floor":1,"turns":5},{"damage":0,"enemies":"2 Louse","floor":3,"turns":2},{"damage":2,"enemies":"Small Slimes","floor":5,"turns":3},{"damage":18,"enemies":"Exordium Thugs","floor":7,"turns":5},{"damage":24,"enemies":"Gremlin Nob","floor":10,"turns":4},{"damage":2,"enemies":"3 Louse","floor":12,"turns":3},{"damage":7,"enemies":"Large Slime","floor":13,"turns":4},{"damage":6,"enemies":"Looter","floor":14,"turns":2},{"damage":29,"enemies":"The Guardian","floor":16,"turns":2}],"seed_played":"-2159142959873987413","potions_obtained":[{"floor":3,"key":"Energy Potion"},{"floor":7,"key":"Swift Potion"},{"floor":10,"key":"Swift Potion"},{"floor":12,"key":"LiquidBronze"}],"is_trial":false,"path_per_floor":["M","?","M","?","M","R","M","R","T","E","?","M","M","M","R","B"],"character_chosen":"DEFECT","items_purchased":[],"campfire_rested":1,"item_purchase_floors":[],"current_hp_per_floor":[57,57,57,57,55,55,37,37,37,20,20,18,11,5,28,0],"gold":215,"neow_bonus":"REMOVE_CARD","is_prod":false,"is_daily":false,"chose_seed":false,"campfire_upgraded":2,"win_rate":0,"timestamp":1552501235,"path_taken":["M","?","M","?","M","R","M","R","T","E","?","M","M","M","R","BOSS"],"build_version":"2019-01-23","purchased_purges":0,"victory":false,"max_hp_per_floor":[71,71,71,71,71,71,71,71,71,78,78,78,78,78,78,78],"card_choices":[{"not_picked":["Heatsinks","Go for the Eyes"],"picked":"Ball Lightning","floor":1},{"not_picked":["Hello World","Lockon"],"picked":"Coolheaded","floor":3},{"not_picked":["Stack","Barrage"],"picked":"Go for the Eyes","floor":5},{"not_picked":["Capacitor","Storm"],"picked":"Blizzard","floor":7},{"not_picked":["Beam Cell","Gash"],"picked":"Biased Cognition","floor":10},{"not_picked":["Streamline","Doom and Gloom"],"picked":"All For One","floor":12},{"not_picked":["Beam Cell","Hello World"],"picked":"Leap","floor":13},{"not_picked":["Lockon","Coolheaded"],"picked":"Conserve Battery","floor":14}],"player_experience":1316103,"relics_obtained":[{"floor":9,"key":"Bag of Marbles"},{"floor":10,"key":"Strawberry"}],"event_choices":[{"damage_healed":0,"gold_gain":0,"player_choice":"Ignored","damage_taken":0,"max_hp_gain":0,"max_hp_loss":0,"event_name":"Golden Idol","floor":2,"gold_loss":0},{"cards_removed":["Strike_B"],"damage_healed":0,"gold_gain":0,"player_choice":"Card Removal","damage_taken":0,"max_hp_gain":0,"max_hp_loss":0,"event_name":"The Cleric","floor":4,"gold_loss":75},{"damage_healed":0,"gold_gain":0,"player_choice":"Ignored","damage_taken":0,"max_hp_gain":0,"max_hp_loss":0,"event_name":"Liars Game","floor":11,"gold_loss":0}],"is_beta":false,"boss_relics":[],"items_purged_floors":[],"is_endless":false,"potions_floor_spawned":[3,7,10,12],"killed_by":"The Guardian","ascension_level":20}