{"gold_per_floor":[113,127,147,27,45,45,60,60,84,94,105,105,85,100,100,196,196,208,208,208,208,132,132,167,183,257,154,253,253,52,62,62,161,161,173,173,173,186,199,199,216,166,166,166,177,190,206,223,223,223],"floor_reached":51,"playtime":2565,"items_purged":["Strike_B","Strike_B","Strike_B","Strike_B+1"],"score":738,"play_id":"a6ec1e00-3bbb-43fe-8e86-c1f5b326e9dd","local_time":"20190312185609","is_ascension_mode":false,"campfire_choices":[{"data":"Defragment","floor":6,"key":"SMITH"},{"data":"Defragment","floor":8,"key":"SMITH"},{"data":"Defragment","floor":12,"key":"SMITH"},{"data":"Redo","floor":15,"key":"SMITH"},{"data":"Echo Form","floor":23,"key":"SMITH"},{"data":"Zap","floor":29,"key":"SMITH"},{"data":"Coolheaded","floor":32,"key":"SMITH"},{"data":"Storm","floor":40,"key":"SMITH"},{"data":"Loop","floor":44,"key":"SMITH"},{"data":"White Noise","floor":49,"key":"SMITH"}],"neow_cost":"TEN_PERCENT_HP_LOSS","seed_source_timestamp":81782910036431,"circlet_count":0,"master_deck":["Defend_B+1","Defend_B+1","Defend_B+1","Defend_B+1","Zap+1","Dualcast+1","Machine Learning+1","Conserve Battery+1","Coolheaded+1","Cold Snap+1","Defragment+1","Cold Snap+1","Defragment+1","Defragment+1","Redo+1","Hologram+1","Coolheaded+1","Echo Form+1","Cold Snap+1","Coolheaded+1","Defragment+1","Coolheaded+1","Amplify+1","Ball Lightning+1","Storm+1","Glacier","Loop+1","Loop+1","White Noise+1","Reprogram+1"],"relics":["Cracked Core","Centennial Puzzle","Nuclear Battery","FaceOfCleric","Smiling Mask","Potion Belt","Matryoshka","Bronze Scales","Sozu","Mark of the Bloom","Vajra","Blue Candle"],"potions_floor_usage":[16,16],"damage_taken":[{"damage":1,"enemies":"Cultist","floor":1,"turns":4},{"damage":2,"enemies":"2 Louse","floor":2,"turns":3},{"damage":3,"enemies":"Small Slimes","floor":3,"turns":3},{"damage":20,"enemies":"Exordium Thugs","floor":5,"turns":6},{"damage":2,"enemies":"2 Fungi Beasts","floor":7,"turns":5},{"damage":3,"enemies":"Exordium Wildlife","floor":10,"turns":4},{"damage":3,"enemies":"Exordium Thugs","floor":11,"turns":4},{"damage":0,"enemies":"Looter","floor":14,"turns":4},{"damage":1,"enemies":"Slime Boss","floor":16,"turns":8},{"damage":3,"enemies":"Chosen","floor":18,"turns":4},{"damage":9,"enemies":"Book of Stabbing","floor":24,"turns":8},{"damage":6,"enemies":"3 Byrds","floor":25,"turns":5},{"damage":5,"enemies":"Cultist and Chosen","floor":31,"turns":8},{"damage":21,"enemies":"Automaton","floor":33,"turns":13},{"damage":0,"enemies":"Orb Walker","floor":35,"turns":4},{"damage":0,"enemies":"3 Darklings","floor":38,"turns":5},{"damage":1,"enemies":"4 Shapes","floor":39,"turns":5},{"damage":0,"enemies":"Transient","floor":41,"turns":5},{"damage":0,"enemies":"Sphere and 2 Shapes","floor":45,"turns":3},{"damage":0,"enemies":"3 Darklings","floor":46,"turns":4},{"damage":12,"enemies":"Jaw Worm Horde","floor":47,"turns":3},{"damage":8,"enemies":"Spire Growth","floor":48,"turns":3},{"damage":25,"enemies":"Donu and Deca","floor":50,"turns":6}],"seed_played":"-1166798975650637207","potions_obtained":[{"floor":1,"key":"AttackPotion"},{"floor":3,"key":"SpeedPotion"},{"floor":10,"key":"AttackPotion"},{"floor":16,"key":"FairyPotion"},{"floor":18,"key":"Regen Potion"}],"is_trial":false,"path_per_floor":["M","M","M","$","M","R","M","R","T","M","M","R","?","M","R","B",null,"M","?","$","?","$","R","E","M","T","$","?","R","$","M","R","B",null,"M","?","?","M","M","R","M","$","T","R","M","M","M","M","R","B",null],"character_chosen":"DEFECT","items_purchased":["Defragment","Cold Snap","Coolheaded","Coolheaded","Bronze Scales"],"campfire_rested":0,"item_purchase_floors":[4,4,22,27,30],"current_hp_per_floor":[67,65,62,62,42,42,40,40,40,37,34,34,34,34,34,33,68,65,65,65,65,65,65,57,52,52,52,52,52,52,48,48,28,72,73,73,73,73,72,72,72,72,72,72,72,72,60,52,52,27],"gold":223,"neow_bonus":"THREE_RARE_CARDS","is_prod":false,"is_daily":false,"chose_seed":false,"campfire_upgraded":10,"win_rate":0.0,"timestamp":1552413369,"path_taken":["M","?","M","?","?","R","M","R","T","?","M","R","?","?","R","BOSS","M","?","?","?","$","R","E","?","T","$","?","R","?","M","R","BOSS","M","?","?","M","?","R","M","?","T","R","M","M","M","M","R","BOSS"],"build_version":"2019-01-23","purchased_purges":4,"victory":true,"max_hp_per_floor":[68,68,68,68,68,68,68,68,68,68,68,68,68,68,68,68,68,68,68,68,68,68,68,69,70,70,70,70,70,70,71,71,72,72,73,73,73,74,75,75,76,76,76,76,77,78,79,80,80,81],"card_choices":[{"not_picked":["Reboot","Fission"],"picked":"Machine Learning","floor":0},{"not_picked":["Gash","Static Discharge"],"picked":"Conserve Battery","floor":1},{"not_picked":["Sweeping Beam","Ball Lightning"],"picked":"Coolheaded","floor":2},{"not_picked":["Electrodynamics","Stack"],"picked":"Cold Snap","floor":3},{"not_picked":["Steam Power","Chill"],"picked":"Defragment","floor":5},{"not_picked":["Skim","Stack"],"picked":"Defragment","floor":7},{"not_picked":["Sweeping Beam","Genetic Algorithm"],"picked":"Redo","floor":10},{"not_picked":["Go for the Eyes","Leap"],"picked":"Hologram","floor":11},{"not_picked":["Hologram","Genetic Algorithm"],"picked":"Coolheaded","floor":14},{"not_picked":["Reboot","Biased Cognition"],"picked":"Echo Form","floor":16},{"not_picked":["Beam Cell","Streamline"],"picked":"Cold Snap+1","floor":18},{"not_picked":["Beam Cell","Hologram"],"picked":"Defragment+1","floor":24},{"not_picked":["Go for the Eyes","Thunder Strike","Undo"],"picked":"SKIP","floor":25},{"not_picked":["Turbo+1","Force Field","Skim"],"picked":"SKIP","floor":31},{"not_picked":["Creative AI","Meteor Strike"],"picked":"Amplify","floor":33},{"not_picked":["Stack","Doom and Gloom+1"],"picked":"Ball Lightning","floor":35},{"not_picked":["Barrage","Fusion+1"],"picked":"Storm","floor":38},{"not_picked":["Turbo","Leap+1"],"picked":"Glacier","floor":39},{"not_picked":["Conserve Battery+1","Force Field+1"],"picked":"Loop","floor":41},{"not_picked":["Conserve Battery+1","Rip and Tear"],"picked":"Loop+1","floor":45},{"not_picked":["Redo+1","Turbo+1"],"picked":"White Noise","floor":46},{"not_picked":["FTL","Doom and Gloom+1","Stack"],"picked":"SKIP","floor":47},{"not_picked":["Compile Driver+1","Go for the Eyes"],"picked":"Reprogram+1","floor":48}],"player_experience":276735,"relics_obtained":[{"floor":9,"key":"Centennial Puzzle"},{"floor":24,"key":"Potion Belt"},{"floor":26,"key":"Matryoshka"},{"floor":43,"key":"Vajra"},{"floor":43,"key":"Blue Candle"}],"event_choices":[{"damage_healed":0,"gold_gain":0,"player_choice":"Bought 1 Potion","damage_taken":0,"max_hp_gain":0,"max_hp_loss":0,"event_name":"The Woman in Blue","floor":13,"gold_loss":0},{"damage_healed":0,"gold_gain":0,"player_choice":"Trade","damage_taken":0,"relics_obtained":["FaceOfCleric"],"max_hp_gain":0,"max_hp_loss":0,"event_name":"FaceTrader","floor":19,"gold_loss":0},{"damage_healed":0,"gold_gain":0,"player_choice":"Opened","damage_taken":0,"relics_obtained":["Smiling Mask"],"max_hp_gain":0,"max_hp_loss":0,"event_name":"The Mausoleum","floor":21,"gold_loss":0},{"damage_healed":0,"gold_gain":99,"player_choice":"Stole From Cult","damage_taken":0,"max_hp_gain":0,"max_hp_loss":0,"event_name":"Nest","floor":28,"gold_loss":0},{"damage_healed":0,"gold_gain":0,"player_choice":"Upgrade","damage_taken":0,"relics_obtained":["Mark of the Bloom"],"max_hp_gain":0,"max_hp_loss":0,"event_name":"MindBloom","floor":36,"gold_loss":0,"cards_upgraded":["Strike_B","Defend_B","Defend_B","Defend_B","Defend_B","Dualcast","Machine Learning","Conserve Battery","Coolheaded","Cold Snap","Cold Snap","Hologram","Coolheaded","Coolheaded","Amplify","Ball Lightning"]},{"damage_healed":0,"gold_gain":0,"player_choice":"Ignored","damage_taken":0,"max_hp_gain":0,"max_hp_loss":0,"event_name":"NoteForYourself","floor":37,"gold_loss":0}],"is_beta":false,"boss_relics":[{"not_picked":["Tiny House","Eternal Feather"],"picked":"Nuclear Battery"},{"not_picked":["White Beast Statue","Black Star"],"picked":"Sozu"}],"items_purged_floors":[22,27,30,42],"is_endless":false,"potions_floor_spawned":[1,3,10,16,18,38,39,47,48],"ascension_level":0}