{"gold_per_floor":[109,109,126,140,154,154,182,182,231,231,249,280,280,280,280,358,358,368,387,387,387,387,387],"floor_reached":23,"playtime":684,"items_purged":[],"score":392,"play_id":"48d1bf63-bdeb-4818-ab4f-4e1e14706845","local_time":"20190214120209","is_ascension_mode":true,"campfire_choices":[{"data":"Dagger Spray","floor":6.0,"key":"SMITH"},{"data":"Flying Knee","floor":8.0,"key":"SMITH"},{"floor":15.0,"key":"REST"}],"neow_cost":"NONE","seed_source_timestamp":2148155714891,"circlet_count":0,"master_deck":["AscendersBane","Survivor","Neutralize+1","Dagger Spray+1","Flying Knee+1","Grand Finale","Noxious Fumes","Wraith Form v2","Slice","Setup","Night Terror","Predator","Acrobatics","Deflect","Backstab","Predator","Phantasmal Killer","Crippling Poison","Escape Plan","Concentrate","Ghostly","Ghostly","Ghostly","Calculated Gamble"],"special_seed":0,"relics":["Runic Pyramid","Sundial","Regal Pillow","Juzu Bracelet","Art of War","Pandora\u0027s Box"],"potions_floor_usage":[],"damage_taken":[{"damage":5.0,"enemies":"Small Slimes","floor":1.0,"turns":4.0},{"damage":0.0,"enemies":"Jaw Worm","floor":3.0,"turns":5.0},{"damage":1.0,"enemies":"2 Louse","floor":4.0,"turns":4.0},{"damage":3.0,"enemies":"Exordium Wildlife","floor":5.0,"turns":5.0},{"damage":22.0,"enemies":"Gremlin Nob","floor":7.0,"turns":5.0},{"damage":3.0,"enemies":"Looter","floor":11.0,"turns":3.0},{"damage":0.0,"enemies":"Lagavulin","floor":12.0,"turns":6.0},{"damage":41,"enemies":"Slime Boss","floor":16,"turns":7},{"damage":22,"enemies":"2 Thieves","floor":18,"turns":3},{"damage":12,"enemies":"Shell Parasite","floor":19,"turns":4},{"damage":26,"enemies":"Book of Stabbing","floor":23,"turns":6}],"seed_played":"-4051271062641992107","potions_obtained":[{"floor":7.0,"key":"Ancient Potion"},{"floor":11.0,"key":"Strength Potion"}],"is_trial":false,"path_per_floor":["M","?","M","M","M","R","E","R","T","?","M","E","?","?","R","B",null,"M","M","?","?","?","E"],"character_chosen":"THE_SILENT","items_purchased":[],"campfire_rested":1,"item_purchase_floors":[],"current_hp_per_floor":[54,54,54,53,50,50,28,28,28,28,25,25,25,20,54,13,53,31,19,19,19,19,0],"gold":387,"neow_bonus":"BOSS_RELIC","is_prod":false,"is_daily":false,"chose_seed":false,"campfire_upgraded":2,"win_rate":0,"timestamp":1550163729,"path_taken":["M","?","M","M","M","R","E","R","T","?","M","E","?","?","R","BOSS","M","M","?","?","?","E"],"build_version":"2019-02-06","purchased_purges":0,"victory":false,"max_hp_per_floor":[66,66,66,66,66,66,66,66,66,66,66,66,66,66,66,66,66,66,66,66,33,33,33],"card_choices":[{"not_picked":["Backflip","Dodge and Roll","Caltrops"],"picked":"SKIP","floor":1.0},{"not_picked":["Cloak And Dagger","Acrobatics","Deflect"],"picked":"SKIP","floor":3.0},{"not_picked":["Endless Agony","Expertise"],"picked":"Dagger Spray","floor":4.0},{"not_picked":["Masterful Stab","Terror"],"picked":"Flying Knee","floor":5.0},{"not_picked":["Well Laid Plans","Bane"],"picked":"Grand Finale","floor":7.0},{"not_picked":["Prepared","Cloak And Dagger"],"picked":"Noxious Fumes","floor":11.0},{"not_picked":["Blade Dance","All Out Attack","Choke"],"picked":"SKIP","floor":12.0},{"not_picked":["Unload","Storm of Steel"],"picked":"Wraith Form v2","floor":16},{"not_picked":["Dagger Throw","Distraction"],"picked":"Escape Plan","floor":18},{"not_picked":["Bane","Quick Slash"],"picked":"Concentrate","floor":19}],"player_experience":1962220,"relics_obtained":[{"floor":7.0,"key":"Sundial"},{"floor":9.0,"key":"Regal Pillow"},{"floor":12.0,"key":"Juzu Bracelet"}],"event_choices":[{"damage_healed":0.0,"max_hp_gain":0.0,"max_hp_loss":0.0,"gold_gain":0.0,"event_name":"Living Wall","player_choice":"Grow","floor":2.0,"gold_loss":0.0,"damage_taken":0.0,"cards_upgraded":["Neutralize"]},{"damage_healed":0.0,"max_hp_gain":0.0,"max_hp_loss":0.0,"gold_gain":0.0,"event_name":"Golden Idol","player_choice":"Ignored","floor":10.0,"gold_loss":0.0,"damage_taken":0.0},{"damage_healed":0.0,"max_hp_gain":0.0,"max_hp_loss":0.0,"gold_gain":0.0,"event_name":"Liars Game","player_choice":"Ignored","floor":13.0,"gold_loss":0.0,"damage_taken":0.0},{"damage_healed":0.0,"max_hp_gain":0.0,"max_hp_loss":0.0,"gold_gain":0.0,"event_name":"Scrap Ooze","player_choice":"Success","floor":14.0,"gold_loss":0.0,"damage_taken":5.0,"relics_obtained":["Art of War"]},{"damage_healed":0,"gold_gain":0,"player_choice":"Simplicity","damage_taken":0,"max_hp_gain":0,"max_hp_loss":0,"event_name":"Back to Basics","floor":20,"gold_loss":0,"cards_upgraded":[]},{"damage_healed":0,"gold_gain":0,"player_choice":"Became a Ghost","damage_taken":0,"max_hp_gain":0,"max_hp_loss":33,"event_name":"Ghosts","floor":21,"gold_loss":0,"cards_obtained":["Ghostly","Ghostly","Ghostly"]},{"damage_healed":0,"gold_gain":0,"player_choice":"Read","damage_taken":0,"max_hp_gain":0,"max_hp_loss":0,"event_name":"The Library","floor":22,"gold_loss":0,"cards_obtained":["Calculated Gamble"]}],"is_beta":true,"boss_relics":[{"not_picked":["Black Star","Tiny House"],"picked":"Pandora\u0027s Box"}],"items_purged_floors":[],"is_endless":false,"potions_floor_spawned":[7,11,18],"killed_by":"Book of Stabbing","ascension_level":15}