{"gold_per_floor":[115,115,134,152,166,166,198,221,260,272,284,322,347,378,390,473,485,517,444,456,488,379,379,163,195,219,219,245,245,260,288,288,360,360,377,377,377,391,404,432,432,463,463,478,478,478,401,418,418,418,418,418,41,75,75],"floor_reached":55,"playtime":1466,"items_purged":["Strike_R","Strike_R","Strike_R"],"score":1504,"play_id":"4e1fa783-9e1f-4b7f-9191-650e406aecfd","local_time":"20190103002859","is_ascension_mode":true,"campfire_choices":[{"data":"Whirlwind","floor":6.0,"key":"SMITH"},{"data":"Inflame","floor":10.0,"key":"SMITH"},{"data":"Inflame","floor":15.0,"key":"SMITH"},{"data":"Sword Boomerang","floor":23.0,"key":"SMITH"},{"data":"Disarm","floor":27.0,"key":"SMITH"},{"floor":29.0,"key":"REST"},{"data":"Limit Break","floor":32.0,"key":"SMITH"},{"data":"True Grit","floor":41.0,"key":"SMITH"},{"floor":45.0,"key":"RECALL"},{"floor":49.0,"key":"REST"},{"data":"Demon Form","floor":52.0,"key":"SMITH"}],"neow_cost":"NONE","seed_source_timestamp":12152807375254,"circlet_count":0,"master_deck":["AscendersBane","Strike_R","Defend_R+1","Defend_R","Defend_R","Defend_R","Bash+1","Shrug It Off","Whirlwind+1","Offering","Inflame+1","Sword Boomerang+1","Inflame+1","Impervious+1","Feel No Pain","Shrug It Off","Disarm+1","Evolve","Shrug It Off","Limit Break+1","Power Through","Demon Form+1","Uppercut+1","True Grit+1","Offering","Sword Boomerang+1","Shrug It Off"],"special_seed":0,"relics":["Burning Blood","MawBank","Oddly Smooth Stone","WarpedTongs","Pen Nib","Mark of Pain","Ancient Tea Set","Happy Flower","Bronze Scales","Orichalcum","Blue Candle","Velvet Choker","Blood Vial","War Paint","Omamori","Strawberry","Anchor"],"potions_floor_usage":[55,55],"damage_taken":[{"damage":2.0,"enemies":"Jaw Worm","floor":1.0,"turns":3.0},{"damage":6.0,"enemies":"Cultist","floor":3.0,"turns":4.0},{"damage":8.0,"enemies":"2 Louse","floor":4.0,"turns":3.0},{"damage":5.0,"enemies":"Blue Slaver","floor":5.0,"turns":6.0},{"damage":19.0,"enemies":"Lagavulin","floor":7.0,"turns":6.0},{"damage":13.0,"enemies":"3 Louse","floor":8.0,"turns":2.0},{"damage":20.0,"enemies":"3 Sentries","floor":12.0,"turns":4.0},{"damage":3.0,"enemies":"2 Fungi Beasts","floor":13.0,"turns":2.0},{"damage":6.0,"enemies":"Gremlin Gang","floor":14.0,"turns":2.0},{"damage":8.0,"enemies":"Slime Boss","floor":16.0,"turns":3.0},{"damage":18.0,"enemies":"Shell Parasite","floor":18.0,"turns":4.0},{"damage":6.0,"enemies":"Spheric Guardian","floor":21.0,"turns":2.0},{"damage":7.0,"enemies":"Slavers","floor":25.0,"turns":2.0},{"damage":14.0,"enemies":"Book of Stabbing","floor":28.0,"turns":3.0},{"damage":0.0,"enemies":"Snecko","floor":30.0,"turns":3.0},{"damage":30.0,"enemies":"Slavers","floor":31.0,"turns":4.0},{"damage":11.0,"enemies":"Champ","floor":33.0,"turns":9.0},{"damage":16.0,"enemies":"3 Darklings","floor":35.0,"turns":6.0},{"damage":6.0,"enemies":"Orb Walker","floor":38.0,"turns":3.0},{"damage":18.0,"enemies":"Writhing Mass","floor":39.0,"turns":5.0},{"damage":10.0,"enemies":"Reptomancer","floor":40.0,"turns":5.0},{"damage":11.0,"enemies":"Giant Head","floor":42.0,"turns":7.0},{"damage":6.0,"enemies":"Jaw Worm Horde","floor":44.0,"turns":2.0},{"damage":17.0,"enemies":"Transient","floor":48.0,"turns":5.0},{"damage":18.0,"enemies":"Time Eater","floor":50.0,"turns":6.0},{"damage":12.0,"enemies":"Shield and Spear","floor":54.0,"turns":3.0},{"damage":75,"enemies":"The Heart","floor":55,"turns":8}],"seed_played":"5108997034018367885","potions_obtained":[{"floor":1.0,"key":"SteroidPotion"},{"floor":3.0,"key":"PowerPotion"},{"floor":7.0,"key":"PowerPotion"},{"floor":8.0,"key":"Fire Potion"},{"floor":21.0,"key":"SkillPotion"},{"floor":44.0,"key":"Block Potion"},{"floor":48.0,"key":"BloodPotion"}],"is_trial":false,"path_per_floor":["M","?","M","M","M","R","E","M","T","R","?","E","M","M","R","B",null,"M","?","?","M","$","R","$","E","T","R","E","R","M","E","R","B",null,"M","?","?","M","M","E","R","E","T","M","R","?","?","M","R","B",null,"R","$","E","B"],"character_chosen":"IRONCLAD","items_purchased":["Shrug It Off","Disarm","Evolve","Dexterity Potion","Shrug It Off","Strawberry"],"campfire_rested":2,"item_purchase_floors":[22,24,24,53,53,53],"current_hp_per_floor":[72,72,72,70,71,71,58,51,51,51,51,37,40,40,40,38,66,54,54,54,54,54,54,54,53,53,53,45,67,73,49,49,44,67,57,57,57,57,45,41,41,38,38,40,40,40,40,31,53,50,69,69,76,72,0],"gold":75,"neow_bonus":"UPGRADE_CARD","is_prod":false,"is_daily":false,"chose_seed":false,"campfire_upgraded":8,"win_rate":0,"timestamp":1546493339,"path_taken":["M","?","M","M","M","R","E","M","T","R","?","E","M","?","R","BOSS","M","?","?","M","$","R","$","E","T","R","E","R","M","E","R","BOSS","M","?","?","M","M","E","R","E","T","M","R","?","?","M","R","BOSS","R","$","E","BOSS"],"build_version":"2019-01-01v2","purchased_purges":3,"victory":false,"max_hp_per_floor":[75,75,75,75,75,75,75,75,75,75,75,75,75,75,75,75,75,75,75,75,75,75,75,75,75,75,75,75,75,75,75,75,75,75,75,75,75,75,75,75,75,75,75,75,75,75,75,75,75,75,75,75,82,82,82],"card_choices":[{"not_picked":["Hemokinesis","Perfected Strike"],"picked":"Shrug It Off","floor":1.0},{"not_picked":["Clash","Rage"],"picked":"Whirlwind","floor":3.0},{"not_picked":["Sever Soul","True Grit","Havoc"],"picked":"SKIP","floor":4.0},{"not_picked":["Berserk","Sentinel","Entrench"],"picked":"SKIP","floor":5.0},{"not_picked":["Evolve","Armaments"],"picked":"Offering","floor":7.0},{"not_picked":["Sword Boomerang","Havoc"],"picked":"Inflame","floor":8.0},{"not_picked":["Rampage","Warcry"],"picked":"Sword Boomerang","floor":12.0},{"not_picked":["Warcry","Body Slam","Infernal Blade"],"picked":"SKIP","floor":13.0},{"not_picked":["Sword Boomerang","Sentinel"],"picked":"Inflame","floor":14.0},{"not_picked":["Dark Embrace","Offering"],"picked":"Impervious","floor":16.0},{"not_picked":["Ghostly Armor","Wild Strike"],"picked":"Feel No Pain","floor":18.0},{"not_picked":["Twin Strike","Pummel","Anger"],"picked":"SKIP","floor":21.0},{"not_picked":["Flex+1","Rage"],"picked":"Shrug It Off","floor":25.0},{"not_picked":["Armaments","Clash","Thunderclap"],"picked":"SKIP","floor":28.0},{"not_picked":["Thunderclap","Pummel+1"],"picked":"Limit Break","floor":30.0},{"not_picked":["Second Wind","Cleave"],"picked":"Power Through","floor":31.0},{"not_picked":["Brutality","Immolate"],"picked":"Demon Form","floor":33.0},{"not_picked":["Armaments","Pommel Strike","Iron Wave"],"picked":"SKIP","floor":35.0},{"not_picked":["Carnage","Anger"],"picked":"Uppercut+1","floor":38.0},{"not_picked":["Fire Breathing","Heavy Blade","Searing Blow"],"picked":"SKIP","floor":39.0},{"not_picked":["Headbutt","Anger"],"picked":"True Grit","floor":40.0},{"not_picked":["Burning Pact+1","Heavy Blade+1"],"picked":"Offering","floor":42.0},{"not_picked":["Anger","Evolve+1","Twin Strike"],"picked":"SKIP","floor":44.0},{"not_picked":["Sentinel","Clothesline+1"],"picked":"Sword Boomerang+1","floor":48.0},{"not_picked":["Wild Strike+1","Iron Wave","Dual Wield"],"picked":"SKIP","floor":54.0}],"player_experience":1813020,"relics_obtained":[{"floor":7.0,"key":"MawBank"},{"floor":9.0,"key":"Oddly Smooth Stone"},{"floor":12.0,"key":"Pen Nib"},{"floor":25.0,"key":"Happy Flower"},{"floor":26.0,"key":"Bronze Scales"},{"floor":28.0,"key":"Orichalcum"},{"floor":31.0,"key":"Blue Candle"},{"floor":40.0,"key":"Blood Vial"},{"floor":42.0,"key":"War Paint"},{"floor":54.0,"key":"Anchor"}],"event_choices":[{"damage_healed":0.0,"max_hp_gain":0.0,"max_hp_loss":0.0,"gold_gain":0.0,"event_name":"The Cleric","player_choice":"Leave","floor":2.0,"gold_loss":0.0,"damage_taken":0.0},{"damage_healed":0.0,"max_hp_gain":0.0,"max_hp_loss":0.0,"gold_gain":0.0,"event_name":"Accursed Blacksmith","player_choice":"Rummage","floor":11.0,"gold_loss":0.0,"damage_taken":0.0,"relics_obtained":["WarpedTongs"],"cards_obtained":["Pain"]},{"damage_healed":0.0,"max_hp_gain":0.0,"max_hp_loss":0.0,"gold_gain":0.0,"event_name":"Addict","player_choice":"Obtained Relic","floor":19.0,"gold_loss":85.0,"damage_taken":0.0,"relics_obtained":["Ancient Tea Set"]},{"cards_removed":["Pain"],"damage_healed":0.0,"max_hp_gain":0.0,"max_hp_loss":0.0,"gold_gain":0.0,"event_name":"Back to Basics","player_choice":"Elegance","floor":20.0,"gold_loss":0.0,"damage_taken":0.0},{"damage_healed":0.0,"max_hp_gain":0.0,"max_hp_loss":0.0,"gold_gain":0.0,"event_name":"SensoryStone","player_choice":"Memory 1","floor":36.0,"gold_loss":0.0,"damage_taken":0.0},{"cards_removed":["Strike_R"],"damage_healed":0.0,"max_hp_gain":0.0,"max_hp_loss":0.0,"gold_gain":0.0,"event_name":"Falling","player_choice":"Removed Attack","floor":37.0,"gold_loss":0.0,"damage_taken":0.0},{"damage_healed":0.0,"max_hp_gain":0.0,"max_hp_loss":0.0,"gold_gain":0.0,"event_name":"Tomb of Lord Red Mask","player_choice":"Ignored","floor":46.0,"gold_loss":0.0,"damage_taken":0.0},{"damage_healed":0.0,"max_hp_gain":0.0,"max_hp_loss":0.0,"gold_gain":0.0,"event_name":"WeMeetAgain","player_choice":"Paid Gold","floor":47.0,"gold_loss":77.0,"damage_taken":0.0,"relics_obtained":["Omamori"]}],"is_beta":true,"boss_relics":[{"not_picked":["Pandora\u0027s Box","Runic Dome"],"picked":"Mark of Pain"},{"not_picked":["Coffee Dripper","Runic Cube"],"picked":"Velvet Choker"}],"items_purged_floors":[22,24,53],"is_endless":false,"potions_floor_spawned":[1,3,7,8,12,21,25,30,33,40,44,48],"killed_by":"The Heart","ascension_level":15}