{"gold_per_floor":[116,41,41,52,67,67,77,77,126,126,138,21,53,64,64,143,143,159,175,175,100,100,100,129,129,198,224,224,224,234,0,0,74,374,386,386,398,416,127,158,174,209,233,233,251,251,265,265,265,265],"floor_reached":50,"playtime":1784,"items_purged":["Strike_G","Shame","Regret"],"score":1083,"play_id":"7b3217ae-be67-4069-9cd4-e8c0c5b4fb89","local_time":"20190118010403","is_ascension_mode":true,"campfire_choices":[{"data":"Crippling Poison","floor":6,"key":"SMITH"},{"data":"Catalyst","floor":8,"key":"SMITH"},{"data":"Neutralize","floor":10,"key":"SMITH"},{"floor":15,"key":"REST"},{"data":"After Image","floor":23,"key":"SMITH"},{"floor":25,"key":"REST"},{"floor":28,"key":"REST"},{"data":"Burst","floor":32,"key":"SMITH"},{"floor":44,"key":"RECALL"},{"data":"Noxious Fumes","floor":46,"key":"SMITH"},{"floor":49,"key":"REST"}],"neow_cost":"NONE","seed_source_timestamp":747196408774842,"circlet_count":0,"master_deck":["AscendersBane","Defend_G+1","Defend_G","Defend_G+1","Defend_G","Defend_G","Strike_G+1","Strike_G","Strike_G+1","Survivor","Neutralize+1","Flying Knee","Crippling Poison+1","Catalyst+1","Cloak And Dagger","Bouncing Flask","Noxious Fumes+1","Dash","After Image+1","Dagger Spray","Burst+1","Envenom+1","Quick Slash","Catalyst","Well Laid Plans+1","Backflip","After Image+1","Writhe","Doubt","Backflip","Acrobatics+1","Wraith Form v2+1","Injury","Blind","Discovery"],"relics":["Ring of the Snake","Potion Belt","Whetstone","Cursed Key","Darkstone Periapt","Frozen Egg 2","Blood Vial","Calling Bell","Vajra","Meat on the Bone","Old Coin","Regal Pillow","Question Card"],"potions_floor_usage":[13,14,16,30,33,50],"damage_taken":[{"damage":4,"enemies":"Jaw Worm","floor":1,"turns":5},{"damage":0,"enemies":"2 Louse","floor":4,"turns":3},{"damage":0,"enemies":"Cultist","floor":5,"turns":4},{"damage":0,"enemies":"Looter","floor":7,"turns":3},{"damage":1,"enemies":"Blue Slaver","floor":11,"turns":4},{"damage":25,"enemies":"Gremlin Nob","floor":13,"turns":4},{"damage":0,"enemies":"3 Louse","floor":14,"turns":3},{"damage":27,"enemies":"Slime Boss","floor":16,"turns":11},{"damage":6,"enemies":"3 Byrds","floor":18,"turns":4},{"damage":0,"enemies":"Chosen","floor":19,"turns":4},{"damage":16,"enemies":"Book of Stabbing","floor":24,"turns":5},{"damage":41,"enemies":"Slavers","floor":27,"turns":6},{"damage":1,"enemies":"3 Cultists","floor":30,"turns":5},{"damage":15,"enemies":"Champ","floor":33,"turns":7},{"damage":9,"enemies":"Orb Walker","floor":35,"turns":5},{"damage":36,"enemies":"3 Darklings","floor":37,"turns":6},{"damage":35,"enemies":"Spire Growth","floor":38,"turns":7},{"damage":0,"enemies":"Giant Head","floor":40,"turns":7},{"damage":6,"enemies":"Writhing Mass","floor":41,"turns":6},{"damage":8,"enemies":"Nemesis","floor":42,"turns":11},{"damage":28,"enemies":"3 Darklings","floor":45,"turns":5},{"damage":11,"enemies":"Jaw Worm Horde","floor":47,"turns":5},{"damage":86,"enemies":"Awakened One","floor":50,"turns":15}],"seed_played":"-3512321563895616955","potions_obtained":[{"floor":1,"key":"Block Potion"},{"floor":5,"key":"EssenceOfSteel"},{"floor":18,"key":"SteroidPotion"},{"floor":30,"key":"Dexterity Potion"},{"floor":37,"key":"FearPotion"},{"floor":45,"key":"LiquidBronze"}],"is_trial":false,"path_per_floor":["M","$","?","M","M","R","M","R","T","R","M","$","E","M","R","B",null,"M","M","?","$","?","R","E","R","T","E","R","?","M","$","R","B",null,"M","?","M","M","$","E","M","E","T","R","M","R","M","?","R","B"],"character_chosen":"THE_SILENT","items_purchased":["Crippling Poison","Noxious Fumes","PowerPotion","Well Laid Plans+1","Backflip","Wraith Form v2+1"],"campfire_rested":4,"item_purchase_floors":[2,12,12,31,31,39],"current_hp_per_floor":[61,61,39,39,39,39,39,39,39,39,38,38,13,13,34,7,56,50,50,50,50,50,50,34,55,61,20,43,43,44,44,44,31,84,77,77,55,34,34,48,56,50,56,56,42,42,45,35,79,0],"gold":265,"neow_bonus":"TEN_PERCENT_HP_BONUS","is_prod":false,"is_daily":false,"chose_seed":false,"campfire_upgraded":6,"win_rate":0,"timestamp":1547791443,"path_taken":["M","$","?","M","M","R","M","R","T","R","M","$","E","M","R","BOSS","M","M","?","$","?","R","E","R","T","E","R","?","M","$","R","BOSS","M","?","M","M","$","E","M","E","T","R","M","R","M","?","R","BOSS"],"build_version":"2019-01-16","purchased_purges":3,"victory":false,"max_hp_per_floor":[72,72,72,72,72,72,72,72,72,72,72,72,72,72,72,72,72,72,72,72,72,72,72,72,72,78,78,78,78,78,78,78,78,96,96,91,91,91,91,91,91,91,97,97,97,97,97,97,97,97],"card_choices":[{"not_picked":["Calculated Gamble","Outmaneuver"],"picked":"Flying Knee","floor":1},{"not_picked":["Caltrops","Infinite Blades"],"picked":"Catalyst","floor":4},{"not_picked":["Underhanded Strike","PiercingWail"],"picked":"Cloak And Dagger","floor":5},{"not_picked":["Tactician","Sucker Punch","Outmaneuver"],"picked":"SKIP","floor":7},{"not_picked":["Deflect","Bullet Time"],"picked":"Bouncing Flask","floor":11},{"not_picked":["Masterful Stab","Cloak And Dagger","Prepared"],"picked":"SKIP","floor":13},{"not_picked":["Prepared","Flying Knee"],"picked":"Dash","floor":14},{"not_picked":["Doppelganger","Die Die Die"],"picked":"After Image","floor":16},{"not_picked":["Poisoned Stab","Slice"],"picked":"Dagger Spray","floor":18},{"not_picked":["Crippling Poison","Prepared","Quick Slash"],"picked":"SKIP","floor":19},{"not_picked":["Dagger Throw","Noxious Fumes"],"picked":"Burst","floor":24},{"not_picked":["Masterful Stab","Dodge and Roll"],"picked":"Envenom+1","floor":27},{"not_picked":["Backflip","Acrobatics"],"picked":"Catalyst","floor":30},{"not_picked":["Storm of Steel","Venomology"],"picked":"After Image+1","floor":33},{"not_picked":["Distraction","Riddle With Holes+1"],"picked":"Backflip","floor":35},{"not_picked":["Distraction+1","Flying Knee"],"picked":"Acrobatics+1","floor":37},{"not_picked":["Terror+1","Infinite Blades+1","Backflip"],"picked":"SKIP","floor":38},{"not_picked":["Underhanded Strike+1","Backflip","Bane"],"picked":"SKIP","floor":40},{"not_picked":["Unload","Acrobatics","Flying Knee"],"picked":"SKIP","floor":41},{"not_picked":["Acrobatics","Escape Plan","Predator"],"picked":"SKIP","floor":42},{"not_picked":["Poisoned Stab","Outmaneuver+1","Predator","Sucker Punch"],"picked":"SKIP","floor":45},{"not_picked":["Dash","Backstab","Tactician","Underhanded Strike"],"picked":"SKIP","floor":47},{"not_picked":["Bandage Up","Panache+1","Impatience"],"picked":"Blind","floor":48},{"not_picked":["Blind","Panache+1","Bandage Up"],"picked":"Discovery","floor":48}],"player_experience":1850237,"relics_obtained":[{"floor":9,"key":"Potion Belt"},{"floor":13,"key":"Whetstone"},{"floor":24,"key":"Darkstone Periapt"},{"floor":26,"key":"Frozen Egg 2"},{"floor":27,"key":"Blood Vial"},{"floor":34,"key":"Vajra"},{"floor":34,"key":"Meat on the Bone"},{"floor":34,"key":"Old Coin"},{"floor":40,"key":"Regal Pillow"},{"floor":42,"key":"Question Card"}],"event_choices":[{"damage_healed":0,"gold_gain":0,"player_choice":"Entered Light","damage_taken":22,"max_hp_gain":0,"max_hp_loss":0,"event_name":"Shining Light","floor":3,"gold_loss":0,"cards_upgraded":["Defend_G","Defend_G"]},{"damage_healed":0,"gold_gain":0,"player_choice":"Ignored","damage_taken":0,"max_hp_gain":0,"max_hp_loss":0,"event_name":"Ghosts","floor":20,"gold_loss":0},{"damage_healed":0,"gold_gain":0,"player_choice":"Ignored","damage_taken":0,"max_hp_gain":0,"max_hp_loss":0,"event_name":"Vampires","floor":22,"gold_loss":0},{"damage_healed":0,"gold_gain":0,"cards_transformed":["Strike_G"],"player_choice":"Transformed","damage_taken":0,"max_hp_gain":0,"max_hp_loss":0,"event_name":"Transmorgrifier","floor":29,"gold_loss":0,"cards_obtained":["Quick Slash"]},{"damage_healed":0,"gold_gain":0,"player_choice":"Max HP","damage_taken":0,"max_hp_gain":0,"max_hp_loss":5,"event_name":"Winding Halls","floor":36,"gold_loss":0},{"damage_healed":0,"gold_gain":0,"player_choice":"Memory 3","damage_taken":10,"max_hp_gain":0,"max_hp_loss":0,"event_name":"SensoryStone","floor":48,"gold_loss":0}],"is_beta":true,"boss_relics":[{"not_picked":["Tiny House","Pandora\u0027s Box"],"picked":"Cursed Key"},{"not_picked":["HoveringKite","Busted Crown"],"picked":"Calling Bell"}],"items_purged_floors":[21,31,39],"is_endless":false,"potions_floor_spawned":[1,5,18,30,37,45],"killed_by":"Awakened One","ascension_level":15}