{"gold_per_floor":[116,91,108,127,145,145,172,172,172,172,172],"floor_reached":11,"playtime":276,"items_purged":[],"score":128,"play_id":"2dd5ff36-f219-4387-978b-685d0051d993","local_time":"20190127235704","is_ascension_mode":true,"campfire_choices":[{"data":"Zap","floor":6,"key":"SMITH"}],"neow_cost":"NONE","seed_source_timestamp":1608748100516566,"circlet_count":0,"master_deck":["AscendersBane","Strike_B","Strike_B","Strike_B","Strike_B","Defend_B","Defend_B","Defend_B","Defend_B","Zap+1","Dualcast","Amplify","Darkness+1","Sweeping Beam","Ball Lightning","Skim","Chill+1"],"relics":["Cracked Core","Toxic Egg 2","Meat on the Bone","Kunai"],"potions_floor_usage":[5,7],"damage_taken":[{"damage":15,"enemies":"Small Slimes","floor":1,"turns":4},{"damage":13,"enemies":"2 Louse","floor":3,"turns":3},{"damage":2,"enemies":"Jaw Worm","floor":4,"turns":3},{"damage":5,"enemies":"2 Fungi Beasts","floor":5,"turns":3},{"damage":8,"enemies":"Gremlin Nob","floor":7,"turns":3},{"damage":12,"enemies":"Blue Slaver","floor":11,"turns":2}],"seed_played":"4190710049584407170","potions_obtained":[{"floor":1,"key":"SpeedPotion"},{"floor":5,"key":"PowerPotion"}],"is_trial":false,"path_per_floor":["M","$","M","M","M","R","E","?","T","?","M"],"character_chosen":"DEFECT","items_purchased":["Sweeping Beam"],"campfire_rested":0,"item_purchase_floors":[2],"current_hp_per_floor":[49,49,36,34,29,29,21,3,3,3,0],"gold":172,"neow_bonus":"ONE_RANDOM_RARE_CARD","is_prod":false,"is_daily":false,"chose_seed":false,"campfire_upgraded":1,"win_rate":0,"timestamp":1548651424,"path_taken":["M","$","M","M","M","R","E","?","T","?","M"],"build_version":"2019-01-23","purchased_purges":0,"victory":false,"max_hp_per_floor":[71,71,71,71,71,71,71,71,71,71,71],"card_choices":[{"not_picked":["Heatsinks","Go for the Eyes"],"picked":"Darkness","floor":1},{"not_picked":["Sweeping Beam","Beam Cell"],"picked":"Ball Lightning","floor":3},{"not_picked":["Melter","Scrape"],"picked":"Skim","floor":4},{"not_picked":["Rebound","Turbo","Barrage"],"picked":"SKIP","floor":5},{"not_picked":["Steam","FTL"],"picked":"Chill","floor":7}],"player_experience":1899836,"relics_obtained":[{"floor":7,"key":"Toxic Egg 2"},{"floor":9,"key":"Kunai"}],"event_choices":[{"damage_healed":0,"gold_gain":0,"player_choice":"Success","damage_taken":18,"relics_obtained":["Meat on the Bone"],"max_hp_gain":0,"max_hp_loss":0,"event_name":"Scrap Ooze","floor":8,"gold_loss":0},{"damage_healed":0,"gold_gain":0,"player_choice":"Grow","damage_taken":0,"max_hp_gain":0,"max_hp_loss":0,"event_name":"Living Wall","floor":10,"gold_loss":0,"cards_upgraded":["Darkness"]}],"is_beta":true,"boss_relics":[],"items_purged_floors":[],"is_endless":false,"potions_floor_spawned":[1,5],"killed_by":"Blue Slaver","ascension_level":15}