{"gold_per_floor":[117,117,129,141,156,156,167,182,182,193,177,206,156,156,156,253,253,269,269,269,281,298,327,327,356,356,372,471,484,484,495,495,598,598,610,610,627,647,666,700,700,712,712,722,749,749,766,782,782,782],"floor_reached":50,"playtime":5236,"items_purged":[],"score":579,"play_id":"f83f47e7-d42a-4e33-bcd2-10d2332b2b44","local_time":"20190312150614","is_ascension_mode":false,"campfire_choices":[{"data":"Metallicize","floor":6,"key":"SMITH"},{"floor":15,"key":"DIG"},{"floor":24,"key":"DIG"},{"floor":32,"key":"REST"},{"data":"Barricade","floor":41,"key":"SMITH"},{"data":"Metallicize","floor":46,"key":"SMITH"},{"floor":49,"key":"REST"}],"neow_cost":"NONE","seed_source_timestamp":946530252299271,"circlet_count":0,"master_deck":["Strike_R+1","Strike_R+1","Strike_R+1","Defend_R+1","Defend_R+1","Defend_R+1","Defend_R+1","Bash","Power Through","Metallicize+1","Rampage","Flame Barrier","Metallicize+1","Flame Barrier","Shrug It Off","Feel No Pain","Metallicize+1","Barricade+1","Body Slam","Battle Trance","Rage","Body Slam+1","Reckless Charge+1","Juggernaut","Body Slam+1","Rage+1","Infernal Blade+1","Flex","Entrench+1","Intimidate+1"],"relics":["Burning Blood","Letter Opener","Shovel","NlothsMask","Mercury Hourglass","Philosopher\u0027s Stone","Omamori","War Paint","Potion Belt","Eternal Feather","Strawberry","Red Skull","Lantern"],"potions_floor_usage":[11,16,25,27,27,33,40,45,47,48,50,50],"damage_taken":[{"damage":2,"enemies":"2 Louse","floor":1,"turns":3},{"damage":0,"enemies":"Cultist","floor":3,"turns":6},{"damage":0,"enemies":"Small Slimes","floor":4,"turns":3},{"damage":1,"enemies":"Exordium Thugs","floor":5,"turns":5},{"damage":8,"enemies":"Large Slime","floor":7,"turns":7},{"damage":0,"enemies":"Looter","floor":8,"turns":4},{"damage":0,"enemies":"Exordium Wildlife","floor":10,"turns":5},{"damage":4,"enemies":"Exordium Thugs","floor":11,"turns":7},{"damage":13,"enemies":"Gremlin Nob","floor":12,"turns":7},{"damage":8,"enemies":"The Guardian","floor":16,"turns":15},{"damage":0,"enemies":"Shell Parasite","floor":18,"turns":8},{"damage":0,"enemies":"Chosen","floor":21,"turns":6},{"damage":5,"enemies":"Snecko","floor":22,"turns":6},{"damage":29,"enemies":"Slavers","floor":23,"turns":6},{"damage":50,"enemies":"Gremlin Leader","floor":25,"turns":8},{"damage":3,"enemies":"Sentry and Sphere","floor":27,"turns":12},{"damage":0,"enemies":"3 Cultists","floor":29,"turns":6},{"damage":0,"enemies":"Shelled Parasite and Fungi","floor":31,"turns":8},{"damage":3,"enemies":"Collector","floor":33,"turns":11},{"damage":0,"enemies":"3 Shapes","floor":35,"turns":5},{"damage":5,"enemies":"Orb Walker","floor":37,"turns":4},{"damage":0,"enemies":"Maw","floor":38,"turns":7},{"damage":11,"enemies":"3 Darklings","floor":39,"turns":7},{"damage":50,"enemies":"Nemesis","floor":40,"turns":9},{"damage":2,"enemies":"Spire Growth","floor":42,"turns":5},{"damage":6,"enemies":"Writhing Mass","floor":44,"turns":6},{"damage":24,"enemies":"Reptomancer","floor":45,"turns":7},{"damage":26,"enemies":"Transient","floor":47,"turns":5},{"damage":7,"enemies":"Jaw Worm Horde","floor":48,"turns":4},{"damage":106,"enemies":"Donu and Deca","floor":50,"turns":11}],"seed_played":"3776499307936291707","potions_obtained":[{"floor":1,"key":"Strength Potion"},{"floor":8,"key":"SkillPotion"},{"floor":10,"key":"SpeedPotion"},{"floor":12,"key":"Dexterity Potion"},{"floor":18,"key":"SteroidPotion"},{"floor":25,"key":"Regen Potion"},{"floor":27,"key":"Weak Potion"},{"floor":31,"key":"AttackPotion"},{"floor":33,"key":"Regen Potion"},{"floor":35,"key":"Swift Potion"},{"floor":37,"key":"FearPotion"},{"floor":40,"key":"SneckoOil"},{"floor":47,"key":"Explosive Potion"}],"is_trial":false,"path_per_floor":["?","M","?","?","?","?","?","?"],"character_chosen":"IRONCLAD","items_purchased":[],"campfire_rested":2,"item_purchase_floors":[],"current_hp_per_floor":[80,80,80,80,80,80,78,80,80,80,80,73,73,73,73,71,80,80,80,80,80,80,57,57,13,13,31,31,37,37,43,67,70,80,80,80,80,80,75,38,53,57,57,57,39,54,34,33,77,0],"gold":782,"neow_bonus":"TRANSFORM_CARD","is_prod":false,"is_daily":false,"chose_seed":false,"campfire_upgraded":3,"win_rate":0.0,"timestamp":1552399574,"path_taken":["M","?","M","?","M","R","M","M","T","M","M","E","?","?","R","BOSS","M","?","$","M","M","E","R","E","T","M","?","M","?","M","R","BOSS","M","?","M","M","M","E","R","M","T","M","E","R","M","M","R","BOSS"],"build_version":"2019-01-23","purchased_purges":0,"victory":false,"max_hp_per_floor":[80,80,80,80,80,80,80,80,80,80,80,80,80,80,80,80,80,80,80,80,80,80,80,80,80,80,80,80,80,80,80,80,80,80,80,80,80,80,80,87,87,87,87,87,87,87,87,87,87,87],"card_choices":[{"not_picked":["Clothesline","Armaments"],"picked":"Metallicize","floor":1},{"not_picked":["Carnage","Armaments"],"picked":"Rampage","floor":3},{"not_picked":["Reckless Charge","Sword Boomerang"],"picked":"Flame Barrier","floor":4},{"not_picked":["Fire Breathing","Flex"],"picked":"Metallicize","floor":5},{"not_picked":["True Grit","Heavy Blade"],"picked":"Flame Barrier","floor":7},{"not_picked":["Corruption","Sword Boomerang"],"picked":"Shrug It Off","floor":8},{"not_picked":["Perfected Strike","Intimidate"],"picked":"Feel No Pain","floor":10},{"not_picked":["Sever Soul","Impervious","Heavy Blade"],"picked":"SKIP","floor":11},{"not_picked":["Pommel Strike","Pummel"],"picked":"Metallicize","floor":12},{"not_picked":["Juggernaut","Impervious"],"picked":"Barricade","floor":16},{"not_picked":["Pommel Strike","Heavy Blade+1"],"picked":"Body Slam","floor":18},{"not_picked":["Twin Strike","Second Wind+1","Headbutt"],"picked":"SKIP","floor":21},{"not_picked":["Flex","Heavy Blade","Headbutt"],"picked":"SKIP","floor":22},{"not_picked":["Heavy Blade","Clash+1"],"picked":"Battle Trance","floor":23},{"not_picked":["Second Wind+1","Sword Boomerang"],"picked":"Rage","floor":25},{"not_picked":["Clash","Twin Strike"],"picked":"Body Slam+1","floor":27},{"not_picked":["Twin Strike","Perfected Strike"],"picked":"Reckless Charge+1","floor":29},{"not_picked":["Warcry+1","Flex","Intimidate"],"picked":"SKIP","floor":31},{"not_picked":["Demon Form","Limit Break"],"picked":"Juggernaut","floor":33},{"not_picked":["Perfected Strike","Pommel Strike+1"],"picked":"Body Slam+1","floor":35},{"not_picked":["Heavy Blade","Thunderclap","Twin Strike"],"picked":"SKIP","floor":37},{"not_picked":["Anger","Twin Strike"],"picked":"Rage+1","floor":38},{"not_picked":["Bloodletting+1","Rupture+1"],"picked":"Infernal Blade+1","floor":39},{"not_picked":["Warcry","Burning Pact","Headbutt"],"picked":"SKIP","floor":40},{"not_picked":["Warcry+1","Carnage"],"picked":"Flex","floor":42},{"not_picked":["Clothesline","Body Slam","Sword Boomerang+1"],"picked":"SKIP","floor":44},{"not_picked":["Warcry+1","Rupture+1","Sever Soul+1"],"picked":"SKIP","floor":45},{"not_picked":["Armaments+1","Headbutt+1"],"picked":"Entrench+1","floor":47},{"not_picked":["Iron Wave+1","Twin Strike"],"picked":"Intimidate+1","floor":48}],"player_experience":52131,"relics_obtained":[{"floor":9,"key":"Letter Opener"},{"floor":12,"key":"Shovel"},{"floor":15,"key":"Mercury Hourglass"},{"floor":23,"key":"Omamori"},{"floor":24,"key":"War Paint"},{"floor":25,"key":"Potion Belt"},{"floor":40,"key":"Strawberry"},{"floor":43,"key":"Red Skull"},{"floor":45,"key":"Lantern"}],"event_choices":[{"damage_healed":0,"gold_gain":0,"player_choice":"Forge","damage_taken":0,"max_hp_gain":0,"max_hp_loss":0,"event_name":"Accursed Blacksmith","floor":2,"gold_loss":0,"cards_upgraded":["Metallicize"]},{"cards_removed":["Strike_R"],"damage_healed":0,"gold_gain":0,"player_choice":"Card Removal","damage_taken":0,"max_hp_gain":0,"max_hp_loss":0,"event_name":"The Cleric","floor":13,"gold_loss":50},{"damage_healed":0,"gold_gain":0,"player_choice":"Trade","damage_taken":0,"relics_obtained":["NlothsMask"],"max_hp_gain":0,"max_hp_loss":0,"event_name":"FaceTrader","floor":14,"gold_loss":0},{"damage_healed":0,"gold_gain":0,"player_choice":"Ignored","damage_taken":0,"max_hp_gain":0,"max_hp_loss":0,"event_name":"Vampires","floor":19,"gold_loss":0},{"damage_healed":0,"gold_gain":99,"player_choice":"Stole From Cult","damage_taken":0,"max_hp_gain":0,"max_hp_loss":0,"event_name":"Nest","floor":28,"gold_loss":0},{"damage_healed":0,"gold_gain":0,"player_choice":"Simplicity","damage_taken":0,"max_hp_gain":0,"max_hp_loss":0,"event_name":"Back to Basics","floor":30,"gold_loss":0,"cards_upgraded":["Strike_R","Strike_R","Strike_R","Defend_R","Defend_R"]},{"damage_healed":0,"gold_gain":0,"player_choice":"Ignored","damage_taken":0,"max_hp_gain":0,"max_hp_loss":0,"event_name":"SecretPortal","floor":36,"gold_loss":0}],"is_beta":false,"boss_relics":[{"not_picked":["Fusion Hammer","Runic Dome"],"picked":"Philosopher\u0027s Stone"},{"not_picked":["Sozu","Lizard Tail"],"picked":"Eternal Feather"}],"items_purged_floors":[],"is_endless":false,"potions_floor_spawned":[1,8,10,12,18,21,25,27,31,33,35,37,40,44,47],"killed_by":"Donu and Deca","ascension_level":0}