{"gold_per_floor":[113,113,113,123,32,61,61,74,74,106,125,2,2,21,21,116,116,136,136,136,136,148,148],"floor_reached":23,"playtime":1422,"items_purged":[],"score":199,"play_id":"390c7130-c723-45c4-9d88-2634af7991c9","local_time":"20190314141004","is_ascension_mode":false,"campfire_choices":[{"floor":15,"key":"REST"}],"neow_cost":"NONE","seed_source_timestamp":68362854725268,"circlet_count":0,"master_deck":["Strike_B","Strike_B","Defend_B","Defend_B","Defend_B","Zap+1","Dualcast","Meteor Strike","Conserve Battery+1","Chill","Self Repair","Beam Cell","Capacitor","Ball Lightning","Storm","FTL","Sweeping Beam","Self Repair+1","Cold Snap","Creative AI","Buffer+1","Loop+1","Scrape+1","Redo+1","Loop","Writhe","Ball Lightning"],"relics":["Cracked Core","Pantograph","Ginger","Regal Pillow","Bronze Scales","Astrolabe","MutagenicStrength","Meat on the Bone"],"potions_floor_usage":[10,10,11,22],"damage_taken":[{"damage":0,"enemies":"Small Slimes","floor":1,"turns":3},{"damage":8,"enemies":"Jaw Worm","floor":4,"turns":3},{"damage":26,"enemies":"3 Sentries","floor":6,"turns":10},{"damage":13,"enemies":"2 Louse","floor":8,"turns":3},{"damage":15,"enemies":"Lagavulin","floor":10,"turns":6},{"damage":15,"enemies":"Exordium Wildlife","floor":11,"turns":3},{"damage":8,"enemies":"3 Louse","floor":14,"turns":2},{"damage":40,"enemies":"The Guardian","floor":16,"turns":9},{"damage":10,"enemies":"3 Byrds","floor":18,"turns":3},{"damage":24,"enemies":"Shell Parasite","floor":22,"turns":6},{"damage":61,"enemies":"Gremlin Leader","floor":23,"turns":3}],"seed_played":"-839301181984781944","potions_obtained":[{"floor":4,"key":"SpeedPotion"},{"floor":8,"key":"SteroidPotion"},{"floor":10,"key":"Explosive Potion"},{"floor":16,"key":"SkillPotion"}],"is_trial":false,"path_per_floor":["M","?","?","M","$","E","T","M","T","E","M","$","?","M","R","B",null,"M","?","?","?","M","E"],"character_chosen":"DEFECT","items_purchased":["Self Repair","Beam Cell","Sweeping Beam","Self Repair"],"campfire_rested":1,"item_purchase_floors":[5,5,12,12],"current_hp_per_floor":[75,75,75,67,67,48,48,42,42,34,26,26,11,10,47,49,75,65,65,65,65,58,0],"gold":148,"neow_bonus":"ONE_RANDOM_RARE_CARD","is_prod":false,"is_daily":false,"chose_seed":false,"campfire_upgraded":0,"win_rate":0.0,"timestamp":1552597804,"path_taken":["M","?","?","M","$","E","?","?","T","E","M","$","?","M","R","BOSS","M","?","?","?","M","E"],"build_version":"2019-01-23","purchased_purges":0,"victory":false,"max_hp_per_floor":[75,75,75,75,75,75,75,75,75,75,75,75,75,75,75,75,75,75,75,75,75,75,75],"card_choices":[{"not_picked":["Leap","Steam"],"picked":"Conserve Battery","floor":1},{"not_picked":["BootSequence","Streamline"],"picked":"Chill","floor":4},{"not_picked":["Rainbow","Gash"],"picked":"Capacitor","floor":6},{"not_picked":["Steam","Reprogram"],"picked":"Ball Lightning","floor":8},{"not_picked":["Barrage","Coolheaded"],"picked":"Storm","floor":10},{"not_picked":["Force Field","Consume"],"picked":"FTL","floor":11},{"not_picked":["Beam Cell","Conserve Battery"],"picked":"Cold Snap","floor":14},{"not_picked":["All For One","Buffer"],"picked":"Creative AI","floor":16},{"not_picked":["Go for the Eyes","Streamline"],"picked":"Redo+1","floor":18},{"not_picked":["Stack","Leap"],"picked":"Ball Lightning","floor":22}],"player_experience":78943,"relics_obtained":[{"floor":6,"key":"Pantograph"},{"floor":7,"key":"Ginger"},{"floor":9,"key":"Regal Pillow"},{"floor":10,"key":"Bronze Scales"}],"event_choices":[{"damage_healed":0,"gold_gain":0,"player_choice":"Ignored","damage_taken":0,"max_hp_gain":0,"max_hp_loss":0,"event_name":"Liars Game","floor":2,"gold_loss":0},{"damage_healed":0,"gold_gain":0,"player_choice":"Grow","damage_taken":0,"max_hp_gain":0,"max_hp_loss":0,"event_name":"Living Wall","floor":3,"gold_loss":0,"cards_upgraded":["Zap"]},{"damage_healed":0,"gold_gain":0,"player_choice":"Entered Light","damage_taken":15,"max_hp_gain":0,"max_hp_loss":0,"event_name":"Shining Light","floor":13,"gold_loss":0,"cards_upgraded":["Conserve Battery","Self Repair"]},{"damage_healed":0,"gold_gain":0,"player_choice":"Inject Mutagens","damage_taken":0,"relics_obtained":["MutagenicStrength"],"max_hp_gain":0,"max_hp_loss":0,"event_name":"Drug Dealer","floor":19,"gold_loss":0},{"damage_healed":0,"gold_gain":0,"player_choice":"Read","damage_taken":0,"max_hp_gain":0,"max_hp_loss":0,"event_name":"The Library","floor":20,"gold_loss":0,"cards_obtained":["Loop"]},{"damage_healed":0,"gold_gain":0,"player_choice":"Opened","damage_taken":0,"relics_obtained":["Meat on the Bone"],"max_hp_gain":0,"max_hp_loss":0,"event_name":"The Mausoleum","floor":21,"gold_loss":0,"cards_obtained":["Writhe"]}],"is_beta":false,"boss_relics":[{"not_picked":["Empty Cage","Busted Crown"],"picked":"Astrolabe"}],"items_purged_floors":[],"is_endless":false,"potions_floor_spawned":[4,8,10,16],"killed_by":"Gremlin Leader","ascension_level":0}