{"gold_per_floor":[112,287,362,362,374,403,403,431,431,431,485,504,144,154,154,154],"floor_reached":16,"playtime":638,"items_purged":[],"score":166,"play_id":"81dc1232-4127-490a-966b-aa2ecf859ed5","local_time":"20190306043356","is_ascension_mode":true,"campfire_choices":[{"data":"Neutralize","floor":7,"key":"SMITH"},{"floor":10,"key":"REST"},{"data":"Accuracy","floor":15,"key":"SMITH"}],"neow_cost":"NONE","seed_source_timestamp":321720633697242,"circlet_count":0,"master_deck":["Defend_G","Defend_G","Defend_G","Defend_G","Defend_G","Strike_G","Strike_G","Strike_G","Strike_G","Strike_G","Survivor","Neutralize+1","Escape Plan","Blade Dance","Cloak And Dagger","Backflip+1","Escape Plan+1","Accuracy+1"],"relics":["Ring of the Snake","NeowsBlessing","Tough Bandages","Ninja Scroll","Bottled Lightning","Art of War","Toxic Egg 2"],"potions_floor_usage":[16,16],"damage_taken":[{"damage":0,"enemies":"Cultist","floor":1,"turns":1},{"damage":0,"enemies":"Jaw Worm","floor":5,"turns":1},{"damage":0,"enemies":"Lagavulin","floor":6,"turns":1},{"damage":33,"enemies":"Gremlin Nob","floor":8,"turns":5},{"damage":0,"enemies":"2 Louse","floor":12,"turns":3},{"damage":0,"enemies":"Looter","floor":14,"turns":3},{"damage":42,"enemies":"Hexaghost","floor":16,"turns":18}],"seed_played":"-6876850661698338110","potions_obtained":[{"floor":1,"key":"Swift Potion"},{"floor":5,"key":"Swift Potion"},{"floor":12,"key":"Explosive Potion"},{"floor":14,"key":"Regen Potion"}],"is_trial":false,"path_per_floor":["M","?","?","?","M","E","R","E","T","R","T","M","$","M","R","B"],"character_chosen":"THE_SILENT","items_purchased":["Toxic Egg 2","Backflip+1","Escape Plan+1"],"campfire_rested":1,"item_purchase_floors":[13,13,13],"current_hp_per_floor":[70,70,59,52,52,52,52,19,19,40,40,40,40,40,40,0],"gold":154,"neow_bonus":"THREE_ENEMY_KILL","is_prod":false,"is_daily":false,"chose_seed":false,"campfire_upgraded":2,"win_rate":0,"timestamp":1551843236,"path_taken":["M","?","?","?","M","E","R","E","T","R","?","M","$","M","R","BOSS"],"build_version":"2019-01-23","purchased_purges":0,"victory":false,"max_hp_per_floor":[70,70,70,70,70,70,70,70,70,70,70,70,70,70,70,70],"card_choices":[{"not_picked":["Slice","PiercingWail"],"picked":"Escape Plan","floor":1},{"not_picked":["Outmaneuver","Riddle With Holes"],"picked":"Blade Dance","floor":5},{"not_picked":["Flying Knee","Underhanded Strike","Dagger Spray"],"picked":"SKIP","floor":6},{"not_picked":["Slice","Riddle With Holes","Deflect"],"picked":"SKIP","floor":8},{"not_picked":["Noxious Fumes","Infinite Blades"],"picked":"Cloak And Dagger","floor":12},{"not_picked":["Poisoned Stab","Deflect+1"],"picked":"Accuracy","floor":14}],"player_experience":215067,"relics_obtained":[{"floor":6,"key":"Tough Bandages"},{"floor":8,"key":"Ninja Scroll"},{"floor":9,"key":"Bottled Lightning"},{"floor":11,"key":"Art of War"}],"event_choices":[{"damage_healed":0,"gold_gain":175,"player_choice":"AGREE","damage_taken":0,"max_hp_gain":0,"max_hp_loss":0,"event_name":"Liars Game","floor":2,"gold_loss":0,"cards_obtained":["Doubt"]},{"damage_healed":0,"gold_gain":75,"player_choice":"Gather Gold","damage_taken":11,"max_hp_gain":0,"max_hp_loss":0,"event_name":"World of Goop","floor":3,"gold_loss":0},{"cards_removed":["Doubt"],"damage_healed":0,"gold_gain":0,"player_choice":"Card Removal","damage_taken":7,"max_hp_gain":0,"max_hp_loss":0,"event_name":"Golden Wing","floor":4,"gold_loss":0}],"is_beta":false,"boss_relics":[],"items_purged_floors":[],"is_endless":false,"potions_floor_spawned":[1,5,12,14],"killed_by":"Hexaghost","ascension_level":5}