{"gold_per_floor":[111,130,58,58,69,69,85,113,183,218,235,246,246,259,259,335,335,347,262,276,289,214,247,259,288,359,359,359,370,395,406,406,477,477,492,508,124,136,136,136,171,183,183,209,209,224,81,132,132,132,132,132,57,82,82],"floor_reached":56,"playtime":2835,"items_purged":["Strike_G","Grand Finale"],"score":2104,"play_id":"c51aa26f-829a-4e3e-9929-525a6d14a2d5","local_time":"20190217205737","is_ascension_mode":true,"campfire_choices":[{"data":"Neutralize","floor":6.0,"key":"SMITH"},{"data":"Noxious Fumes","floor":13.0,"key":"SMITH"},{"data":"Envenom","floor":15.0,"key":"SMITH"},{"floor":27.0,"key":"REST"},{"floor":32.0,"key":"REST"},{"floor":40,"key":"REST"},{"floor":45,"key":"RECALL"},{"floor":49,"key":"REST"},{"floor":52,"key":"REST"}],"neow_cost":"NONE","seed_source_timestamp":26290633888069,"circlet_count":0,"master_deck":["AscendersBane","Survivor","Neutralize+1","Endless Agony","PiercingWail","Well Laid Plans","Leg Sweep+1","Envenom+1","Backstab","Blade Dance+1","Noxious Fumes+1","Backflip+1","Corpse Explosion+1","Dagger Spray+1","Leg Sweep+1","Prepared+1","After Image","Deadly Poison+1","Bouncing Flask+1","Corpse Explosion+1","Night Terror+1","Choke","Tactician+1","Acrobatics+1","Caltrops","Skewer","Flying Knee","Burst+1","Setup+1","Crippling Poison+1","Prepared+1","After Image","PiercingWail+1","Dodge and Roll+1","Blade Dance+1","Well Laid Plans+1","Calculated Gamble+1","Backflip+1","Dodge and Roll+1"],"special_seed":0,"relics":["Ring of the Snake","Incense Burner","Toxic Egg 2","Orichalcum","Fusion Hammer","War Paint","Bottled Lightning","Ginger","Anchor","Pandora\u0027s Box","Oddly Smooth Stone","Dream Catcher","Pear","Dodecahedron","Bag of Preparation","Art of War","Boot"],"potions_floor_usage":[41,54,55],"damage_taken":[{"damage":0.0,"enemies":"Small Slimes","floor":1.0,"turns":4.0},{"damage":0.0,"enemies":"2 Louse","floor":2.0,"turns":2.0},{"damage":0.0,"enemies":"Cultist","floor":5.0,"turns":5.0},{"damage":2.0,"enemies":"Exordium Wildlife","floor":7.0,"turns":6.0},{"damage":32.0,"enemies":"Gremlin Nob","floor":8.0,"turns":6.0},{"damage":7.0,"enemies":"Lagavulin","floor":10.0,"turns":10.0},{"damage":4.0,"enemies":"Exordium Thugs","floor":11.0,"turns":5.0},{"damage":0.0,"enemies":"Red Slaver","floor":12.0,"turns":3.0},{"damage":0.0,"enemies":"2 Fungi Beasts","floor":14.0,"turns":4.0},{"damage":6.0,"enemies":"Hexaghost","floor":16.0,"turns":9.0},{"damage":1.0,"enemies":"Chosen","floor":18.0,"turns":5.0},{"damage":6.0,"enemies":"Shell Parasite","floor":20.0,"turns":4.0},{"damage":0.0,"enemies":"Snake Plant","floor":21.0,"turns":5.0},{"damage":11.0,"enemies":"Slavers","floor":23.0,"turns":2.0},{"damage":21.0,"enemies":"Sentry and Sphere","floor":24.0,"turns":5.0},{"damage":4.0,"enemies":"Book of Stabbing","floor":25.0,"turns":6.0},{"damage":13.0,"enemies":"Centurion and Healer","floor":29.0,"turns":5.0},{"damage":0.0,"enemies":"Gremlin Leader","floor":30.0,"turns":7.0},{"damage":0.0,"enemies":"Cultist and Chosen","floor":31.0,"turns":3.0},{"damage":24.0,"enemies":"Champ","floor":33.0,"turns":11.0},{"damage":2.0,"enemies":"Orb Walker","floor":35.0,"turns":3.0},{"damage":0,"enemies":"3 Shapes","floor":36,"turns":1},{"damage":0,"enemies":"Sphere and 2 Shapes","floor":38,"turns":4},{"damage":14,"enemies":"Giant Head","floor":41,"turns":8},{"damage":5,"enemies":"Transient","floor":42,"turns":5},{"damage":9,"enemies":"Nemesis","floor":44,"turns":9},{"damage":14,"enemies":"Maw","floor":46,"turns":8},{"damage":22,"enemies":"Donu and Deca","floor":50,"turns":9},{"damage":0,"enemies":"Shield and Spear","floor":54,"turns":7},{"damage":55,"enemies":"The Heart","floor":55,"turns":12}],"seed_played":"-7236504682937355193","potions_obtained":[{"floor":1.0,"key":"Explosive Potion"},{"floor":5.0,"key":"SkillPotion"},{"floor":8.0,"key":"SkillPotion"},{"floor":12.0,"key":"Dexterity Potion"},{"floor":18.0,"key":"Weak Potion"},{"floor":25.0,"key":"Regen Potion"},{"floor":33.0,"key":"Block Potion"},{"floor":39,"key":"GamblersBrew"},{"floor":42,"key":"Strength Potion"}],"is_trial":false,"path_per_floor":["M","M","$","?","M","R","M","E","T","E","M","M","R","M","R","B",null,"M","?","M","M","$","E","M","E","T","R","?","M","E","M","R","B",null,"M","M","$","M","?","R","E","M","T","E","R","M","$","T","R","B",null,"R","$","E","B",null],"character_chosen":"THE_SILENT","items_purchased":["Well Laid Plans","After Image","PiercingWail+1","Oddly Smooth Stone","Bag of Preparation","Dexterity Potion","Dodge and Roll+1"],"campfire_rested":5,"item_purchase_floors":[3,37,37,37,47,53,53],"current_hp_per_floor":[65,65,65,65,65,65,63,31,31,24,20,20,20,20,20,14,58,57,57,51,51,51,40,19,15,15,36,36,38,38,38,59,35,63,61,61,61,61,61,72,58,53,63,54,54,40,40,40,64,42,72,82,82,82,27],"gold":82,"neow_bonus":"TEN_PERCENT_HP_BONUS","is_prod":false,"is_daily":false,"chose_seed":false,"campfire_upgraded":3,"win_rate":0,"timestamp":1550455057,"path_taken":["M","M","$","?","M","R","M","E","T","E","M","M","R","M","R","BOSS","M","?","M","M","$","E","M","E","T","R","?","M","E","?","R","BOSS","M","M","$","M","?","R","E","M","T","E","R","M","$","?","R","BOSS","R","$","E","BOSS"],"build_version":"2019-02-06","purchased_purges":2,"victory":true,"max_hp_per_floor":[72,72,72,72,72,72,72,72,72,72,72,72,72,72,72,72,72,72,72,72,72,72,72,72,72,72,72,72,72,72,72,72,72,72,72,72,72,72,72,72,72,72,82,82,82,82,82,82,82,82,82,82,82,82,82],"card_choices":[{"not_picked":["Accuracy","Sucker Punch"],"picked":"Endless Agony","floor":1.0},{"not_picked":["Escape Plan","Tactician"],"picked":"PiercingWail","floor":2.0},{"not_picked":["Slice","Deflect","Riddle With Holes"],"picked":"SKIP","floor":5.0},{"not_picked":["Acrobatics","Heel Hook"],"picked":"Leg Sweep","floor":7.0},{"not_picked":["Venomology","Deflect"],"picked":"Envenom","floor":8.0},{"not_picked":["Blade Dance+1","Acrobatics+1"],"picked":"Backstab","floor":10.0},{"not_picked":["Blur+1","Terror+1"],"picked":"Blade Dance+1","floor":11.0},{"not_picked":["Poisoned Stab","Acrobatics+1"],"picked":"Noxious Fumes","floor":12.0},{"not_picked":["Acrobatics+1","Poisoned Stab"],"picked":"Backflip+1","floor":14.0},{"not_picked":["Malaise+1","Doppelganger+1"],"picked":"Corpse Explosion+1","floor":16.0},{"not_picked":["Blade Dance+1","Poisoned Stab"],"picked":"Dagger Spray+1","floor":18.0},{"not_picked":["Dash","Reflex+1"],"picked":"Leg Sweep+1","floor":20.0},{"not_picked":["Bane","Reflex+1","Riddle With Holes"],"picked":"SKIP","floor":21.0},{"not_picked":["Slice","Quick Slash+1"],"picked":"Prepared+1","floor":23.0},{"not_picked":["Slice+1","Choke","Prepared+1"],"picked":"SKIP","floor":24.0},{"not_picked":["Leg Sweep+1","Eviscerate","Dagger Throw"],"picked":"SKIP","floor":25.0},{"not_picked":["Flying Knee","Dagger Throw"],"picked":"Deadly Poison+1","floor":29.0},{"not_picked":["Dash+1","Setup+1"],"picked":"Bouncing Flask+1","floor":30.0},{"not_picked":["Noxious Fumes","Blade Dance+1"],"picked":"Corpse Explosion+1","floor":31.0},{"not_picked":["Unload","Grand Finale"],"picked":"Night Terror+1","floor":33.0},{"not_picked":["Noxious Fumes","Deadly Poison+1"],"picked":"Crippling Poison+1","floor":35.0},{"not_picked":["Acrobatics+1","Slice","Prepared+1"],"picked":"SKIP","floor":36},{"not_picked":["Acrobatics+1","Slice"],"picked":"Prepared+1","floor":36},{"not_picked":["Leg Sweep+1","Dash+1"],"picked":"Dodge and Roll+1","floor":38},{"not_picked":["Unload","Deflect+1"],"picked":"Blade Dance+1","floor":41},{"not_picked":["Prepared+1","Dagger Spray+1"],"picked":"Well Laid Plans+1","floor":42},{"not_picked":["Doppelganger+1","Predator+1"],"picked":"Calculated Gamble+1","floor":44},{"not_picked":["Prepared+1","Poisoned Stab","Dodge and Roll+1"],"picked":"SKIP","floor":46},{"not_picked":["Dagger Throw+1","Sucker Punch"],"picked":"Backflip+1","floor":49},{"not_picked":["Dagger Spray","Underhanded Strike","Backflip+1"],"picked":"SKIP","floor":54}],"player_experience":1982257,"relics_obtained":[{"floor":8.0,"key":"Incense Burner"},{"floor":9.0,"key":"Toxic Egg 2"},{"floor":10.0,"key":"Orichalcum"},{"floor":23.0,"key":"Bottled Lightning"},{"floor":25.0,"key":"Ginger"},{"floor":30.0,"key":"Anchor"},{"floor":41,"key":"Dream Catcher"},{"floor":43,"key":"Pear"},{"floor":44,"key":"Dodecahedron"},{"floor":48,"key":"Art of War"},{"floor":54,"key":"Boot"}],"event_choices":[{"damage_healed":0.0,"max_hp_gain":0.0,"max_hp_loss":0.0,"gold_gain":0.0,"event_name":"Liars Game","player_choice":"Ignored","floor":4.0,"gold_loss":0.0,"damage_taken":0.0},{"damage_healed":0.0,"max_hp_gain":0.0,"max_hp_loss":0.0,"gold_gain":0.0,"event_name":"Addict","player_choice":"Obtained Relic","floor":19.0,"gold_loss":85.0,"damage_taken":0.0,"relics_obtained":["War Paint"]},{"damage_healed":0.0,"max_hp_gain":0.0,"max_hp_loss":0.0,"gold_gain":0.0,"event_name":"Match and Keep!","player_choice":"1 cards matched","floor":28.0,"gold_loss":0.0,"damage_taken":0.0,"cards_obtained":["After Image"]},{"damage_healed":0,"gold_gain":0,"player_choice":"Got Potions","damage_taken":0,"max_hp_gain":0,"max_hp_loss":0,"event_name":"Lab","floor":39,"gold_loss":0}],"is_beta":true,"boss_relics":[{"not_picked":["Ectoplasm","Busted Crown"],"picked":"Fusion Hammer"},{"not_picked":["Coffee Dripper","Runic Dome"],"picked":"Pandora\u0027s Box"}],"items_purged_floors":[22,37],"is_endless":false,"potions_floor_spawned":[1,5,8,12,18,20,24,25,33,42,44],"ascension_level":15}