{"gold_per_floor":[110,35,35,35,35,35,58,58,131,165,165,189,254],"floor_reached":13,"playtime":344,"items_purged":["Writhe"],"score":81,"play_id":"90972e95-07dc-4702-b242-794cdcda00fe","local_time":"20190314205146","is_ascension_mode":false,"campfire_choices":[{"data":"Bash","floor":6,"key":"SMITH"},{"data":"Strike_R","floor":8,"key":"SMITH"},{"data":"Strike_R","floor":11,"key":"SMITH"}],"neow_cost":"CURSE","seed_source_timestamp":6693445516686,"circlet_count":0,"master_deck":["Strike_R","Strike_R","Strike_R+1","Strike_R+1","Strike_R","Defend_R","Defend_R+1","Defend_R+1","Defend_R","Bash+1"],"relics":["Burning Blood","Pocketwatch","Golden Idol","Shuriken","Blue Candle","War Paint","Bottled Lightning"],"potions_floor_usage":[],"damage_taken":[{"damage":3,"enemies":"Small Slimes","floor":1,"turns":3},{"damage":1,"enemies":"Jaw Worm","floor":7,"turns":3},{"damage":28,"enemies":"Gremlin Nob","floor":10,"turns":4},{"damage":11,"enemies":"2 Louse","floor":12,"turns":2},{"damage":31,"enemies":"3 Sentries","floor":13,"turns":7}],"seed_played":"-81389777594055268","potions_obtained":[{"floor":10,"key":"FearPotion"}],"is_trial":false,"path_per_floor":["M","$","?","T","$","R","M","R","T","E","R","M","?"],"character_chosen":"IRONCLAD","items_purchased":[],"campfire_rested":0,"item_purchase_floors":[],"current_hp_per_floor":[80,80,74,74,74,74,74,74,74,52,52,47,22],"gold":254,"neow_bonus":"ONE_RARE_RELIC","is_prod":false,"is_daily":false,"chose_seed":false,"campfire_upgraded":3,"win_rate":0,"timestamp":1552564306,"path_taken":["M","$","?","?","?","R","M","R","T","E","R","M","?"],"build_version":"2019-01-23","purchased_purges":1,"victory":false,"max_hp_per_floor":[80,80,74,74,74,74,74,74,74,74,74,74,74],"card_choices":[{"not_picked":["True Grit","Entrench","Evolve"],"picked":"SKIP","floor":1},{"not_picked":["Twin Strike","Perfected Strike","True Grit"],"picked":"SKIP","floor":7},{"not_picked":["Uppercut","Warcry","True Grit"],"picked":"SKIP","floor":10},{"not_picked":["Pummel","Sever Soul","Pommel Strike"],"picked":"SKIP","floor":12}],"player_experience":370582,"relics_obtained":[{"floor":4,"key":"Shuriken"},{"floor":9,"key":"Blue Candle"},{"floor":10,"key":"War Paint"},{"floor":13,"key":"Bottled Lightning"}],"event_choices":[{"damage_healed":0,"gold_gain":0,"player_choice":"Lose Max HP","damage_taken":0,"relics_obtained":["Golden Idol"],"max_hp_gain":0,"max_hp_loss":6,"event_name":"Golden Idol","floor":3,"gold_loss":0},{"damage_healed":0,"gold_gain":30,"player_choice":"Searched \u00273\u0027 times","damage_taken":0,"max_hp_gain":0,"max_hp_loss":0,"event_name":"Dead Adventurer","floor":13,"gold_loss":0}],"is_beta":false,"boss_relics":[],"items_purged_floors":[2],"is_endless":false,"potions_floor_spawned":[10],"killed_by":"3 Sentries","ascension_level":0}