{"gold_per_floor":[110,110,110,110,125,152,152,169,169,199,230,230,242,28,28,28],"floor_reached":16,"playtime":1155,"items_purged":[],"score":108,"play_id":"343e4925-0df3-4705-8fa5-557e1e1f4bef","local_time":"20190313194559","is_ascension_mode":false,"campfire_choices":[{"floor":7,"key":"REST"},{"floor":10,"key":"DIG"},{"floor":15,"key":"REST"}],"neow_cost":"NONE","seed_source_timestamp":2387823327477,"circlet_count":0,"master_deck":["Strike_R","Strike_R","Strike_R","Strike_R","Strike_R","Defend_R","Defend_R+1","Defend_R","Defend_R+1","Bash","Dark Embrace","Anger","Blood for Blood","Shockwave","Iron Wave","Ghostly Armor","Second Wind","Seeing Red","Madness","Body Slam"],"relics":["Burning Blood","Champion Belt","Shovel","Tiny Chest","Bag of Marbles"],"potions_floor_usage":[6,11,16],"damage_taken":[{"damage":7,"enemies":"2 Louse","floor":1,"turns":3},{"damage":10,"enemies":"Small Slimes","floor":5,"turns":4},{"damage":29,"enemies":"Gremlin Nob","floor":6,"turns":5},{"damage":9,"enemies":"Cultist","floor":8,"turns":4},{"damage":24,"enemies":"3 Sentries","floor":11,"turns":6},{"damage":35,"enemies":"Gremlin Gang","floor":13,"turns":5},{"damage":43,"enemies":"Slime Boss","floor":16,"turns":8}],"seed_played":"-8765142633184557316","potions_obtained":[{"floor":5,"key":"LiquidBronze"},{"floor":8,"key":"AttackPotion"},{"floor":13,"key":"Explosive Potion"}],"is_trial":false,"path_per_floor":["M","?","?","?","M","E","R","M","T","R","E","?","M","$","R","B"],"character_chosen":"IRONCLAD","items_purchased":["Seeing Red","Madness","Body Slam"],"campfire_rested":2,"item_purchase_floors":[14,14,14],"current_hp_per_floor":[79,79,84,67,63,40,65,62,62,62,44,44,15,15,40,0],"gold":28,"neow_bonus":"ONE_RANDOM_RARE_CARD","is_prod":false,"is_daily":false,"chose_seed":false,"campfire_upgraded":0,"win_rate":0.0,"timestamp":1552531559,"path_taken":["M","?","?","?","M","E","R","M","T","R","E","?","?","$","R","BOSS"],"build_version":"2019-01-23","purchased_purges":0,"victory":false,"max_hp_per_floor":[80,80,85,85,85,85,85,85,85,85,85,85,85,85,85,85],"card_choices":[{"not_picked":["True Grit","Headbutt"],"picked":"Anger","floor":1},{"not_picked":["Power Through","Body Slam"],"picked":"Blood for Blood","floor":5},{"not_picked":["Feel No Pain","Body Slam"],"picked":"Blood for Blood","floor":6},{"not_picked":["Seeing Red","Warcry"],"picked":"Shockwave","floor":8},{"not_picked":["Havoc","Blood for Blood"],"picked":"Iron Wave","floor":11},{"not_picked":["Blood for Blood","True Grit"],"picked":"Second Wind","floor":13}],"player_experience":50973,"relics_obtained":[{"floor":6,"key":"Champion Belt"},{"floor":9,"key":"Shovel"},{"floor":10,"key":"Tiny Chest"},{"floor":11,"key":"Bag of Marbles"}],"event_choices":[{"damage_healed":0,"gold_gain":0,"player_choice":"Leave","damage_taken":0,"max_hp_gain":0,"max_hp_loss":0,"event_name":"The Cleric","floor":2,"gold_loss":0},{"damage_healed":0,"gold_gain":0,"player_choice":"Donut","damage_taken":0,"max_hp_gain":5,"max_hp_loss":0,"event_name":"Big Fish","floor":3,"gold_loss":0},{"damage_healed":0,"gold_gain":0,"player_choice":"Entered Light","damage_taken":17,"max_hp_gain":0,"max_hp_loss":0,"event_name":"Shining Light","floor":4,"gold_loss":0,"cards_upgraded":["Defend_R","Defend_R"]},{"cards_removed":["Blood for Blood"],"damage_healed":0,"gold_gain":0,"player_choice":"Took Card","damage_taken":0,"max_hp_gain":0,"max_hp_loss":0,"event_name":"NoteForYourself","floor":12,"gold_loss":0,"cards_obtained":["Ghostly Armor"]}],"is_beta":false,"boss_relics":[],"items_purged_floors":[],"is_endless":false,"potions_floor_spawned":[5,8,13],"killed_by":"Slime Boss","ascension_level":0}