{"gold_per_floor":[112,112,128,58,70,70,105,121,145,178,178,178,212,225,225,299,299,313,313,117,133,143,143,168,168,195,228,143,143,177,190,190,267,267,278,47,64,76,76,76,93,93,93,106,139,139,157,192,192,192,192,192,43,68,68],"floor_reached":55,"playtime":2253,"items_purged":["Strike_B","Dualcast"],"score":1540,"play_id":"666d71c9-0488-43e5-bb84-320457a46ad8","local_time":"20190223185343","is_ascension_mode":true,"campfire_choices":[{"data":"Sunder","floor":6.0,"key":"SMITH"},{"floor":12.0,"key":"REST"},{"data":"Buffer","floor":15.0,"key":"SMITH"},{"data":"Biased Cognition","floor":23.0,"key":"SMITH"},{"data":"Chill","floor":25.0,"key":"SMITH"},{"data":"Biased Cognition","floor":29.0,"key":"SMITH"},{"floor":32.0,"key":"RECALL"},{"data":"Defragment","floor":40.0,"key":"SMITH"},{"data":"Tempest","floor":42.0,"key":"SMITH"},{"data":"Fission","floor":46.0,"key":"SMITH"},{"data":"Electrodynamics","floor":49.0,"key":"SMITH"},{"data":"Undo","floor":52.0,"key":"SMITH"}],"neow_cost":"NONE","seed_source_timestamp":537851650184322,"circlet_count":0,"master_deck":["AscendersBane","Defend_B","Defend_B","Defend_B","Defend_B","Zap","Sweeping Beam","BootSequence","Rip and Tear","Sunder+1","Buffer+1","Chill+1","Undo+1","Biased Cognition+1","Self Repair","Recycle","Sweeping Beam","Biased Cognition+1","Tempest+1","Creative AI","All For One","Defragment+1","Electrodynamics+1","Fission+1","Core Surge","Conserve Battery"],"special_seed":0,"relics":["Cracked Core","Bag of Preparation","Bronze Scales","Blood Vial","DataDisk","Snecko Eye","Runic Capacitor","Dead Branch","Pen Nib","Ancient Tea Set","Vajra","Potion Belt","Eternal Feather","Orichalcum","Incense Burner","Centennial Puzzle"],"potions_floor_usage":[55,55,55,55,55,55,55,55],"damage_taken":[{"damage":8.0,"enemies":"Small Slimes","floor":1.0,"turns":3.0},{"damage":0.0,"enemies":"Cultist","floor":3.0,"turns":3.0},{"damage":0.0,"enemies":"Jaw Worm","floor":5.0,"turns":3.0},{"damage":28.0,"enemies":"Gremlin Nob","floor":7.0,"turns":4.0},{"damage":0.0,"enemies":"Red Slaver","floor":8.0,"turns":3.0},{"damage":10.0,"enemies":"3 Sentries","floor":10.0,"turns":7.0},{"damage":21.0,"enemies":"Gremlin Nob","floor":13.0,"turns":4.0},{"damage":0.0,"enemies":"Large Slime","floor":14.0,"turns":4.0},{"damage":15.0,"enemies":"Hexaghost","floor":16.0,"turns":10.0},{"damage":0.0,"enemies":"Shell Parasite","floor":18.0,"turns":5.0},{"damage":0.0,"enemies":"3 Byrds","floor":21.0,"turns":2.0},{"damage":0.0,"enemies":"Cultist and Chosen","floor":22.0,"turns":7.0},{"damage":0.0,"enemies":"Book of Stabbing","floor":24.0,"turns":5.0},{"damage":0.0,"enemies":"Gremlin Leader","floor":27.0,"turns":7.0},{"damage":0.0,"enemies":"Book of Stabbing","floor":30.0,"turns":4.0},{"damage":2.0,"enemies":"Shelled Parasite and Fungi","floor":31.0,"turns":4.0},{"damage":16.0,"enemies":"Automaton","floor":33.0,"turns":7.0},{"damage":19.0,"enemies":"3 Darklings","floor":35.0,"turns":5.0},{"damage":0.0,"enemies":"Orb Walker","floor":37.0,"turns":3.0},{"damage":0.0,"enemies":"Writhing Mass","floor":38.0,"turns":4.0},{"damage":0.0,"enemies":"Jaw Worm Horde","floor":41.0,"turns":4.0},{"damage":0.0,"enemies":"Maw","floor":44.0,"turns":4.0},{"damage":0.0,"enemies":"Giant Head","floor":45.0,"turns":9.0},{"damage":0.0,"enemies":"4 Shapes","floor":47.0,"turns":2.0},{"damage":0.0,"enemies":"Reptomancer","floor":48.0,"turns":4.0},{"damage":4.0,"enemies":"Donu and Deca","floor":50.0,"turns":3.0},{"damage":30.0,"enemies":"Shield and Spear","floor":54.0,"turns":3.0},{"damage":58,"enemies":"The Heart","floor":55,"turns":5}],"seed_played":"-7806821774719756525","potions_obtained":[{"floor":7.0,"key":"Energy Potion"},{"floor":8.0,"key":"EntropicBrew"},{"floor":10.0,"key":"AttackPotion"},{"floor":14.0,"key":"SteroidPotion"},{"floor":33.0,"key":"FearPotion"},{"floor":44.0,"key":"Fire Potion"},{"floor":54.0,"key":"SkillPotion"}],"is_trial":false,"path_per_floor":["M","?","M","$","M","R","E","M","T","E","$","R","E","M","R","B",null,"M","?","$","M","M","R","E","R","T","E","?","R","E","M","R","B",null,"M","$","M","M","?","R","M","R","T","M","E","R","M","E","R","B",null,"R","$","E","B"],"character_chosen":"DEFECT","items_purchased":["Rip and Tear","Runic Capacitor","All For One","Dexterity Potion"],"campfire_rested":1,"item_purchase_floors":[4,20,36,53],"current_hp_per_floor":[63,63,63,63,63,63,35,35,35,25,25,48,29,31,31,18,63,65,65,65,74,78,78,78,78,78,78,78,78,78,78,78,69,76,66,66,75,78,78,78,78,78,78,78,78,78,78,78,78,74,77,78,78,55,0],"gold":68,"neow_bonus":"TEN_PERCENT_HP_BONUS","is_prod":false,"is_daily":false,"chose_seed":false,"campfire_upgraded":10,"win_rate":0,"timestamp":1550966023,"path_taken":["M","?","M","?","M","R","E","M","T","E","?","R","E","M","R","BOSS","M","?","$","M","M","R","E","R","T","E","?","R","E","M","R","BOSS","M","$","M","M","?","R","M","R","T","M","E","R","?","E","R","BOSS","R","$","E","BOSS"],"build_version":"2019-02-06","purchased_purges":2,"victory":false,"max_hp_per_floor":[78,78,78,78,78,78,78,78,78,78,78,78,78,78,78,78,78,78,78,78,78,78,78,78,78,78,78,78,78,78,78,78,78,78,78,78,78,78,78,78,78,78,78,78,78,78,78,78,78,78,78,78,78,78,78],"card_choices":[{"not_picked":["Storm","FTL"],"picked":"Sweeping Beam","floor":1.0},{"not_picked":["Force Field","Redo"],"picked":"BootSequence","floor":3.0},{"not_picked":["Go for the Eyes","Leap"],"picked":"Sunder","floor":5.0},{"not_picked":["FTL","Static Discharge"],"picked":"Buffer","floor":7.0},{"not_picked":["Steam","Hologram"],"picked":"Chill","floor":8.0},{"not_picked":["Chill","Amplify","Coolheaded"],"picked":"SKIP","floor":10.0},{"not_picked":["Streamline","Steam"],"picked":"Undo","floor":13.0},{"not_picked":["Static Discharge","Turbo","Compile Driver"],"picked":"SKIP","floor":14.0},{"not_picked":["Reboot","Creative AI"],"picked":"Biased Cognition","floor":16.0},{"not_picked":["Defragment","Redo"],"picked":"Self Repair","floor":18.0},{"not_picked":["Gash","Undo","Darkness+1"],"picked":"SKIP","floor":21.0},{"not_picked":["Rebound","Leap","Steam"],"picked":"SKIP","floor":22.0},{"not_picked":["Redo","Multi-Cast","Leap"],"picked":"SKIP","floor":24.0},{"not_picked":["Stack","Darkness"],"picked":"Biased Cognition","floor":27.0},{"not_picked":["Undo","Go for the Eyes"],"picked":"Tempest","floor":30.0},{"not_picked":["Stack","Coolheaded","Leap"],"picked":"SKIP","floor":31.0},{"not_picked":["Reboot","Thunder Strike"],"picked":"Creative AI","floor":33.0},{"not_picked":["Hologram","Undo+1","Go for the Eyes"],"picked":"SKIP","floor":35.0},{"not_picked":["Gash","Barrage"],"picked":"Defragment","floor":37.0},{"not_picked":["Go for the Eyes+1","Coolheaded","Sweeping Beam"],"picked":"SKIP","floor":38.0},{"not_picked":["Redo+1","Double Energy","Consume"],"picked":"SKIP","floor":41.0},{"not_picked":["Darkness","Fusion"],"picked":"Fission","floor":44.0},{"not_picked":["Rainbow","Sweeping Beam+1"],"picked":"Core Surge","floor":45.0},{"not_picked":["Rip and Tear+1","Compile Driver","FTL"],"picked":"SKIP","floor":47.0},{"not_picked":["Heatsinks+1","Redo","Darkness"],"picked":"SKIP","floor":48.0},{"not_picked":["Fusion","Reprogram+1"],"picked":"Conserve Battery","floor":54.0}],"player_experience":2031679,"relics_obtained":[{"floor":7.0,"key":"Bag of Preparation"},{"floor":9.0,"key":"Bronze Scales"},{"floor":10.0,"key":"Blood Vial"},{"floor":13.0,"key":"DataDisk"},{"floor":24.0,"key":"Dead Branch"},{"floor":26.0,"key":"Pen Nib"},{"floor":27.0,"key":"Ancient Tea Set"},{"floor":30.0,"key":"Potion Belt"},{"floor":45.0,"key":"Orichalcum"},{"floor":48.0,"key":"Incense Burner"},{"floor":54.0,"key":"Centennial Puzzle"}],"event_choices":[{"cards_removed":["Strike_B"],"damage_healed":0.0,"max_hp_gain":0.0,"max_hp_loss":0.0,"gold_gain":0.0,"event_name":"Bonfire Elementals","player_choice":"Offered Basic","floor":2.0,"gold_loss":0.0,"damage_taken":0.0},{"damage_healed":0.0,"max_hp_gain":0.0,"max_hp_loss":0.0,"gold_gain":0.0,"cards_transformed":["Strike_B","Strike_B"],"event_name":"Drug Dealer","player_choice":"Became Test Subject","floor":19.0,"gold_loss":0.0,"damage_taken":0.0,"cards_obtained":["Recycle","Sweeping Beam"]},{"damage_healed":0.0,"max_hp_gain":0.0,"max_hp_loss":0.0,"gold_gain":0.0,"event_name":"Addict","player_choice":"Obtained Relic","floor":28.0,"gold_loss":85.0,"damage_taken":0.0,"relics_obtained":["Vajra"]},{"damage_healed":0.0,"max_hp_gain":0.0,"max_hp_loss":0.0,"gold_gain":0.0,"event_name":"Match and Keep!","player_choice":"1 cards matched","floor":39.0,"gold_loss":0.0,"damage_taken":0.0,"cards_obtained":["Electrodynamics"]}],"is_beta":true,"boss_relics":[{"not_picked":["Cursed Key","Nuclear Battery"],"picked":"Snecko Eye"},{"not_picked":["Coffee Dripper","Pandora\u0027s Box"],"picked":"Eternal Feather"}],"items_purged_floors":[36,53],"is_endless":false,"potions_floor_spawned":[7,8,10,14,18,22,27,33,44,45,54],"killed_by":"The Heart","ascension_level":15}