{"gold_per_floor":[129,159,171,196,208,220,247,291,303,332,370,54,72,72,72,145,145,162,87,103,122,132,132,132],"floor_reached":24,"playtime":971,"items_purged":["Strike_G"],"score":368,"play_id":"3314e1f3-5440-4a04-bda3-f7f2d83dbd95","local_time":"20190306212355","is_ascension_mode":true,"campfire_choices":[{"data":"Deadly Poison","floor":6,"key":"SMITH"},{"data":"Noxious Fumes","floor":15,"key":"SMITH"},{"floor":23,"key":"REST"}],"neow_cost":"NONE","seed_source_timestamp":1498706581159012,"circlet_count":0,"master_deck":["AscendersBane","Defend_G","Defend_G","Defend_G","Defend_G","Defend_G","Strike_G","Strike_G","Strike_G","Strike_G","Survivor","Neutralize+1","Deadly Poison+1","Dash","Dagger Throw","Noxious Fumes+1","Flash of Steel","PiercingWail","After Image","Well Laid Plans","Cloak And Dagger","PiercingWail","Blade Dance"],"relics":["Ring of the Snake","MawBank","Omamori","Question Card","Kunai","Sozu"],"potions_floor_usage":[8,11,13,16,24],"damage_taken":[{"damage":2,"enemies":"Cultist","floor":1,"turns":4},{"damage":6,"enemies":"2 Louse","floor":2,"turns":4},{"damage":2,"enemies":"Jaw Worm","floor":4,"turns":3},{"damage":0,"enemies":"Looter","floor":7,"turns":3},{"damage":16,"enemies":"Gremlin Nob","floor":8,"turns":5},{"damage":4,"enemies":"Blue Slaver","floor":10,"turns":4},{"damage":17,"enemies":"3 Sentries","floor":11,"turns":8},{"damage":5,"enemies":"Lots of Slimes","floor":13,"turns":5},{"damage":8,"enemies":"Hexaghost","floor":16,"turns":9},{"damage":9,"enemies":"Chosen","floor":18,"turns":5},{"damage":0,"enemies":"Spheric Guardian","floor":20,"turns":6},{"damage":8,"enemies":"Centurion and Healer","floor":21,"turns":7},{"damage":31,"enemies":"Snecko","floor":22,"turns":8},{"damage":31,"enemies":"Gremlin Leader","floor":24,"turns":5}],"seed_played":"8894310022492388804","potions_obtained":[{"floor":4,"key":"SteroidPotion"},{"floor":7,"key":"LiquidBronze"},{"floor":8,"key":"Poison Potion"},{"floor":11,"key":"EssenceOfSteel"},{"floor":16,"key":"FearPotion"}],"is_trial":false,"path_per_floor":["M","M","?","M","?","R","M","E","T","M","E","$","M","?","R","B",null,"M","$","M","M","M","R","E"],"character_chosen":"THE_SILENT","items_purchased":["Kunai","Flash of Steel"],"campfire_rested":1,"item_purchase_floors":[12,12],"current_hp_per_floor":[57,51,51,49,54,54,54,38,38,34,17,17,12,12,12,4,54,45,45,45,37,6,27,0],"gold":132,"neow_bonus":"RANDOM_COMMON_RELIC","is_prod":false,"is_daily":false,"chose_seed":false,"campfire_upgraded":2,"win_rate":0,"timestamp":1551925435,"path_taken":["M","?","?","M","?","R","M","E","T","M","E","$","M","?","R","BOSS","M","$","M","M","M","R","E"],"build_version":"2019-02-06","purchased_purges":1,"victory":false,"max_hp_per_floor":[66,66,66,66,71,71,71,71,71,71,71,71,71,71,71,71,71,71,71,71,71,71,71,71],"card_choices":[{"not_picked":["Slice","Masterful Stab"],"picked":"Deadly Poison","floor":1},{"not_picked":["Blur","Outmaneuver"],"picked":"Dash","floor":2},{"not_picked":["Acrobatics","Bane"],"picked":"Dagger Throw","floor":4},{"not_picked":["Acrobatics","Night Terror"],"picked":"Noxious Fumes","floor":7},{"not_picked":["Accuracy","Endless Agony","Masterful Stab"],"picked":"SKIP","floor":8},{"not_picked":["Acrobatics","Quick Slash","Endless Agony"],"picked":"SKIP","floor":10},{"not_picked":["Underhanded Strike","Blade Dance","Flying Knee"],"picked":"SKIP","floor":11},{"not_picked":["Deflect","Underhanded Strike","Terror"],"picked":"PiercingWail","floor":13},{"not_picked":["Grand Finale","Wraith Form v2","Adrenaline"],"picked":"After Image","floor":16},{"not_picked":["Deadly Poison","Blade Dance","Dagger Throw"],"picked":"Well Laid Plans","floor":18},{"not_picked":["Noxious Fumes","Deadly Poison","Grand Finale"],"picked":"Cloak And Dagger","floor":20},{"not_picked":["Deadly Poison","Cloak And Dagger","Outmaneuver"],"picked":"PiercingWail","floor":21},{"not_picked":["Tactician","Caltrops","Endless Agony"],"picked":"Blade Dance","floor":22}],"player_experience":2106775,"relics_obtained":[{"floor":8,"key":"Omamori"},{"floor":11,"key":"Question Card"}],"event_choices":[{"damage_healed":0,"gold_gain":0,"player_choice":"Grow","damage_taken":0,"max_hp_gain":0,"max_hp_loss":0,"event_name":"Living Wall","floor":3,"gold_loss":0,"cards_upgraded":["Neutralize"]},{"damage_healed":0,"gold_gain":0,"player_choice":"Donut","damage_taken":0,"max_hp_gain":5,"max_hp_loss":0,"event_name":"Big Fish","floor":5,"gold_loss":0},{"damage_healed":0,"gold_gain":0,"player_choice":"Fled","damage_taken":0,"max_hp_gain":0,"max_hp_loss":0,"event_name":"Scrap Ooze","floor":14,"gold_loss":0}],"is_beta":true,"boss_relics":[{"not_picked":["Empty Cage","White Beast Statue"],"picked":"Sozu"}],"items_purged_floors":[19],"is_endless":false,"potions_floor_spawned":[4,7,8,11,16,18],"killed_by":"Gremlin Leader","ascension_level":15}