{"gold_per_floor":[114,129,148,148,73,106,126,158,183,212,12,12,25,25,25,98,98,111,291,303,22,40,40,50,50,50,50,69,79,43,43,43,120,120,130,130,142,0,10,36,36,63,63,81,93,93,93,104,104,104,104,104,4,32,32],"floor_reached":55,"playtime":2982,"items_purged":[],"score":1311,"play_id":"65a5922a-120c-4f78-8fc3-2b0abee84681","local_time":"20190203230309","is_ascension_mode":true,"campfire_choices":[{"floor":12.0,"key":"REST"},{"data":"Whirlwind","floor":15,"key":"SMITH"},{"floor":23,"key":"REST"},{"data":"Armaments","floor":25,"key":"SMITH"},{"floor":27,"key":"REST"},{"data":"Offering","floor":32,"key":"SMITH"},{"floor":41,"key":"RECALL"},{"data":"Demon Form","floor":46,"key":"SMITH"},{"data":"Corruption","floor":49,"key":"SMITH"},{"floor":52,"key":"REST"}],"neow_cost":"NONE","seed_source_timestamp":2207527019716188,"circlet_count":0,"master_deck":["AscendersBane","Strike_R","Strike_R","Strike_R+1","Defend_R","Defend_R+1","Defend_R+1","Defend_R","Bash","Clothesline+1","Headbutt","Whirlwind+1","Demon Form+1","Shrug It Off","Offering+1","Armaments+1","Iron Wave+1","Feel No Pain","Flame Barrier+1","Corruption+1","Shrug It Off+1","Intimidate+1","Ghostly+1","Ghostly+1","Ghostly+1","Reaper","Battle Trance+1","Dual Wield+1","Sword Boomerang","True Grit+1","Sentinel+1","Havoc+1","Havoc+1","Juggernaut"],"special_seed":0,"relics":["Burning Blood","Matryoshka","Pen Nib","War Paint","Whetstone","Boot","Bronze Scales","Runic Pyramid","Toxic Egg 2","Meat on the Bone","Bottled Lightning","Black Star","Red Mask","Potion Belt","Pear","Dodecahedron","Ornamental Fan","Shuriken","Oddly Smooth Stone"],"potions_floor_usage":[16,22,49,55,55,55,55],"damage_taken":[{"damage":14.0,"enemies":"Small Slimes","floor":1.0,"turns":4.0},{"damage":0.0,"enemies":"2 Louse","floor":2.0,"turns":4.0},{"damage":6.0,"enemies":"Cultist","floor":3.0,"turns":3.0},{"damage":21.0,"enemies":"Gremlin Nob","floor":6.0,"turns":5.0},{"damage":10.0,"enemies":"Exordium Wildlife","floor":7.0,"turns":6.0},{"damage":35.0,"enemies":"3 Sentries","floor":8.0,"turns":7.0},{"damage":21.0,"enemies":"Gremlin Nob","floor":10.0,"turns":5.0},{"damage":7,"enemies":"3 Louse","floor":13,"turns":2},{"damage":42,"enemies":"The Guardian","floor":16,"turns":12},{"damage":23,"enemies":"2 Thieves","floor":18,"turns":3},{"damage":16,"enemies":"Spheric Guardian","floor":20,"turns":5},{"damage":8,"enemies":"Snecko","floor":22,"turns":4},{"damage":17,"enemies":"Shelled Parasite and Fungi","floor":24,"turns":9},{"damage":20,"enemies":"Snake Plant","floor":28,"turns":5},{"damage":18,"enemies":"Chosen and Byrds","floor":29,"turns":6},{"damage":23,"enemies":"Automaton","floor":33,"turns":10},{"damage":6,"enemies":"Orb Walker","floor":35,"turns":6},{"damage":6,"enemies":"3 Darklings","floor":37,"turns":6},{"damage":6,"enemies":"Writhing Mass","floor":39,"turns":9},{"damage":6,"enemies":"Reptomancer","floor":40,"turns":8},{"damage":13,"enemies":"Nemesis","floor":42,"turns":11},{"damage":6,"enemies":"Jaw Worm Horde","floor":44,"turns":7},{"damage":6,"enemies":"Maw","floor":45,"turns":8},{"damage":6,"enemies":"3 Darklings","floor":48,"turns":4},{"damage":47,"enemies":"Awakened One","floor":50,"turns":11},{"damage":6,"enemies":"Shield and Spear","floor":54,"turns":6},{"damage":94,"enemies":"The Heart","floor":55,"turns":8}],"seed_played":"-6178994664480560436","potions_obtained":[{"floor":3.0,"key":"EssenceOfSteel"},{"floor":6.0,"key":"Block Potion"},{"floor":7.0,"key":"Swift Potion"},{"floor":10.0,"key":"Regen Potion"},{"floor":18,"key":"Fruit Juice"},{"floor":28,"key":"SkillPotion"},{"floor":29,"key":"PowerPotion"},{"floor":44,"key":"Poison Potion"},{"floor":45,"key":"Fruit Juice"}],"is_trial":false,"path_per_floor":["M","M","M","?","?","E","M","E","T","E","$","R","M","?","R","B",null,"M","?","M","$","M","R","M","R","T","R","M","M","$","?","R","B",null,"M","?","M","?","M","E","R","E","T","M","M","R","?","M","R","B",null,"R","$","E","B"],"character_chosen":"IRONCLAD","items_purchased":["Shrug It Off","Bronze Scales","Toxic Egg 2","Feel No Pain","Intimidate+1","Havoc+1","Regen Potion"],"campfire_rested":4,"item_purchase_floors":[11,11,21,21,30,53,53],"current_hp_per_floor":[67,73,73,73,73,58,54,25,25,10,10,34,33,38,38,17,70,53,29,19,19,22,49,38,38,38,65,63,63,63,46,46,41,45,46,44,44,44,44,54,54,54,54,54,54,54,54,54,59,37,54,59,59,59,0],"gold":32,"neow_bonus":"TEN_PERCENT_HP_BONUS","is_prod":false,"is_daily":false,"chose_seed":false,"campfire_upgraded":5,"win_rate":0,"timestamp":1549252989,"path_taken":["M","M","M","?","?","E","M","E","T","E","$","R","M","?","R","BOSS","M","?","M","?","M","R","M","R","T","R","M","?","$","?","R","BOSS","M","?","M","?","M","E","R","E","T","M","M","R","?","M","R","BOSS","R","$","E","BOSS"],"build_version":"2019-01-23","purchased_purges":0,"victory":false,"max_hp_per_floor":[82,82,82,82,82,82,82,82,82,82,82,82,82,87,87,87,87,87,87,87,87,92,92,92,92,92,92,92,92,92,46,46,46,46,46,44,44,44,44,54,54,54,54,54,54,54,54,54,59,59,59,59,59,59,59],"card_choices":[{"not_picked":["Flame Barrier","Warcry"],"picked":"Clothesline","floor":1.0},{"not_picked":["Seeing Red","Thunderclap"],"picked":"Headbutt","floor":2.0},{"not_picked":["Clash","Pommel Strike","Reckless Charge"],"picked":"SKIP","floor":3.0},{"not_picked":["Sentinel","Pummel","Iron Wave"],"picked":"SKIP","floor":6.0},{"not_picked":["Clothesline","Rampage"],"picked":"Whirlwind","floor":7.0},{"not_picked":["Headbutt","Body Slam"],"picked":"Demon Form","floor":8.0},{"not_picked":["Clothesline","Heavy Blade","Sentinel"],"picked":"SKIP","floor":10.0},{"not_picked":["Blood for Blood","Spot Weakness","Intimidate"],"picked":"SKIP","floor":13},{"not_picked":["Bludgeon","Fiend Fire"],"picked":"Offering","floor":16},{"not_picked":["Blood for Blood","Body Slam"],"picked":"Armaments","floor":18},{"not_picked":["Cleave","Headbutt"],"picked":"Iron Wave+1","floor":20},{"not_picked":["Flex+1","Wild Strike"],"picked":"Flame Barrier+1","floor":22},{"not_picked":["Iron Wave","Hemokinesis+1"],"picked":"Corruption","floor":24},{"not_picked":["Heavy Blade","Berserk","Anger"],"picked":"SKIP","floor":28},{"not_picked":["Headbutt+1","Twin Strike"],"picked":"Shrug It Off+1","floor":29},{"not_picked":["Demon Form","Brutality"],"picked":"Reaper","floor":33},{"not_picked":["Rupture","Second Wind+1"],"picked":"Battle Trance+1","floor":35},{"not_picked":["Iron Wave","Whirlwind"],"picked":"Dual Wield+1","floor":37},{"not_picked":["Inflame","Metallicize+1"],"picked":"Sword Boomerang","floor":39},{"not_picked":["Feel No Pain","Twin Strike+1"],"picked":"True Grit+1","floor":40},{"not_picked":["Twin Strike+1","Anger+1"],"picked":"Sentinel+1","floor":42},{"not_picked":["Dual Wield+1","Clash"],"picked":"Havoc+1","floor":44},{"not_picked":["Armaments+1","Corruption","Twin Strike"],"picked":"SKIP","floor":45},{"not_picked":["Iron Wave","Thunderclap","Inflame"],"picked":"SKIP","floor":48},{"not_picked":["Dropkick","Ghostly Armor+1"],"picked":"Juggernaut","floor":54}],"player_experience":1940538,"relics_obtained":[{"floor":6.0,"key":"Matryoshka"},{"floor":8.0,"key":"Pen Nib"},{"floor":9.0,"key":"War Paint"},{"floor":9.0,"key":"Whetstone"},{"floor":10.0,"key":"Boot"},{"floor":26,"key":"Meat on the Bone"},{"floor":26,"key":"Bottled Lightning"},{"floor":40,"key":"Potion Belt"},{"floor":40,"key":"Pear"},{"floor":42,"key":"Dodecahedron"},{"floor":42,"key":"Ornamental Fan"},{"floor":54,"key":"Shuriken"},{"floor":54,"key":"Oddly Smooth Stone"}],"event_choices":[{"cards_removed":["Strike_R"],"damage_healed":0.0,"max_hp_gain":0.0,"max_hp_loss":0.0,"gold_gain":0.0,"event_name":"Living Wall","player_choice":"Forget","floor":4.0,"gold_loss":0.0,"damage_taken":0.0},{"cards_removed":["Strike_R"],"damage_healed":0.0,"max_hp_gain":0.0,"max_hp_loss":0.0,"gold_gain":0.0,"event_name":"The Cleric","player_choice":"Card Removal","floor":5.0,"gold_loss":75.0,"damage_taken":0.0},{"damage_healed":0,"gold_gain":0,"player_choice":"Donut","damage_taken":0,"max_hp_gain":5,"max_hp_loss":0,"event_name":"Big Fish","floor":14,"gold_loss":0},{"damage_healed":0,"gold_gain":180,"player_choice":"GOLD GOLD ","damage_taken":24,"max_hp_gain":0,"max_hp_loss":0,"event_name":"Knowing Skull","floor":19,"potions_obtained":[],"gold_loss":0,"cards_obtained":[]},{"damage_healed":0,"gold_gain":0,"player_choice":"Became a Ghost","damage_taken":0,"max_hp_gain":0,"max_hp_loss":46,"event_name":"Ghosts","floor":31,"gold_loss":0,"cards_obtained":["Ghostly","Ghostly","Ghostly"]},{"damage_healed":0,"gold_gain":0,"player_choice":"Max HP","damage_taken":0,"max_hp_gain":0,"max_hp_loss":2,"event_name":"Winding Halls","floor":36,"gold_loss":0},{"damage_healed":0,"gold_gain":0,"player_choice":"Paid","damage_taken":0,"relics_obtained":["Red Mask"],"max_hp_gain":0,"max_hp_loss":0,"event_name":"Tomb of Lord Red Mask","floor":38,"gold_loss":142},{"damage_healed":0,"gold_gain":0,"player_choice":"Ignored","damage_taken":0,"max_hp_gain":0,"max_hp_loss":0,"event_name":"Mysterious Sphere","floor":47,"gold_loss":0}],"is_beta":true,"boss_relics":[{"not_picked":["Runic Dome","Busted Crown"],"picked":"Runic Pyramid"},{"not_picked":["Pandora\u0027s Box","Tiny House"],"picked":"Black Star"}],"items_purged_floors":[],"is_endless":false,"potions_floor_spawned":[3,6,7,10,18,28,29,35,37,44,45],"killed_by":"The Heart","ascension_level":15}