{"path_per_floor":["M","?","M","M","?","T","R","E","T","M","R","?","M","$","R","B",null,"M","M","$","?","$","R","E","R","T","M","M","R","?","$","R","B",null,"M","?","$","?","$","R","E","$","T","M","M","R","M","?","R","B"],"character_chosen":"IRONCLAD","items_purchased":["Regen Potion","Block Potion","Shrug It Off","Offering","Seeing Red","Heavy Blade"],"gold_per_floor":[119,119,132,150,150,150,150,181,181,201,201,201,218,91,91,186,186,202,219,68,68,17,17,45,45,45,59,79,79,79,1,1,105,105,122,122,122,122,40,40,72,26,26,42,54,54,73,0,0,0],"floor_reached":51,"campfire_rested":2,"playtime":4441,"current_hp_per_floor":[80,80,75,74,74,74,74,68,68,57,57,57,57,57,57,11,80,71,45,45,30,30,55,30,30,30,8,32,32,32,32,57,44,85,84,85,85,85,85,85,33,33,33,46,85,85,85,85,85,52],"items_purged":["Normality","Regret"],"gold":0,"score":565,"play_id":"ac1c65ac-9464-4638-ad53-7f9716f23994","is_prod":false,"is_daily":false,"is_ascension_mode":true,"campfire_upgraded":8,"path_taken":["M","?","M","?","?","?","R","E","T","M","R","?","M","$","R","BOSS","M","M","$","?","$","R","E","R","T","?","M","R","?","$","R","BOSS","M","?","$","?","$","R","E","?","T","?","M","R","M","?","R","BOSS"],"build_version":"2018-02-08-PROD1","purchased_purges":2,"victory":true,"master_deck":["Strike_R","Strike_R","Strike_R","Strike_R","Strike_R","Defend_R","Defend_R","Defend_R","Defend_R","Bash","Barricade+1","Seeing Red+1","Flex+1","Shockwave+1","Thunderclap","Armaments+1","Double Tap+1","Flex+1","Shrug It Off","Reaper","Flame Barrier+1","Offering+1","Shrug It Off+1","Seeing Red+1","Bloodletting+1","Heavy Blade+1","Armaments+1","Warcry+1","Ghostly Armor+1"],"max_hp_per_floor":[80,80,80,80,80,80,80,80,80,80,80,80,80,80,80,80,80,80,80,80,85,85,85,85,85,85,85,85,85,85,85,85,85,85,85,85,85,85,85,85,85,85,85,85,85,85,85,85,85,85],"relics":["Burning Blood","Centennial Puzzle","Vajra","Blood Vial","Frozen Eye","Letter Opener","Runic Pyramid","Toxic Egg 2","Lantern","Black Star","Champion Belt","Ginger","Thread and Needle","Red Mask"],"card_choices":[{"not_picked":["Exhume","Pommel Strike"],"picked":"Seeing Red"},{"not_picked":["Intimidate","Warcry"],"picked":"Flex"},{"not_picked":["Body Slam","Berserk"],"picked":"Shockwave"},{"not_picked":["Sword Boomerang","Burning Pact"],"picked":"Thunderclap"},{"not_picked":["Dual Wield","Havoc"],"picked":"Armaments"},{"not_picked":["Barricade","Impervious"],"picked":"Double Tap"},{"not_picked":["Blood for Blood","Bloodletting"],"picked":"Flex"},{"not_picked":["Uppercut","Immolate"],"picked":"Reaper"},{"not_picked":["Rupture","Havoc"],"picked":"Flame Barrier"},{"not_picked":["Clash","Twin Strike"],"picked":"Shrug It Off"},{"not_picked":["Hemokinesis","Flex"],"picked":"Bloodletting"},{"not_picked":["Disarm","Perfected Strike"],"picked":"Armaments"},{"not_picked":["Headbutt","Twin Strike"],"picked":"Warcry"},{"not_picked":["Fire Breathing","Heavy Blade"],"picked":"Ghostly Armor"}],"player_experience":97776,"potions_floor_usage":[8,8,8,16,16,24,24,27,50,50],"damage_taken":[{"damage":5,"enemies":"2 Louse","floor":1,"turns":3},{"damage":11,"enemies":"Blue Slaver","floor":3,"turns":4},{"damage":7,"enemies":"Small Slimes","floor":4,"turns":4},{"damage":12,"enemies":"Gremlin Nob","floor":8,"turns":3},{"damage":19,"enemies":"Red Slaver","floor":10,"turns":4},{"damage":8,"enemies":"Exordium Thugs","floor":13,"turns":4},{"damage":69,"enemies":"Hexaghost","floor":16,"turns":12},{"damage":15,"enemies":"3 Byrds","floor":18,"turns":6},{"damage":34,"enemies":"Shell Parasite","floor":19,"turns":7},{"damage":33,"enemies":"Gremlin Leader","floor":24,"turns":7},{"damage":33,"enemies":"Snake Plant","floor":27,"turns":5},{"damage":4,"enemies":"Chosen and Byrds","floor":28,"turns":9},{"damage":26,"enemies":"Champ","floor":33,"turns":13},{"damage":33,"enemies":"3 Darklings","floor":35,"turns":5},{"damage":58,"enemies":"Giant Head","floor":41,"turns":8},{"damage":4,"enemies":"Orb Walker","floor":44,"turns":3},{"damage":7,"enemies":"Maw","floor":45,"turns":11},{"damage":22,"enemies":"4 Shapes","floor":47,"turns":8},{"damage":39,"enemies":"Time Eater","floor":50,"turns":11}],"event_choices":[{"event_name":"The Lab","player_choice":"Got Potions","floor":2,"damage_taken":0},{"event_name":"Big Fish","player_choice":"Box","floor":5,"damage_taken":0},{"event_name":"Accursed Blacksmith","player_choice":"Rummage","floor":12,"damage_taken":0},{"event_name":"Forgotten Altar","player_choice":"Shed Blood","floor":21,"damage_taken":0},{"event_name":"Addict","player_choice":"Ignored","floor":30,"damage_taken":0},{"event_name":"Wheel of Change","player_choice":"Full Heal","floor":36,"damage_taken":0},{"event_name":"The Woman in Blue","player_choice":"Bought 0 Potions","floor":38,"damage_taken":0},{"event_name":"Tomb of Lord Red Mask","player_choice":"Paid","floor":48,"damage_taken":0}],"boss_relics":[{"not_picked":["Calling Bell","Velvet Choker"],"picked":"Runic Pyramid"},{"not_picked":["Eternal Feather","White Beast Statue"],"picked":"Black Star"}],"potions_floor_spawned":[1,4,13,16,19,41,45,47],"seed_played":"-5510896863585721024","ascension_level":3,"is_trial":false}