{"gold_per_floor":[117,42,54,66,83,83,158,2,55,85,101,133,145,185,197,283,295,323,345,357,419,431,343,343,343],"floor_reached":25,"playtime":691,"items_purged":["Strike_B","Decay"],"score":383,"play_id":"a1dea59f-700c-46a4-8cec-de29212f20f4","local_time":"20190312232617","is_ascension_mode":true,"campfire_choices":[{"data":"Coolheaded","floor":6,"key":"SMITH"},{"floor":13,"key":"REST"},{"floor":15,"key":"REST"},{"floor":24,"key":"REST"}],"neow_cost":"NONE","seed_source_timestamp":2021163139301475,"circlet_count":0,"master_deck":["AscendersBane","Strike_B","Strike_B","Strike_B","Defend_B","Defend_B","Defend_B","Defend_B","Zap","Dualcast","Coolheaded+1","Rebound","Rainbow","Self Repair","Gash","Gash","Redo","Meteor Strike","Compile Driver","Redo+1"],"relics":["Nuclear Battery","Strawberry","Oddly Smooth Stone","MawBank","Girya","Cursed Key"],"potions_floor_usage":[4,5,10,16],"damage_taken":[{"damage":1,"enemies":"Cultist","floor":1,"turns":4},{"damage":1,"enemies":"2 Louse","floor":3,"turns":4},{"damage":2,"enemies":"Small Slimes","floor":4,"turns":3},{"damage":7,"enemies":"3 Louse","floor":5,"turns":5},{"damage":23,"enemies":"Gremlin Nob","floor":10,"turns":4},{"damage":9,"enemies":"Exordium Wildlife","floor":11,"turns":4},{"damage":16,"enemies":"Lagavulin","floor":12,"turns":7},{"damage":39,"enemies":"Gremlin Nob","floor":14,"turns":5},{"damage":11,"enemies":"Slime Boss","floor":16,"turns":8},{"damage":34,"enemies":"Chosen","floor":18,"turns":5},{"damage":15,"enemies":"Spheric Guardian","floor":19,"turns":4},{"damage":60,"enemies":"3 Cultists","floor":25,"turns":5}],"seed_played":"1616665397399516026","potions_obtained":[{"floor":1,"key":"FearPotion"},{"floor":3,"key":"Explosive Potion"},{"floor":5,"key":"SteroidPotion"},{"floor":14,"key":"SteroidPotion"},{"floor":18,"key":"Regen Potion"}],"is_trial":false,"path_per_floor":["M","$","M","M","M","R","?","$","T","E","M","E","R","E","R","B",null,"M","M","?","?","?","$","R","M"],"character_chosen":"DEFECT","items_purchased":["Rainbow","Self Repair"],"campfire_rested":3,"item_purchase_floors":[8,8],"current_hp_per_floor":[63,63,62,60,53,53,42,42,49,33,31,22,45,13,36,32,67,40,32,32,32,32,32,55,0],"gold":343,"neow_bonus":"BOSS_RELIC","is_prod":false,"is_daily":false,"chose_seed":false,"campfire_upgraded":1,"win_rate":0,"timestamp":1552447577,"path_taken":["M","?","?","M","?","R","?","$","T","E","M","E","R","E","R","BOSS","M","M","?","?","?","$","R","?"],"build_version":"2019-02-06","purchased_purges":2,"victory":false,"max_hp_per_floor":[71,71,71,71,71,71,71,71,78,78,78,78,78,78,78,78,78,78,78,78,78,78,78,78,78],"card_choices":[{"not_picked":["Storm","Turbo","Stack"],"picked":"SKIP","floor":1},{"not_picked":["Double Energy","Rebound","Beam Cell"],"picked":"SKIP","floor":3},{"not_picked":["FTL","Rebound"],"picked":"Coolheaded","floor":4},{"not_picked":["Beam Cell","Storm"],"picked":"Rebound","floor":5},{"not_picked":["Beam Cell","Scrape"],"picked":"Gash","floor":10},{"not_picked":["Fusion","Thunder Strike","Beam Cell"],"picked":"SKIP","floor":11},{"not_picked":["Melter","Heatsinks"],"picked":"Gash","floor":12},{"not_picked":["Reboot","Stack"],"picked":"Redo","floor":14},{"not_picked":["Machine Learning","Hyperbeam"],"picked":"Meteor Strike","floor":16},{"not_picked":["Steam","Turbo"],"picked":"Compile Driver","floor":18},{"not_picked":["Gash","Go for the Eyes+1"],"picked":"Redo+1","floor":19}],"player_experience":2159166,"relics_obtained":[{"floor":9,"key":"Strawberry"},{"floor":10,"key":"Oddly Smooth Stone"},{"floor":12,"key":"MawBank"},{"floor":14,"key":"Girya"}],"event_choices":[{"damage_healed":0,"gold_gain":75,"player_choice":"Gather Gold","damage_taken":11,"max_hp_gain":0,"max_hp_loss":0,"event_name":"World of Goop","floor":7,"gold_loss":0},{"damage_healed":0,"gold_gain":0,"player_choice":"Ignored","damage_taken":0,"max_hp_gain":0,"max_hp_loss":0,"event_name":"The Mausoleum","floor":20,"gold_loss":0},{"damage_healed":0,"gold_gain":50,"player_choice":"Stole From Cult","damage_taken":0,"max_hp_gain":0,"max_hp_loss":0,"event_name":"Nest","floor":21,"gold_loss":0},{"damage_healed":0,"gold_gain":0,"player_choice":"Smashed Altar","damage_taken":0,"max_hp_gain":0,"max_hp_loss":0,"event_name":"Forgotten Altar","floor":22,"gold_loss":0,"cards_obtained":["Decay"]}],"is_beta":true,"boss_relics":[{"not_picked":["Ectoplasm","Lizard Tail"],"picked":"Cursed Key"}],"items_purged_floors":[2,23],"is_endless":false,"potions_floor_spawned":[1,3,5,14,18],"killed_by":"3 Cultists","ascension_level":15}