{"gold_per_floor":[219,219,219,232,248,248,259,259,259,259,270,283,383,402,402,507,507,517,66,84,100,100,100,100],"floor_reached":24,"playtime":1427,"items_purged":[],"score":192,"play_id":"ec225033-7d4a-46e6-8752-01071b381ecf","local_time":"20190314145202","is_ascension_mode":false,"campfire_choices":[{"data":"Thunderclap","floor":6,"key":"SMITH"},{"data":"Anger","floor":8,"key":"SMITH"},{"floor":15,"key":"REST"},{"floor":23,"key":"REST"}],"neow_cost":"NONE","seed_source_timestamp":79266838829360,"circlet_count":0,"master_deck":["Strike_R","Strike_R","Strike_R","Defend_R","Defend_R","Defend_R","Defend_R","Evolve+1","Anger+1","Thunderclap+1","Shrug It Off","Wild Strike","Barricade","Impervious+1","Pummel+1","Cleave+1","Second Wind","Demon Form","Burning Pact","Shrug It Off"],"relics":["Burning Blood","Ancient Tea Set","Astrolabe","Ginger"],"potions_floor_usage":[16,22,22,22],"damage_taken":[{"damage":6,"enemies":"2 Louse","floor":1,"turns":3},{"damage":5,"enemies":"Cultist","floor":4,"turns":4},{"damage":6,"enemies":"Jaw Worm","floor":5,"turns":3},{"damage":34,"enemies":"Exordium Thugs","floor":7,"turns":4},{"damage":9,"enemies":"2 Fungi Beasts","floor":11,"turns":3},{"damage":5,"enemies":"Gremlin Gang","floor":12,"turns":4},{"damage":8,"enemies":"Exordium Wildlife","floor":14,"turns":3},{"damage":42,"enemies":"Hexaghost","floor":16,"turns":9},{"damage":20,"enemies":"2 Thieves","floor":18,"turns":5},{"damage":22,"enemies":"Shell Parasite","floor":20,"turns":6},{"damage":17,"enemies":"Snecko","floor":21,"turns":6},{"damage":13,"enemies":"Snake Plant","floor":22,"turns":6},{"damage":68,"enemies":"Slavers","floor":24,"turns":7}],"seed_played":"-4914882904940267041","potions_obtained":[{"floor":10,"key":"SmokeBomb"},{"floor":10,"key":"Weak Potion"},{"floor":10,"key":"Ancient Potion"},{"floor":12,"key":"BloodPotion"},{"floor":18,"key":"EssenceOfSteel"}],"is_trial":false,"path_per_floor":["?","M","?","M","?","M"],"character_chosen":"IRONCLAD","items_purchased":["Ginger","Demon Form"],"campfire_rested":2,"item_purchase_floors":[19,19],"current_hp_per_floor":[80,80,80,80,80,80,52,52,52,52,49,50,50,48,72,36,80,66,66,50,39,40,64,0],"gold":100,"neow_bonus":"HUNDRED_GOLD","is_prod":false,"is_daily":false,"chose_seed":false,"campfire_upgraded":2,"win_rate":0.0,"timestamp":1552571522,"path_taken":["M","?","$","M","M","R","?","R","T","?","M","?","?","?","R","BOSS","M","$","M","M","M","R","E"],"build_version":"2019-01-23","purchased_purges":0,"victory":false,"max_hp_per_floor":[80,80,80,80,80,80,80,80,80,80,80,80,80,80,80,80,80,80,80,80,80,80,80,80],"card_choices":[{"not_picked":["Wild Strike","Feel No Pain"],"picked":"Evolve","floor":1},{"not_picked":["Flex","Shockwave"],"picked":"Anger","floor":4},{"not_picked":["Cleave","Flex"],"picked":"Thunderclap","floor":5},{"not_picked":["Sever Soul","Warcry","Heavy Blade"],"picked":"SKIP","floor":7},{"not_picked":["Seeing Red","Clothesline"],"picked":"Shrug It Off","floor":11},{"not_picked":["Shockwave","Flex"],"picked":"Wild Strike","floor":12},{"not_picked":["Berserk","Dual Wield","True Grit"],"picked":"SKIP","floor":14},{"not_picked":["Double Tap","Berserk"],"picked":"Barricade","floor":16},{"not_picked":["Evolve","Combust"],"picked":"Second Wind","floor":18},{"not_picked":["True Grit","Heavy Blade"],"picked":"Burning Pact","floor":20},{"not_picked":["Hemokinesis","Blood for Blood+1"],"picked":"Shrug It Off","floor":21}],"player_experience":67595,"relics_obtained":[{"floor":9,"key":"Ancient Tea Set"}],"event_choices":[{"damage_healed":0,"gold_gain":0,"player_choice":"Forge","damage_taken":0,"max_hp_gain":0,"max_hp_loss":0,"event_name":"Accursed Blacksmith","floor":2,"gold_loss":0,"cards_upgraded":["Evolve"]},{"damage_healed":0,"gold_gain":0,"player_choice":"Got Potions","damage_taken":0,"max_hp_gain":0,"max_hp_loss":0,"event_name":"Lab","floor":10,"gold_loss":0},{"damage_healed":0,"gold_gain":100,"player_choice":"Pray","damage_taken":0,"max_hp_gain":0,"max_hp_loss":0,"event_name":"Golden Shrine","floor":13,"gold_loss":0}],"is_beta":false,"boss_relics":[{"not_picked":["White Beast Statue","Velvet Choker"],"picked":"Astrolabe"}],"items_purged_floors":[],"is_endless":false,"potions_floor_spawned":[11,12,14,18,20,21],"killed_by":"Slavers","ascension_level":0}