{"path_per_floor":["M","M","M","?","M","R","?","M","T","R","T","$","E","M","R","B",null,"M","?","?","T","M","R","$","R","T","M","M","R","M","$","R","B",null,"M","$","T","T","$","R","E","M","T","?","$","R","M","M","R"],"character_chosen":"DEFECT","items_purchased":["Orichalcum","Self Repair","Singing Bowl","Ball Lightning","Doom and Gloom","Molten Egg 2","Lockon+1"],"gold_per_floor":[115,133,145,145,160,160,160,176,225,225,225,70,102,114,114,219,219,229,229,259,259,269,269,144,144,144,164,183,183,196,71,71,169,199,211,138,191,217,17,17,43,53,126,126,61,61,72,89,89,89],"floor_reached":50,"campfire_rested":5,"playtime":2916,"item_purchase_floors":[12,24,31,36,36,39,45],"current_hp_per_floor":[73,71,71,56,54,54,42,37,37,37,37,37,30,29,66,52,75,47,47,47,47,38,38,38,75,75,53,47,47,46,46,75,19,82,74,74,74,74,74,74,51,41,41,41,41,81,73,67,90,0],"items_purged":["Writhe"],"gold":89,"score":520,"play_id":"29b6c861-634b-4e00-b36c-387ba33482d0","local_time":"20180603220027","is_prod":false,"is_daily":false,"chose_seed":false,"is_ascension_mode":false,"campfire_upgraded":5,"win_rate":0.0,"timestamp":1528056027,"campfire_choices":[{"data":"Doom and Gloom","floor":6,"key":"SMITH"},{"data":"Chaos","floor":10,"key":"SMITH"},{"floor":15,"key":"REST"},{"data":"Redo","floor":23,"key":"SMITH"},{"floor":25,"key":"REST"},{"data":"Electrodynamics","floor":29,"key":"SMITH"},{"floor":32,"key":"REST"},{"data":"Dualcast","floor":40,"key":"SMITH"},{"floor":46,"key":"REST"},{"floor":49,"key":"REST"}],"path_taken":["M","M","M","?","?","R","?","M","T","R","?","$","E","M","R","BOSS","M","?","?","?","M","R","?","R","T","M","?","R","M","$","R","BOSS","M","$","?","?","?","R","E","M","T","?","?","R","M","?","R","BOSS"],"build_version":"2018-05-31","seed_source_timestamp":539577028735690,"purchased_purges":1,"victory":false,"master_deck":["Strike_B","Strike_B","Strike_B","Strike_B","Defend_B+1","Defend_B","Defend_B+1","Zap","Dualcast+1","Redo+1","Go for the Eyes","Stack+1","Doom and Gloom+1","Chaos+1","Coolheaded","Seek","Redo","Double Energy","Self Repair","Ball Lightning","Electrodynamics+1","Hologram+1","Reboot","Ball Lightning","Doom and Gloom","Barrage+1","Lockon+1"],"max_hp_per_floor":[75,75,75,75,75,75,75,75,75,75,75,75,75,75,75,75,75,75,75,75,75,75,75,75,75,75,75,75,75,75,75,75,75,82,84,84,84,84,84,84,84,86,86,86,86,86,88,90,90,90],"relics":["Cracked Core","Centennial Puzzle","Ancient Tea Set","Ornamental Fan","Orichalcum","Regal Pillow","Sozu","Tiny Chest","The Courier","Boot","Singing Bowl","Tiny House","Bag of Marbles","Oddly Smooth Stone","Molten Egg 2","Lantern","Matryoshka"],"card_choices":[{"not_picked":["Blizzard","Self Repair"],"picked":"Redo","floor":1},{"not_picked":["Cold Snap","Compile Driver"],"picked":"Go for the Eyes","floor":2},{"not_picked":["Defragment","Steam Power"],"picked":"Stack","floor":3},{"not_picked":["Streamline","Sweeping Beam"],"picked":"Doom and Gloom","floor":5},{"not_picked":["Genetic Algorithm","Go for the Eyes"],"picked":"Chaos","floor":8},{"not_picked":["Steam","Doom and Gloom"],"picked":"Coolheaded","floor":13},{"not_picked":["Steam","Sweeping Beam","Streamline"],"picked":"SKIP","floor":14},{"not_picked":["Rainbow","Electrodynamics"],"picked":"Seek","floor":16},{"not_picked":["Stack","Barrage","Coolheaded+1"],"picked":"SKIP","floor":18},{"not_picked":["Melter","Barrage"],"picked":"Double Energy","floor":22},{"not_picked":["Leap","Steam Power+1"],"picked":"Ball Lightning","floor":27},{"not_picked":["Ball Lightning","Conserve Battery"],"picked":"Electrodynamics","floor":28},{"not_picked":["Storm","Go for the Eyes"],"picked":"Hologram+1","floor":30},{"not_picked":["Amplify","Biased Cognition"],"picked":"Reboot","floor":33},{"not_picked":["Go for the Eyes","Chill","FTL+1"],"picked":"Singing Bowl","floor":34},{"not_picked":["Streamline","Scrape","Conserve Battery+1"],"picked":"Singing Bowl","floor":35},{"not_picked":["Hologram","Sweeping Beam+1"],"picked":"Barrage+1","floor":41},{"not_picked":["Conserve Battery","Auto Shields","Consume"],"picked":"Singing Bowl","floor":42},{"not_picked":["Loop","Compile Driver+1","Beam Cell+1"],"picked":"Singing Bowl","floor":47},{"not_picked":["Gash+1","Steam","Compile Driver+1"],"picked":"Singing Bowl","floor":48}],"player_experience":185961,"potions_floor_usage":[50,50,50],"damage_taken":[{"damage":2,"enemies":"Jaw Worm","floor":1,"turns":4},{"damage":2,"enemies":"2 Louse","floor":2,"turns":3},{"damage":0,"enemies":"Cultist","floor":3,"turns":2},{"damage":2,"enemies":"Exordium Thugs","floor":5,"turns":5},{"damage":5,"enemies":"3 Louse","floor":8,"turns":2},{"damage":7,"enemies":"Lagavulin","floor":13,"turns":5},{"damage":1,"enemies":"Large Slime","floor":14,"turns":5},{"damage":14,"enemies":"Slime Boss","floor":16,"turns":11},{"damage":28,"enemies":"2 Thieves","floor":18,"turns":4},{"damage":9,"enemies":"Spheric Guardian","floor":22,"turns":5},{"damage":29,"enemies":"Cultist and Chosen","floor":27,"turns":7},{"damage":13,"enemies":"Snake Plant","floor":28,"turns":3},{"damage":8,"enemies":"Snecko","floor":30,"turns":5},{"damage":63,"enemies":"Automaton","floor":33,"turns":11},{"damage":10,"enemies":"3 Shapes","floor":35,"turns":3},{"damage":30,"enemies":"Nemesis","floor":41,"turns":8},{"damage":12,"enemies":"3 Darklings","floor":42,"turns":4},{"damage":10,"enemies":"Sphere and 2 Shapes","floor":47,"turns":4},{"damage":8,"enemies":"4 Shapes","floor":48,"turns":2},{"damage":107,"enemies":"Donu and Deca","floor":50,"turns":6}],"relics_obtained":[{"floor":9,"key":"Ancient Tea Set"},{"floor":11,"key":"Ornamental Fan"},{"floor":13,"key":"Regal Pillow"},{"floor":21,"key":"The Courier"},{"floor":26,"key":"Boot"},{"floor":37,"key":"Bag of Marbles"},{"floor":38,"key":"Oddly Smooth Stone"},{"floor":41,"key":"Lantern"},{"floor":43,"key":"Matryoshka"}],"event_choices":[{"event_name":"Shining Light","player_choice":"Entered Light","floor":4,"damage_taken":0},{"event_name":"Scrap Ooze","player_choice":"success","floor":7,"damage_taken":12},{"event_name":"Duplicator","player_choice":"One dupe","floor":19,"damage_taken":0},{"event_name":"The Mausoleum","player_choice":"Yes","floor":20,"damage_taken":0}],"boss_relics":[{"not_picked":["Cursed Key","Ectoplasm"],"picked":"Sozu"},{"not_picked":["Orrery","Astrolabe"],"picked":"Tiny House"}],"items_purged_floors":[24],"potions_floor_spawned":[1,2,3,16,18,22,28,48],"seed_played":"-8111506721823524987","killed_by":"Donu and Deca","ascension_level":0,"potions_obtained":[{"floor":1,"key":"SpeedPotion"},{"floor":2,"key":"Swift Potion"},{"floor":3,"key":"EssenceOfSteel"},{"floor":16,"key":"SneckoOil"}],"is_trial":false}