{"gold_per_floor":[112,60,72,72,86,86,86,102,102,119,44,119,119,133,133,233,233,253,108,127,127,82,82,82,82,82,82,98,48,66,80,80,80],"floor_reached":33,"playtime":900,"items_purged":["Defend_R","Regret"],"score":237,"play_id":"619781a2-4faf-4972-827b-454bfcd109d2","local_time":"20190313003454","is_ascension_mode":false,"campfire_choices":[{"data":"Perfected Strike","floor":6.0,"key":"SMITH"},{"data":"Armaments","floor":15.0,"key":"SMITH"},{"data":"Pommel Strike","floor":23.0,"key":"SMITH"},{"data":"Flex","floor":25.0,"key":"SMITH"},{"data":"Bash","floor":27.0,"key":"SMITH"},{"data":"Pommel Strike","floor":32.0,"key":"SMITH"}],"neow_cost":"NONE","seed_source_timestamp":29930380141161,"circlet_count":0,"master_deck":["Strike_R","Strike_R","Strike_R","Strike_R","Strike_R","Defend_R","Defend_R","Bash+1","Twin Strike","Perfected Strike+1","Headbutt","Wild Strike","Armaments+1","Cleave","Flex+1","Wild Strike","Twin Strike","Pommel Strike+1","Shame","Twin Strike+1","Pommel Strike+1","Shrug It Off","Shrug It Off"],"special_seed":0,"relics":["Burning Blood","Art of War","Blue Candle","Red Skull","Boot","White Beast Statue","Regal Pillow","Darkstone Periapt"],"potions_floor_usage":[33,33,33],"damage_taken":[{"damage":11.0,"enemies":"Small Slimes","floor":1.0,"turns":5.0},{"damage":0.0,"enemies":"2 Louse","floor":3.0,"turns":2.0},{"damage":6.0,"enemies":"Jaw Worm","floor":5.0,"turns":3.0},{"damage":7.0,"enemies":"Large Slime","floor":8.0,"turns":3.0},{"damage":0.0,"enemies":"2 Fungi Beasts","floor":10.0,"turns":2.0},{"damage":6.0,"enemies":"3 Louse","floor":14.0,"turns":2.0},{"damage":27.0,"enemies":"Slime Boss","floor":16.0,"turns":8.0},{"damage":35.0,"enemies":"Shell Parasite","floor":18.0,"turns":5.0},{"damage":14.0,"enemies":"3 Byrds","floor":20.0,"turns":5.0},{"damage":24.0,"enemies":"3 Cultists","floor":28.0,"turns":5.0},{"damage":21.0,"enemies":"Snecko","floor":30.0,"turns":4.0},{"damage":17.0,"enemies":"Shelled Parasite and Fungi","floor":31.0,"turns":4.0},{"damage":36,"enemies":"Champ","floor":33,"turns":8}],"seed_played":"6726972373299195790","potions_obtained":[{"floor":3.0,"key":"PowerPotion"},{"floor":5.0,"key":"Explosive Potion"},{"floor":10.0,"key":"BloodPotion"},{"floor":18.0,"key":"Regen Potion"},{"floor":20.0,"key":"Energy Potion"},{"floor":28.0,"key":"PowerPotion"},{"floor":30.0,"key":"Dexterity Potion"},{"floor":31.0,"key":"EssenceOfSteel"}],"is_trial":false,"path_per_floor":["M","$","M","?","M","R","?","M","T","M","$","?","?","M","R","B",null,"M","$","M","?","$","R","?","R","T","R","M","$","M","M","R","B"],"character_chosen":"IRONCLAD","items_purchased":["Perfected Strike","Wild Strike","Pommel Strike","Pommel Strike"],"campfire_rested":0,"item_purchase_floors":[2,19,22,29],"current_hp_per_floor":[75,75,80,73,73,73,73,72,72,78,78,67,67,67,67,46,80,59,59,65,65,65,65,65,65,65,65,47,47,32,21,21,0],"gold":80,"neow_bonus":"RANDOM_COMMON_RELIC","is_prod":false,"is_daily":false,"chose_seed":false,"campfire_upgraded":6,"win_rate":0,"timestamp":1552404894,"path_taken":["M","$","M","?","M","R","?","?","T","M","$","?","?","M","R","BOSS","M","$","M","?","$","R","?","R","T","R","M","?","?","M","R","BOSS"],"build_version":"2019-01-23","purchased_purges":2,"victory":false,"max_hp_per_floor":[80,80,80,80,80,80,80,80,80,80,80,80,80,80,80,80,80,80,80,80,80,80,80,80,80,80,80,80,80,80,80,80,80],"card_choices":[{"not_picked":["Warcry","Dual Wield"],"picked":"Twin Strike","floor":1.0},{"not_picked":["Shockwave","Sword Boomerang"],"picked":"Headbutt","floor":3.0},{"not_picked":["Flex","Dual Wield"],"picked":"Wild Strike","floor":5.0},{"not_picked":["Sever Soul","Fire Breathing","Sword Boomerang"],"picked":"SKIP","floor":8.0},{"not_picked":["Shockwave","Body Slam"],"picked":"Armaments","floor":10.0},{"not_picked":["Bloodletting","Armaments"],"picked":"Cleave","floor":14.0},{"not_picked":["Iron Wave+1","Spot Weakness"],"picked":"Flex","floor":18.0},{"not_picked":["Hemokinesis+1","Infernal Blade+1","Clothesline"],"picked":"SKIP","floor":20.0},{"not_picked":["Demon Form","Thunderclap"],"picked":"Twin Strike+1","floor":28.0},{"not_picked":["Havoc","Clothesline+1"],"picked":"Shrug It Off","floor":30.0},{"not_picked":["Seeing Red","Rupture+1"],"picked":"Shrug It Off","floor":31.0}],"player_experience":338151,"relics_obtained":[{"floor":9.0,"key":"Red Skull"},{"floor":26.0,"key":"Darkstone Periapt"}],"event_choices":[{"cards_removed":["Defend_R"],"damage_healed":0.0,"max_hp_gain":0.0,"max_hp_loss":0.0,"gold_gain":0.0,"event_name":"Golden Wing","player_choice":"Card Removal","floor":4.0,"gold_loss":0.0,"damage_taken":7.0},{"damage_healed":0.0,"max_hp_gain":0.0,"max_hp_loss":0.0,"gold_gain":0.0,"event_name":"Dead Adventurer","player_choice":"Searched \u00271\u0027 times","floor":7.0,"gold_loss":0.0,"damage_taken":0.0,"relics_obtained":["Blue Candle"]},{"damage_healed":0.0,"max_hp_gain":0.0,"max_hp_loss":0.0,"gold_gain":75.0,"event_name":"World of Goop","player_choice":"Gather Gold","floor":12.0,"gold_loss":0.0,"damage_taken":11.0},{"damage_healed":0.0,"max_hp_gain":0.0,"max_hp_loss":0.0,"gold_gain":0.0,"event_name":"Big Fish","player_choice":"Box","floor":13.0,"gold_loss":0.0,"damage_taken":0.0,"relics_obtained":["Boot"],"cards_obtained":["Regret"]},{"damage_healed":0.0,"max_hp_gain":0.0,"max_hp_loss":0.0,"gold_gain":0.0,"event_name":"The Library","player_choice":"Read","floor":21.0,"gold_loss":0.0,"damage_taken":0.0,"cards_obtained":["Twin Strike"]},{"damage_healed":0.0,"max_hp_gain":0.0,"max_hp_loss":0.0,"gold_gain":0.0,"event_name":"Addict","player_choice":"Stole Relic","floor":24.0,"gold_loss":0.0,"damage_taken":0.0,"relics_obtained":["Regal Pillow"],"cards_obtained":["Shame"]}],"is_beta":false,"boss_relics":[{"not_picked":["Pandora\u0027s Box","Lizard Tail"],"picked":"White Beast Statue"}],"items_purged_floors":[11,19],"is_endless":false,"potions_floor_spawned":[3,5,10,18,20,28,30,31],"killed_by":"Champ","ascension_level":0}